,fiscalDateEnding,reportedCurrency_x,totalRevenue,totalOperatingExpense,costOfRevenue,grossProfit,ebit,netIncome_x,researchAndDevelopment,effectOfAccountingCharges,incomeBeforeTax,minorityInterest,sellingGeneralAdministrative,otherNonOperatingIncome,operatingIncome,otherOperatingExpense,interestExpense,taxProvision,interestIncome,netInterestIncome,extraordinaryItems,nonRecurring,otherItems,incomeTaxExpense,totalOtherIncomeExpense,discontinuedOperations,netIncomeFromContinuingOperations,netIncomeApplicableToCommonShares,preferredStockAndOtherAdjustments,reportedCurrency_y,totalAssets,intangibleAssets,earningAssets,otherCurrentAssets,totalLiabilities,totalShareholderEquity,deferredLongTermLiabilities,otherCurrentLiabilities,commonStock,retainedEarnings,otherLiabilities,goodwill,otherAssets,cash,totalCurrentLiabilities,shortTermDebt,currentLongTermDebt,otherShareholderEquity,propertyPlantEquipment,totalCurrentAssets,longTermInvestments,netTangibleAssets,shortTermInvestments,netReceivables,longTermDebt,inventory,accountsPayable,totalPermanentEquity,additionalPaidInCapital,commonStockTotalEquity,preferredStockTotalEquity,retainedEarningsTotalEquity,treasuryStock,accumulatedAmortization,otherNonCurrrentAssets,deferredLongTermAssetCharges,totalNonCurrentAssets,capitalLeaseObligations,totalLongTermDebt,otherNonCurrentLiabilities,totalNonCurrentLiabilities,negativeGoodwill,warrants,preferredStockRedeemable,capitalSurplus,liabilitiesAndShareholderEquity,cashAndShortTermInvestments,accumulatedDepreciation,commonStockSharesOutstanding,reportedCurrency,investments,changeInLiabilities,cashflowFromInvestment,otherCashflowFromInvestment,netBorrowings,cashflowFromFinancing,otherCashflowFromFinancing,changeInOperatingActivities,netIncome_y,changeInCash,operatingCashflow,otherOperatingCashflow,depreciation,dividendPayout,stockSaleAndPurchase,changeInInventory,changeInAccountReceivables,changeInNetIncome,capitalExpenditures,changeInReceivables,changeInExchangeRate,changeInCashAndCashEquivalents,clossingVal,nextClossingVal
0,2020-06-30,USD,125596000,102016000,87465000,38131000,29918000,17804000,None,None,22243000,None,14058000,51000,23580000,-125596000,None,4439000,19000,19000,None,None,None,4439000,-1356000,None,17804000,17804000,None,USD,429807000,155000,None,1943000,107112000,322695000,20358000,None,209000,316035000,28792000,3229000,555000,61284000,76620000,None,None,None,206093000,219775000,555000,319311000,None,56394000,6340000,85411000,19698000,None,None,209000,None,316035000,None,None,1665000,None,210032000,None,6340000,3794000,30492000,None,None,None,6451000,429807000,70845000,-190585000,52234119,USD,-11620000,395000,-11620000,13000,None,5155000,-149000,-3716000,17804000,18700000,25165000,340000,6338000,None,-4372000,-12637000,13718000,8407000,11633000,13718000,None,18700000,54.29,
1,2020-03-31,USD,137483000,109276000,94536000,42947000,34209000,21853000,None,None,27829000,None,14278000,34000,28207000,-137483000,None,5976000,61000,61000,None,None,None,5976000,-439000,None,21853000,21853000,None,USD,395620000,213000,None,2045000,89297000,306323000,15130000,None,208000,306115000,23512000,3229000,542000,35677000,64185000,None,None,None,194670000,196966000,542000,302881000,None,69894000,6330000,72855000,13501000,None,None,208000,None,306115000,None,None,1641000,None,198654000,None,6330000,3652000,25112000,None,None,None,None,395620000,52145000,-184636000,52044110,USD,-21804000,2971000,-21804000,12000,None,-8021000,-953000,5571000,21853000,7772000,37597000,-447000,6002000,None,-11565000,1020000,-2789000,2187000,21877000,-2789000,None,7772000,48.32,54.29
2,2019-12-31,USD,122574000,100985000,86502000,36072000,26728000,16021000,None,None,21417000,None,14051000,-79000,21589000,-122574000,-66000,5396000,17000,17000,None,None,None,5396000,-189000,None,16021000,16021000,None,USD,371424000,272000,None,1375000,81284000,290140000,15297000,17633000,208000,286301000,25256000,3229000,597000,26797000,56028000,None,None,None,179777000,187549000,597000,286639000,None,67399000,6320000,73601000,11759000,None,None,208000,None,286301000,None,None,1683000,None,183875000,None,6320000,3639000,25256000,None,None,None,3631000,371424000,44373000,-179242000,52078515,USD,-6322000,-340000,-6322000,12000,6614000,-5020000,-301000,2118000,16021000,16000000,27342000,-4506000,5139000,-8342000,-4149000,6571000,-11316000,6247000,6335000,15508000,None,-179850000,49.41,48.32
3,2019-09-30,USD,113500000,98991000,86115000,27385000,20376000,13827000,None,None,14387000,None,12476000,2000,14509000,-113500000,None,560000,9000,9000,None,None,None,560000,-131000,None,13827000,13827000,None,USD,352152000,331000,None,1559000,72585000,279567000,15034000,15169000,209000,276678000,18703000,3229000,594000,28373000,53882000,None,None,None,177462000,170536000,594000,276007000,None,56083000,None,80623000,11118000,None,None,209000,None,276678000,None,None,1724000,None,181616000,None,None,3669000,18703000,None,None,None,2680000,352152000,28373000,-175357000,52119295,USD,-10027000,3465000,-10027000,11000,6614000,-9994000,-301000,15000,13827000,14690000,34711000,235000,5867000,-8303000,-5246000,-3429000,12887000,2703000,14047000,12887000,None,14690000,45.94,49.41
4,2019-06-30,USD,119437000,101981000,89262000,30175000,23302000,12961000,None,None,16736000,None,12338000,48000,17456000,-119437000,None,3775000,31000,31000,None,None,None,3775000,-751000,None,12961000,12961000,None,USD,342251000,389000,None,5696000,77682000,264569000,14938000,22294000,209000,262774000,18729000,3229000,608000,13683000,58953000,None,None,None,167631000,168630000,608000,260951000,4000000,68933000,None,77044000,7885000,None,None,209000,None,262774000,None,None,1764000,None,173621000,None,None,3791000,18729000,None,None,None,1586000,342251000,13683000,-171232000,52118180,USD,-11994000,9549000,-11994000,7000,6614000,-2425000,-392000,4812000,12961000,6540000,20959000,38000,5846000,-8303000,-5708000,-3263000,-10258000,6086000,8012000,-10258000,None,6540000,50.18,45.94
5,2019-03-31,USD,-284000,-102821000,88029000,25793000,14491000,10902000,None,None,14491000,None,11001000,-17000,14508000,-113822000,None,2695000,9000,9000,None,None,None,3589000,-540000,None,10902000,10902000,None,USD,319525000,447000,None,1607000,60155000,259370000,12713000,13149000,208000,258193000,16155000,3229000,603000,7143000,44000000,None,None,None,166652000,146798000,603000,255694000,None,63471000,None,74577000,44000000,None,None,208000,None,258193000,None,None,1796000,None,172727000,None,None,3442000,16155000,None,None,None,969000,319525000,7143000,-167863000,52099274,USD,17000,-3971000,-8703000,52000,6614000,-1061000,-588000,-150000,10902000,5149000,14913000,-542000,5914000,-8303000,-473000,2678000,-4725000,4657000,8772000,-4725000,None,5149000,46.18,50.18
6,2018-12-31,USD,-99079000,-200162000,84545000,27795000,16309000,12536000,13500000,0,16505000,0,11260000,-229000,16538000,-211422000,-196000,None,None,None,0,0,0,3969000,-158000,0,12536000,12536000,None,USD,308197000,506000,None,1046000,60698000,247499000,12481000,13938000,208000,247291000,12627000,3229000,598000,1994000,48071000,None,None,None,163003000,140861000,598000,243764000,None,60209000,None,77612000,48071000,None,None,208000,None,247291000,None,None,None,None,167336000,None,None,146000,12627000,None,None,None,None,308197000,1994000,-166880000,51991242,USD,3431000,-6573000,493000,2000,None,-16428000,-237000,-1866000,12536000,-5271000,10664000,-2607000,4792000,-8328000,-7850000,1473000,-2978000,4021000,2940000,-2978000,None,-5271000,35.06,46.18
7,2018-09-30,USD,-2000,-99747000,80174000,32763000,19612000,14085000,0,0,19612000,0,13190000,41000,19571000,-112937000,0,None,None,None,0,0,0,5527000,-63000,0,14085000,14085000,None,USD,314024000,564000,None,3470000,62757000,249629000,8841000,15303000,209000,249420000,10679000,3229000,639000,7265000,53716000,None,None,None,164896000,144696000,639000,247474000,1252000,53527000,0,79182000,53716000,249629000,0,209000,0,249420000,0,None,None,None,169328000,None,None,200000,9041000,None,None,None,None,314024000,8517000,-162294000,52209643,USD,5076000,-5816000,-3327000,16000,None,-13208000,-52000,294000,14085000,-8589000,7946000,-557000,4430000,-8400000,-4757000,-8471000,2233000,2042000,8403000,2233000,None,-8589000,37.8,35.06
8,2018-06-30,USD,4000,-96502000,82003000,27585000,14582000,11691000,0,0,14582000,0,13086000,79000,14503000,-109588000,0,None,None,None,0,0,0,2891000,-122000,0,11691000,11691000,None,USD,320271000,622000,None,6973000,80288000,238437000,8415000,23611000,209000,238228000,10161000,3229000,634000,15854000,71673000,None,None,None,161121000,154665000,634000,236132000,2955000,58416000,0,70467000,71673000,238437000,0,209000,0,238228000,0,None,None,None,165606000,None,None,200000,8615000,None,None,None,None,320271000,18809000,-157927000,52290064,USD,6466000,9586000,-11380000,-372000,None,-6441000,-240000,3914000,11691000,7681000,25502000,-1149000,4312000,-8400000,-6200000,-2047000,810000,2299000,17474000,810000,None,7681000,33.25,37.8
9,2018-03-31,USD,99089000,10219000,83692000,15390000,5240000,4260000,0,0,5240000,0,10219000,62000,5178000,0,0,None,None,None,0,0,0,980000,-429000,0,4260000,4260000,None,USD,306945000,3677000,None,7230000,67334000,239611000,9842000,12925000,210000,239401000,10042000,3677000,653000,8173000,57292000,None,None,None,147928000,154687000,653000,235934000,8942000,61662000,0,68680000,57292000,239611000,0,210000,0,239401000,0,None,None,None,152258000,None,None,200000,10042000,None,None,None,None,306945000,17115000,-153783000,52394349,USD,-5976000,273000,-20421000,-5994000,None,-3607000,-568000,-4636000,4260000,-13284000,10744000,-703000,4134000,-8400000,-3039000,3447000,-2897000,2230000,8451000,-2897000,None,-13284000,39.0,33.25
10,2017-12-31,USD,104161000,13714000,73085000,31075000,17152000,15770000,13000000,0,17450000,0,13714000,-210000,17362000,0,-298000,None,None,None,0,0,0,1680000,-380000,0,15770000,15770000,None,USD,296780000,0,None,3398000,59554000,237226000,9489000,39098000,210000,237016000,1512000,0,678000,21457000,50065000,None,None,None,142375000,153727000,678000,237226000,6077000,52009000,0,70786000,50065000,237226000,0,210000,0,237016000,0,None,None,None,143053000,None,None,None,9489000,None,None,None,None,296780000,27534000,-149963000,52422801,USD,7429000,-9596000,-7846000,2000,None,-10341000,-421000,6451000,15770000,-2058000,16129000,4828000,3990000,-6835000,-3044000,-4879000,-7516000,-989000,15277000,7005000,None,-2058000,36.7,39.0
11,2017-09-30,USD,113669000,13034000,78010000,35658000,22750000,14717000,0,0,22750000,0,13034000,125000,22625000,0,0,None,None,None,0,0,0,8033000,0,0,14717000,14717000,None,USD,303138000,0,None,5797000,72840000,230298000,12225000,37893000,210000,230088000,1547000,0,689000,23515000,60615000,None,None,None,138308000,164141000,689000,230298000,11342000,57370000,0,66117000,60615000,230298000,0,210000,0,230088000,0,None,None,None,138997000,None,None,None,12225000,None,None,None,None,303138000,34857000,-146513000,52513061,USD,1882000,4606000,-7706000,1000,None,-10436000,-127000,6650000,14717000,-10037000,8105000,126000,3754000,-6828000,-3481000,-2836000,14521000,2005000,9589000,-14267000,None,-10037000,34.475,36.7
12,2017-06-30,USD,101278000,11971000,69648000,31678000,19764000,13794000,0,0,19764000,0,11971000,105000,19659000,0,0,None,None,None,0,0,0,5970000,0,0,13794000,13794000,None,USD,285011000,0,None,6408000,67264000,217747000,11437000,41142000,210000,217537000,2119000,0,667000,33552000,55250000,None,None,None,124628000,159716000,667000,217747000,12732000,43949000,0,63075000,55250000,217747000,0,210000,0,217537000,0,None,None,None,125295000,None,None,577000,12014000,None,None,None,None,285011000,46284000,-142839000,52615921,USD,-7993000,10376000,-18769000,0,None,-2896000,-506000,3112000,13794000,1929000,23594000,35000,3656000,0,-2390000,-7287000,254000,1714000,10776000,1306000,None,1929000,36.85,34.475
13,2017-03-31,USD,86079000,10530000,61092000,24986000,14528000,10217000,0,0,14528000,0,10530000,71000,14457000,0,0,None,None,None,0,0,0,4311000,0,0,10217000,10217000,None,USD,265283000,0,None,4049000,53488000,211795000,11797000,31186000,210000,211585000,2115000,0,656000,31623000,41122000,None,None,None,118417000,146210000,656000,211795000,7139000,47411000,0,55988000,41122000,211795000,0,210000,0,211585000,0,None,None,None,119073000,None,None,569000,12366000,None,None,None,None,265283000,38762000,-139272000,52622539,USD,9333000,4268000,3269000,7000,None,-5965000,-560000,2917000,10217000,7470000,10166000,-320000,3654000,0,-5405000,-8696000,1560000,2603000,6071000,-1560000,None,7470000,35.35,36.85
14,2016-12-31,USD,91668000,8632000,65158000,26510000,17645000,12547000,12000000,0,17937000,0,8632000,-233000,17878000,0,-292000,None,None,None,0,0,0,5390000,47000,0,12547000,12547000,None,USD,256530000,0,None,6128000,50632000,205898000,11029000,31940000,211000,205687000,2059000,0,657000,24153000,39042000,None,None,None,114892000,140981000,657000,205898000,14083000,49265000,0,47352000,39042000,205898000,0,211000,0,205687000,0,None,None,None,115549000,None,None,561000,11590000,None,None,None,None,256530000,38236000,-137146000,52651448,USD,7135000,-6612000,4158000,52000,None,-11483000,-264000,-5553000,11420000,9591000,16916000,-1340000,3521000,-6856000,-4363000,-4156000,7048000,3695000,2977000,10388000,None,9591000,33.05,35.35
15,2016-09-30,USD,104568000,10400000,71476000,33092000,22762000,15682000,0,0,22762000,0,10400000,70000,22692000,0,0,None,None,None,0,0,0,7080000,0,0,15682000,15682000,None,USD,257277000,0,None,7052000,52501000,204776000,8610000,36110000,211000,204565000,1976000,0,679000,14562000,43338000,None,None,None,115234000,141364000,679000,204776000,20518000,55831000,0,43401000,43338000,204776000,0,211000,0,204565000,0,None,None,None,115913000,None,None,553000,9163000,None,None,None,None,257277000,35080000,-133659000,52783642,USD,5573000,-6269000,-2202000,27000,None,-13980000,-1688000,-1540000,16809000,2353000,18535000,256000,3266000,-5820000,-6472000,-3388000,3340000,2784000,7802000,5077000,None,2353000,28.82,33.05
16,2016-06-30,USD,102331000,10561000,69572000,32747000,22275000,14341000,0,0,22275000,0,10561000,77000,22198000,0,0,None,None,None,0,0,0,7934000,0,0,14341000,14341000,None,USD,257527000,0,None,10915000,62543000,194984000,8150000,43884000,212000,194772000,2437000,0,935000,12209000,53251000,None,None,None,111863000,144729000,695000,194984000,22303000,59177000,0,40125000,53251000,194984000,0,212000,0,194772000,0,None,240000,None,112798000,None,None,1142000,9292000,None,None,None,None,257527000,34512000,-130505000,53008136,USD,-6475000,8497000,-14975000,-7000,None,-3288000,384000,573000,14341000,-5039000,13224000,1393000,3243000,0,-3672000,2183000,8417000,-116000,8493000,-16317000,None,-5039000,27.51,28.82
17,2016-03-31,USD,85430000,8913000,59691000,25731000,17017000,10806000,0,0,17017000,0,8913000,191000,16826000,0,0,None,None,None,0,0,0,6211000,0,0,10806000,10806000,None,USD,236669000,0,None,13243000,47999000,188670000,8830000,33148000,212000,188458000,2284000,0,701000,17248000,38039000,None,None,None,105777000,130191000,701000,188670000,15195000,42026000,0,42479000,38039000,0,0,212000,0,188458000,0,None,None,None,106478000,None,None,1130000,9960000,None,None,None,None,236669000,32443000,-127417000,53059669,USD,3418000,-15000,-3906000,8000,None,-2002000,745000,4784000,10806000,9340000,15248000,-1957000,3254000,0,-2747000,-4117000,7900000,-623000,7332000,7900000,None,9340000,28.0,27.51
18,2015-12-31,USD,97229000,9859000,67648000,29581000,19617000,12948000,7500000,0,19778000,0,9859000,-105000,19722000,0,-161000,None,None,None,0,0,0,6830000,-356000,0,12948000,12948000,None,USD,232854000,0,None,10613000,53936000,178918000,9404000,37235000,212000,178706000,1817000,0,7580000,7908000,43413000,None,None,None,101061000,124213000,5700000,178918000,12444000,54749000,0,38499000,43413000,0,0,212000,0,178706000,0,None,1880000,None,108641000,None,None,1119000,10523000,None,None,None,None,232854000,20352000,-124348000,53012363,USD,2729000,1465000,-5463000,54000,None,-33216000,228000,4928000,12948000,-21955000,16724000,-2079000,3252000,-5892000,-27552000,2264000,-5884000,3073000,8192000,-4199000,None,-21955000,23.22,28.0
19,2015-09-30,USD,94394000,10062000,64175000,30185000,20113000,13251000,0,0,20113000,0,10062000,-44000,20157000,0,0,None,None,None,0,0,0,6862000,0,0,13251000,13251000,None,USD,255098000,0,None,11563000,56727000,198371000,13378000,34482000,217000,198154000,1797000,0,13882000,29863000,42241000,None,None,None,96296000,144920000,11762000,198371000,8266000,54176000,0,41052000,42241000,0,0,217000,0,198154000,0,None,2120000,None,110178000,None,None,1108000,14486000,None,None,None,None,255098000,38129000,-121215000,54139246,USD,-19410000,228000,-22848000,33000,None,-9086000,-235000,None,13251000,-7737000,24197000,1263000,3050000,-5965000,-2886000,6300000,1685000,504000,3471000,-399000,None,-7737000,19.38,23.22
