,fiscalDateEnding,reportedCurrency_x,totalRevenue,totalOperatingExpense,costOfRevenue,grossProfit,ebit,netIncome_x,researchAndDevelopment,effectOfAccountingCharges,incomeBeforeTax,minorityInterest,sellingGeneralAdministrative,otherNonOperatingIncome,operatingIncome,otherOperatingExpense,interestExpense,taxProvision,interestIncome,netInterestIncome,extraordinaryItems,nonRecurring,otherItems,incomeTaxExpense,totalOtherIncomeExpense,discontinuedOperations,netIncomeFromContinuingOperations,netIncomeApplicableToCommonShares,preferredStockAndOtherAdjustments,reportedCurrency_y,totalAssets,intangibleAssets,earningAssets,otherCurrentAssets,totalLiabilities,totalShareholderEquity,deferredLongTermLiabilities,otherCurrentLiabilities,commonStock,retainedEarnings,otherLiabilities,goodwill,otherAssets,cash,totalCurrentLiabilities,shortTermDebt,currentLongTermDebt,otherShareholderEquity,propertyPlantEquipment,totalCurrentAssets,longTermInvestments,netTangibleAssets,shortTermInvestments,netReceivables,longTermDebt,inventory,accountsPayable,totalPermanentEquity,additionalPaidInCapital,commonStockTotalEquity,preferredStockTotalEquity,retainedEarningsTotalEquity,treasuryStock,accumulatedAmortization,otherNonCurrrentAssets,deferredLongTermAssetCharges,totalNonCurrentAssets,capitalLeaseObligations,totalLongTermDebt,otherNonCurrentLiabilities,totalNonCurrentLiabilities,negativeGoodwill,warrants,preferredStockRedeemable,capitalSurplus,liabilitiesAndShareholderEquity,cashAndShortTermInvestments,accumulatedDepreciation,commonStockSharesOutstanding,reportedCurrency,investments,changeInLiabilities,cashflowFromInvestment,otherCashflowFromInvestment,netBorrowings,cashflowFromFinancing,otherCashflowFromFinancing,changeInOperatingActivities,netIncome_y,changeInCash,operatingCashflow,otherOperatingCashflow,depreciation,dividendPayout,stockSaleAndPurchase,changeInInventory,changeInAccountReceivables,changeInNetIncome,capitalExpenditures,changeInReceivables,changeInExchangeRate,changeInCashAndCashEquivalents,clossingVal,nextClossingVal
0,2020-06-30,USD,None,1310000,None,None,-1308000,-1302000,372000,None,-1311000,None,938000,2000,-1310000,None,3000,None,None,None,None,None,None,-9000,None,None,-1302000,-1302000,None,USD,11633000,None,None,532000,1328000,10305000,None,None,2000,-147038000,None,None,24000,11041000,1328000,None,None,None,12000,11573000,None,10305000,None,None,None,None,1328000,None,None,2000,None,-147038000,None,None,48000,None,60000,None,None,None,None,None,None,None,157341000,11633000,11041000,None,2267570,USD,None,60000,-3000,None,-135000,5412000,-514000,40000,-1302000,4367000,-1042000,195000,1000,None,5547000,None,None,4000,3000,None,None,4367000,6.62,
1,2020-03-31,USD,0,1340000,None,None,-1316000,-1320000,365000,None,-1320000,None,975000,24000,-1340000,None,4000,0,24000,20000,None,None,None,None,None,None,-1320000,-1320000,None,USD,7461000,None,None,704000,1155000,6306000,None,None,2000,-145736000,None,None,24000,6674000,1155000,None,None,None,10000,7378000,None,6306000,None,None,None,None,1155000,None,None,2000,None,-145736000,None,None,73000,None,83000,None,None,None,0,None,None,None,152040000,7461000,6674000,None,1594070,USD,-3000,-332000,-3000,None,-135000,0,-514000,-114000,-1320000,-1689000,-1686000,-53000,3000,None,None,None,None,16000,3000,None,None,-1689000,2.79,6.62
2,2019-12-31,USD,0,1278000,None,None,-1242000,-1226000,384000,None,-1242000,None,894000,36000,-1278000,None,0,-16000,36000,36000,None,None,None,-16000,36000,None,-1226000,-1226000,None,USD,8536000,None,None,117000,926000,7610000,None,None,2000,-144416000,None,None,24000,8363000,926000,None,None,None,10000,8480000,None,7610000,None,None,None,None,926000,None,None,2000,None,-144416000,None,None,46000,None,56000,None,None,None,0,None,None,None,152024000,8536000,8363000,None,1594070,USD,-2000,-125000,-2000,None,-118000,-122000,-4000,-266000,-1226000,-1282000,-1158000,164000,2000,None,-4000,None,None,27000,2000,None,None,-1282000,5.7107,2.79
3,2019-09-30,USD,0,1247000,None,None,-1197000,-1156000,347000,None,-1198000,None,900000,50000,-1247000,None,1000,-42000,50000,49000,None,None,None,-42000,49000,None,-1156000,-1156000,None,USD,9949000,None,None,259000,1150000,8799000,None,69000,2000,-143190000,None,None,24000,9645000,1150000,None,None,None,10000,9904000,None,8799000,None,None,None,None,1150000,None,None,2000,None,-143190000,None,None,35000,None,45000,None,None,None,0,None,None,None,151987000,9949000,9645000,None,1594070,USD,-2000,120000,-2000,None,-115000,568000,-81000,300000,-1156000,-321000,-887000,115000,5000,None,683000,None,None,29000,2000,None,None,-321000,5.3499,5.7107
4,2019-06-30,USD,0,1508000,None,None,-1460000,-1436000,440000,None,-1463000,None,1068000,48000,-1508000,None,3000,-27000,48000,45000,None,None,None,-27000,45000,None,-1436000,-1436000,None,USD,10388000,None,None,357000,1199000,9189000,None,None,1000,-142034000,None,None,24000,9966000,1199000,None,None,None,13000,10323000,None,9189000,None,None,None,None,1199000,None,None,1000,None,-142034000,None,None,52000,None,65000,None,None,None,0,None,None,None,151222000,10388000,9966000,None,1455556,USD,0,23000,-2000,None,-116000,3150000,-170000,190000,-1436000,1960000,-1190000,172000,6000,None,3266000,None,None,45000,2000,None,None,1960000,7.32,5.3499
5,2019-03-31,USD,0,1781000,None,None,-1743000,-1664000,662000,None,-1746000,None,1119000,38000,-1781000,None,3000,-82000,35000,35000,None,None,None,-82000,35000,None,-1664000,-1664000,None,USD,8606000,None,None,513000,1288000,7318000,None,None,1000,-140598000,None,None,24000,8006000,1288000,60000,60000,None,19000,8519000,None,7318000,None,None,None,None,1288000,None,None,1000,None,-140598000,None,None,68000,None,87000,None,None,None,0,None,None,None,147915000,8606000,8006000,None,1098813,USD,0,22000,-2000,None,-116000,2964000,-117000,29000,-1664000,1398000,-1566000,21000,5000,None,2964000,None,None,50000,2000,None,None,1398000,0.3736,7.32
6,2018-12-31,USD,0,1527000,0,0,-1489000,-1489000,625000,0,-1489000,0,902000,38000,-1527000,0,-3000,None,None,None,0,0,0,0,200000,0,-1489000,-1489000,None,USD,6825000,None,None,169000,793000,6032000,None,111000,14000,-138934000,None,None,24000,6608000,793000,None,None,None,24000,6777000,None,6032000,None,None,None,None,793000,None,None,14000,None,-138934000,None,None,24000,None,48000,None,None,None,None,None,None,None,144952000,6825000,6608000,None,13924058,USD,3050000,-84000,-2000,3050000,-105000,-105000,-117000,70000,-1489000,-1448000,-1343000,167000,5000,None,3532000,None,None,58000,2000,None,None,-1448000,0.3335,0.3736
7,2018-09-30,USD,0,1662000,0,0,-1622000,-1593000,740000,0,-1624000,0,922000,40000,-1662000,0,2000,None,None,None,0,0,0,-31000,38000,0,-1593000,-1593000,None,USD,8445000,0,None,336000,982000,7463000,4000,761000,14000,-137445000,4000,0,24000,8056000,978000,None,None,None,29000,8392000,None,7463000,0,None,0,0,978000,0,0,14000,0,-137445000,0,None,24000,None,53000,None,None,None,4000,None,None,None,144894000,8445000,8056000,None,13923825,USD,None,-86000,-3000,0,-105000,-105000,-117000,141000,-1593000,-1579000,-1576000,39000,6000,0,3532000,0,0,58000,3000,None,None,-1579000,0.56,0.3335
8,2018-06-30,USD,0,2156000,0,0,-2113000,-2116000,1154000,0,-2116000,0,1002000,43000,-2156000,0,3000,None,None,None,0,0,0,0,40000,0,-2116000,-2116000,None,USD,10067000,0,None,375000,1069000,8998000,9000,654000,14000,-135852000,9000,0,24000,9635000,1060000,None,None,None,33000,10010000,None,8998000,0,None,0,0,1060000,0,0,14000,0,-135852000,0,None,24000,None,57000,None,None,None,9000,None,None,None,144836000,10067000,9635000,None,13923825,USD,None,-399000,-3000,0,-206000,-207000,-1000,141000,-2116000,-2461000,-2254000,196000,5000,0,-1000,0,0,60000,3000,None,None,-2461000,0.556,0.56
9,2018-03-31,USD,0,2773000,0,0,-2732000,-2735000,1720000,0,-2735000,0,1053000,41000,-2773000,0,3000,None,None,None,0,0,0,0,38000,0,-2735000,-2735000,None,USD,12788000,0,None,631000,1734000,11054000,15000,947000,14000,-133736000,15000,0,24000,12096000,1719000,None,None,None,37000,12727000,None,11054000,0,None,0,0,1719000,0,0,14000,0,-133736000,0,None,24000,None,61000,None,None,None,15000,None,None,None,144776000,12788000,12096000,None,13914320,USD,3050000,-728000,3049000,0,-206000,3416000,-116000,-427000,-2735000,3394000,-3071000,287000,8000,0,3416000,0,0,97000,1000,None,None,3394000,0.4994,0.556
10,2017-12-31,USD,0,4297000,0,0,-4258000,-4197000,2834000,0,-4258000,0,1463000,39000,-4297000,0,-8000,None,None,None,0,0,0,-61000,161000,0,-4197000,-4197000,None,USD,12365000,0,None,547000,2090000,10275000,20000,1448000,12000,-131001000,20000,0,24000,8702000,2070000,None,None,-2000,42000,12299000,None,10275000,3050000,None,0,0,2070000,0,0,12000,0,-131001000,0,None,24000,None,66000,None,None,None,20000,None,None,None,141266000,12365000,11752000,None,11775062,USD,4750000,-445000,4749000,0,-256000,7000,-448000,668000,-4197000,560000,-4196000,251000,76000,0,7000,0,0,119000,1000,None,None,560000,1.35,0.4994
11,2017-09-30,USD,0,4475000,0,0,-4431000,-4433000,3488000,0,-4433000,0,987000,44000,-4475000,0,2000,None,None,None,0,0,0,0,0,0,-4433000,-4433000,None,USD,16921000,0,None,425000,2569000,14352000,25000,1307000,12000,-126804000,25000,0,497000,8142000,2544000,None,None,-3000,48000,16376000,None,14352000,7809000,None,0,0,2544000,0,0,12000,0,-126804000,0,None,497000,None,545000,None,None,None,25000,None,None,None,141147000,16921000,15951000,None,11750744,USD,-932000,141000,-932000,0,-86000,3947000,-198000,55000,-4433000,-959000,-3974000,84000,115000,0,4033000,0,0,119000,2000,None,None,-959000,1.15,1.35
12,2017-06-30,USD,0,5559000,0,0,-5520000,-5522000,4508000,0,-5522000,0,1051000,39000,-5559000,0,2000,None,None,None,0,0,0,0,0,0,-5522000,-5522000,None,USD,17296000,0,None,648000,2549000,14747000,30000,1447000,10000,-122371000,30000,0,587000,9101000,2519000,None,None,-5000,54000,16655000,None,14747000,6906000,None,0,0,2519000,0,0,10000,0,-122371000,0,None,587000,None,641000,None,None,None,30000,None,None,None,137113000,17296000,16007000,None,10116586,USD,6103000,137000,6101000,0,-170000,1788000,-116000,220000,-5522000,2931000,-4958000,176000,132000,0,1958000,0,0,119000,2000,None,None,2931000,2.4,1.15
13,2017-03-31,USD,0,4381000,0,0,-4336000,-4338000,3246000,0,-4338000,0,1135000,45000,-4381000,0,2000,None,None,None,0,0,0,0,0,0,-4338000,-4338000,None,USD,20589000,0,None,643000,2553000,18036000,35000,1538000,9000,-116849000,35000,0,676000,6170000,2518000,None,None,-9000,59000,19854000,None,18036000,13041000,None,0,0,2518000,0,0,9000,0,-116849000,0,None,676000,None,735000,None,None,None,35000,None,None,None,134885000,20589000,19211000,None,9172868,USD,3008000,-185000,3008000,0,-170000,105000,-105000,-74000,-4338000,-1231000,-4344000,-74000,152000,0,105000,0,0,101000,0,None,None,-1231000,2.55,2.4
14,2016-12-31,USD,0,4292000,0,0,-4244000,-4244000,3121000,0,-4244000,0,1171000,48000,-4292000,0,-6000,None,None,None,0,0,0,0,169000,0,-4244000,-4244000,None,USD,24629000,0,None,282000,2435000,22194000,39000,1191000,9000,-112511000,39000,0,3118000,7401000,2396000,None,None,-19000,66000,21445000,2352000,22194000,13762000,None,0,0,2396000,0,0,9000,0,-112511000,0,None,766000,None,3184000,None,None,None,39000,None,None,None,134715000,24629000,21163000,None,9082366,USD,3152000,352000,3148000,0,-256000,5847000,-448000,-441000,-4244000,-694000,-3842000,-78000,157000,0,0,0,0,-29000,4000,None,None,-694000,2.85,2.55
15,2016-09-30,USD,0,4712000,0,0,-4659000,-4659000,3720000,0,-4659000,0,992000,53000,-4712000,0,0,None,None,None,0,0,0,0,0,0,-4659000,-4659000,None,USD,28679000,0,None,320000,2199000,26480000,43000,1015000,9000,-108267000,43000,0,4822000,8095000,2156000,None,None,-6000,69000,23788000,3967000,26480000,15373000,None,0,0,2156000,0,0,9000,0,-108267000,0,None,855000,None,4891000,None,None,None,43000,None,None,None,134744000,28679000,23468000,None,9080703,USD,-2542000,331000,-2548000,0,None,0,None,None,-4659000,-6284000,-3736000,165000,160000,0,0,0,0,267000,6000,None,None,-6284000,2.83,2.85
16,2016-06-30,USD,0,3941000,0,0,-3894000,-3894000,2913000,0,-3894000,0,1028000,47000,-3941000,0,0,None,None,None,0,0,0,0,0,0,-3894000,-3894000,None,USD,32635000,0,None,377000,1744000,30891000,47000,937000,9000,-103608000,47000,0,5824000,14379000,1697000,None,None,13000,76000,26735000,5008000,30891000,11979000,None,0,0,1697000,0,0,9000,0,-103608000,0,None,816000,None,5900000,None,None,None,47000,None,None,None,134477000,32635000,26358000,None,9066348,USD,-11811000,365000,-11812000,0,None,0,None,None,-3894000,-15338000,-3526000,-282000,102000,0,0,0,0,183000,1000,None,None,-15338000,2.9,2.83
17,2016-03-31,USD,0,3668000,0,0,-3647000,-3647000,2594000,0,-3647000,0,1074000,21000,-3668000,0,0,None,None,None,0,0,0,0,0,0,-3647000,-3647000,None,USD,36928000,0,None,391000,2344000,34584000,0,1600000,9000,-99714000,None,0,5886000,29717000,2344000,None,None,6000,24000,31018000,5306000,34584000,910000,None,0,0,2344000,0,0,9000,0,-99714000,0,None,580000,None,5910000,None,None,None,None,None,None,None,134283000,36928000,30627000,None,9056647,USD,-5201000,-169000,-5202000,0,None,0,None,None,-3647000,-9085000,-3883000,-284000,62000,0,0,0,0,155000,1000,None,None,-9085000,3.47,2.9
18,2015-12-31,USD,0,3175000,0,0,-3168000,-3168000,1893000,0,-3168000,0,1282000,7000,-3175000,0,-5000,None,None,None,0,0,0,0,10000,0,-3168000,-3168000,None,USD,39574000,0,None,114000,1504000,38070000,0,1140000,9000,-96067000,None,0,630000,38802000,1504000,None,None,None,28000,38916000,None,38070000,0,None,0,0,1504000,0,0,9000,0,-96067000,0,None,630000,None,658000,None,None,None,None,None,None,None,134128000,39574000,38802000,None,9051217,USD,-16402000,258000,-2000,0,-193000,-58000,-2814000,535000,-3168000,-2680000,-2620000,84000,61000,0,-58000,0,0,145000,2000,None,None,-2680000,4.65,3.47
19,2015-09-30,USD,0,2817000,0,0,-2813000,-2814000,1716000,0,-2814000,0,1101000,4000,-2817000,0,1000,None,None,None,0,0,0,0,0,0,-2814000,-2814000,None,USD,42397000,0,None,205000,1304000,41093000,0,657000,9000,-92899000,None,0,679000,41482000,1304000,None,None,None,31000,41687000,None,41093000,0,None,0,0,1304000,0,0,9000,0,-92899000,0,None,679000,None,710000,None,None,None,None,None,None,None,133983000,42397000,41482000,None,9049789,USD,None,145000,-2000,0,-55000,-200000,None,None,-2814000,-2604000,-2402000,58000,60000,0,-145000,0,0,149000,2000,None,None,-2604000,4.96,4.65
