,fiscalDateEnding,reportedCurrency_x,totalRevenue,totalOperatingExpense,costOfRevenue,grossProfit,ebit,netIncome_x,researchAndDevelopment,effectOfAccountingCharges,incomeBeforeTax,minorityInterest,sellingGeneralAdministrative,otherNonOperatingIncome,operatingIncome,otherOperatingExpense,interestExpense,taxProvision,interestIncome,netInterestIncome,extraordinaryItems,nonRecurring,otherItems,incomeTaxExpense,totalOtherIncomeExpense,discontinuedOperations,netIncomeFromContinuingOperations,netIncomeApplicableToCommonShares,preferredStockAndOtherAdjustments,reportedCurrency_y,totalAssets,intangibleAssets,earningAssets,otherCurrentAssets,totalLiabilities,totalShareholderEquity,deferredLongTermLiabilities,otherCurrentLiabilities,commonStock,retainedEarnings,otherLiabilities,goodwill,otherAssets,cash,totalCurrentLiabilities,shortTermDebt,currentLongTermDebt,otherShareholderEquity,propertyPlantEquipment,totalCurrentAssets,longTermInvestments,netTangibleAssets,shortTermInvestments,netReceivables,longTermDebt,inventory,accountsPayable,totalPermanentEquity,additionalPaidInCapital,commonStockTotalEquity,preferredStockTotalEquity,retainedEarningsTotalEquity,treasuryStock,accumulatedAmortization,otherNonCurrrentAssets,deferredLongTermAssetCharges,totalNonCurrentAssets,capitalLeaseObligations,totalLongTermDebt,otherNonCurrentLiabilities,totalNonCurrentLiabilities,negativeGoodwill,warrants,preferredStockRedeemable,capitalSurplus,liabilitiesAndShareholderEquity,cashAndShortTermInvestments,accumulatedDepreciation,commonStockSharesOutstanding,reportedCurrency,investments,changeInLiabilities,cashflowFromInvestment,otherCashflowFromInvestment,netBorrowings,cashflowFromFinancing,otherCashflowFromFinancing,changeInOperatingActivities,netIncome_y,changeInCash,operatingCashflow,otherOperatingCashflow,depreciation,dividendPayout,stockSaleAndPurchase,changeInInventory,changeInAccountReceivables,changeInNetIncome,capitalExpenditures,changeInReceivables,changeInExchangeRate,changeInCashAndCashEquivalents,clossingVal,nextClossingVal
0,2020-06-30,USD,164850000,94801000,35983000,128867000,61076000,44588000,26357000,None,61076000,None,68444000,27010000,34066000,None,None,16488000,None,None,None,None,None,16488000,27010000,None,44588000,44588000,None,USD,1249512000,42223000,None,20958000,147664000,1101848000,4204000,24201000,450000,647070000,28919000,76783000,73098000,214827000,110379000,None,None,-8535000,170346000,619689000,169668000,982842000,212536000,82084000,None,89284000,86178000,None,None,450000,None,647070000,-286577000,None,139928000,None,30875000,None,None,33081000,37285000,None,None,None,749440000,1249512000,427363000,None,45044760,USD,-62066000,-24042000,13756000,85866000,None,-20157000,-9857000,-19099000,44588000,25358000,31759000,1204000,5574000,None,-10300000,-211000,3014000,1632000,10044000,3014000,-2872000,22486000,241.56,
1,2020-03-31,USD,206659000,109237000,39369000,167290000,39313000,31798000,25345000,None,39313000,None,83892000,-18740000,58053000,None,None,7515000,-14498500,None,None,None,None,7515000,-18739000,None,31798000,31798000,None,USD,1216462000,14913000,None,18009000,150996000,1065466000,806000,24004000,451000,602482000,10562000,31969000,58249000,192341000,131885000,None,None,-11189000,164931000,635863000,207795000,1018584000,250775000,84650000,None,90088000,107881000,None,None,451000,None,602482000,-265411000,None,117655000,43336000,580599000,None,None,18305000,19111000,None,None,None,739133000,1216462000,443116000,None,45008687,USD,-119767000,6223000,9961000,140274000,None,-21765000,-80000,3400000,31798000,74789000,86593000,-1053000,5950000,None,-21685000,24000,15884000,27767000,10546000,15884000,-418000,74371000,145.16,241.56
2,2019-12-31,USD,221584000,111329000,39996000,181588000,97016000,69217000,25655000,None,97016000,None,85674000,26757000,70259000,None,400000,27799000,26586000,None,None,None,None,27799000,26757000,None,69217000,69217000,None,USD,1196611000,15205000,None,16850000,149748000,1046863000,822000,22817000,451000,570683000,13983000,32594000,62233000,117970000,126259000,None,None,-16995000,162060000,636576000,167981000,999064000,309569000,100994000,None,91193000,103442000,None,None,451000,None,570683000,-240330000,None,135167000,47028000,560035000,None,None,22667000,23489000,None,None,None,733054000,1196611000,427539000,None,45112835,USD,-223028000,12521000,-97405000,134476000,None,-24945000,-401000,12288000,69217000,-32910000,89440000,-399000,4973000,None,-24544000,-1057000,-6505000,10690000,8853000,-6505000,601000,-32309000,170.59,145.16
3,2019-09-30,USD,204974000,109925000,34867000,170107000,17358000,13071000,23969000,None,17358000,None,85956000,-42824000,60182000,None,400000,4287000,-42668000,None,None,None,None,4287000,-42824000,None,13071000,13071000,None,USD,1124348000,14800000,None,17498000,132891000,991457000,800000,22586000,452000,501467000,11223000,31727000,82077000,150279000,112229000,None,None,-17556000,157896000,647432000,106025000,944930000,295041000,94319000,None,90295000,89643000,None,None,452000,None,501467000,-214926000,None,99191000,67277000,476916000,None,None,19862000,20662000,None,None,None,722020000,1124348000,445320000,None,45238952,USD,-144418000,7619000,7926000,164701000,None,-31729000,-670000,4715000,13071000,50456000,74259000,2556000,3717000,None,-31059000,-4965000,-8629000,60890000,12357000,-8629000,-1225000,49231000,177.89,170.59
4,2019-06-30,USD,207666000,109868000,37073000,170593000,103138000,88923000,23790000,None,103138000,None,86078000,42413000,60725000,None,400000,14215000,42749000,None,None,None,None,14215000,42413000,None,88923000,88923000,None,USD,1125060000,15411000,None,16761000,122467000,1002593000,833000,18572000,454000,488396000,10980000,33035000,82154000,101048000,100201000,None,None,-11755000,151654000,677365000,40032000,954147000,385624000,86206000,None,87726000,81629000,None,None,454000,None,488396000,-179386000,None,140820000,66743000,447695000,None,None,21433000,22266000,None,None,None,704884000,1125060000,486672000,None,45374278,USD,-124067000,-8106000,-45937000,90380000,None,-39276000,-40536000,-10060000,88923000,-20585000,64628000,-3650000,3059000,None,1260000,-7239000,4801000,-13160000,12250000,4801000,612000,-19973000,260.49,177.89
5,2019-03-31,USD,207081000,106844000,34848000,172233000,98530000,73961000,25548000,None,98530000,None,81296000,33141000,65389000,None,400000,24569000,2769000,None,None,None,None,24569000,33141000,None,73961000,73961000,None,USD,1054346000,15208000,None,13748000,117456000,936890000,822000,16393000,451000,399473000,11458000,32601000,81817000,121021000,105998000,None,None,-14689000,145005000,677197000,21718000,889081000,370677000,90809000,None,80942000,89605000,None,None,451000,None,399473000,-138852000,None,85115000,77502000,377149000,None,None,10636000,11458000,None,None,None,690507000,1054346000,491698000,None,45122985,USD,-346806000,9564000,-35754000,319587000,None,3019000,-563000,3292000,73960000,37656000,70391000,-1861000,3085000,None,3582000,-10659000,-2755000,-943000,8535000,-2755000,-816000,36840000,285.59,260.49
6,2018-12-31,USD,200563000,104185000,34023000,166540000,64510000,44862000,23965000,None,64510000,None,80220000,2155000,62355000,None,0,None,None,None,None,None,None,19648000,1903000,None,44862000,44862000,None,USD,957116000,15516000,None,10549000,105586000,851530000,838000,15080000,451000,325513000,12606000,33260000,113473000,84181000,92980000,None,None,-12316000,138455000,628728000,40800000,802754000,373975000,88215000,None,71808000,77900000,None,None,451000,None,325513000,-138289000,None,44707000,96450000,328388000,None,None,11768000,12606000,None,None,None,676171000,957116000,458156000,None,45058049,USD,-38684000,10231000,-65818000,-19010000,None,-1116000,-1547000,8748000,44863000,7681000,74615000,3755000,2793000,None,431000,-9772000,-14137000,36882000,8124000,-14137000,118000,7799000,325.04,285.59
7,2018-09-30,USD,181778000,101612000,29846000,151932000,51833000,50127000,22717000,None,51833000,None,78895000,1513000,50320000,None,0,None,None,None,None,None,None,1706000,3252000,None,50127000,50127000,None,USD,887165000,15730000,None,13296000,94211000,792954000,850000,13996000,450000,280650000,11382000,33719000,191501000,76382000,81979000,None,None,-11535000,134065000,561599000,None,743505000,334064000,74201000,0,63656000,67983000,0,0,450000,0,280650000,-136743000,None,25804000,116248000,325566000,None,None,11382000,12232000,None,None,None,660132000,887165000,410446000,None,45038453,USD,-26026000,5479000,-49650000,-11426000,None,4122000,-2068000,None,50127000,15032000,60560000,2070000,2903000,0,6190000,-8956000,5131000,15998000,12198000,-7061000,62000,15094000,449.75,325.04
8,2018-06-30,USD,180010000,102412000,30850000,149160000,48487000,90066000,21273000,None,48487000,None,81139000,1739000,46748000,None,0,None,None,None,None,None,None,-41579000,1739000,None,90066000,90066000,None,USD,812039000,15837000,None,13489000,88680000,723359000,856000,12075000,449000,230523000,11146000,33948000,187418000,61288000,76678000,None,None,-10913000,127324000,497297000,6887000,673574000,299228000,67511000,0,55781000,64603000,0,0,449000,0,230523000,-134674000,None,15697000,115049000,314742000,None,None,11146000,12002000,None,None,None,637974000,812039000,360516000,None,44876271,USD,49914000,-3892000,34767000,0,None,-61800000,-67598000,-8707000,90066000,19598000,46631000,-4983000,2596000,0,5798000,-7794000,1930000,-31292000,15147000,1930000,-1285000,18313000,409.05,449.75
9,2018-03-31,USD,174436000,96771000,30098000,144338000,48507000,36847000,21270000,0,48507000,0,75501000,940000,47567000,0,0,None,None,None,0,0,0,11660000,2412000,0,36847000,36847000,None,USD,786375000,16705000,None,11808000,96851000,689524000,903000,14970000,444000,140457000,11266000,35808000,174937000,42975000,84682000,None,None,-4204000,117167000,494271000,37502000,637011000,319274000,70010000,0,50204000,69712000,0,0,444000,0,140457000,-67078000,None,14176000,70746000,292104000,None,None,11266000,12169000,None,None,None,619905000,786375000,362249000,None,44375337,USD,-56760000,8825000,-68455000,0,-517000,2551000,-457000,3256000,36847000,-9505000,56399000,-3433000,2905000,0,3008000,-3712000,15289000,19914000,11695000,-4947000,1978000,-7527000,290.99,409.05
10,2017-12-31,USD,154022000,84262000,24994000,129028000,45654000,13446000,17706000,0,45654000,0,66556000,888000,44766000,0,0,None,None,None,0,0,0,32208000,130000,0,13446000,13446000,None,USD,719602000,16241000,None,9192000,87120000,632482000,878000,11797000,443000,103610000,10889000,34814000,189427000,50502000,75353000,None,None,-10646000,107977000,422198000,49485000,581427000,250751000,64862000,0,46891000,63556000,0,0,443000,0,103610000,-66622000,None,13686000,75201000,297404000,None,None,10889000,11767000,None,None,None,605697000,719602000,301253000,None,44271905,USD,-25221000,10546000,-51714000,0,-140000,1606000,-623000,6884000,13446000,6588000,56696000,-164000,2780000,0,2369000,-6611000,10342000,44217000,26493000,-7518000,-622000,5966000,187.41,290.99
11,2017-09-30,USD,132823000,79470000,21627000,111196000,32484000,24503000,19390000,0,32484000,0,60080000,758000,31726000,0,0,None,None,None,0,0,0,7981000,44000,0,24503000,24503000,None,USD,694653000,16016000,None,9014000,89767000,604886000,866000,10584000,442000,90164000,10433000,34332000,226786000,44536000,63358000,851000,15961000,-11802000,97697000,370170000,55954000,554538000,218661000,57327000,15110000,40632000,51923000,0,0,442000,0,90164000,-65999000,None,13686000,106798000,324483000,15110000,15110000,10433000,26409000,None,None,None,592081000,694653000,263197000,None,44200784,USD,-35514000,4823000,-43385000,0,-193000,1140000,-1432000,-692000,24503000,912000,43157000,46000,2857000,0,2765000,-4061000,2824000,18608000,7871000,-3619000,-346000,566000,168.6,187.41
12,2017-06-30,USD,132468000,77528000,21862000,110606000,33792000,37374000,16931000,0,33792000,0,60597000,714000,33078000,0,0,None,None,None,0,0,0,-3582000,714000,0,37374000,37374000,None,USD,652217000,15487000,None,9021000,85173000,567044000,837000,9697000,441000,65661000,10006000,33199000,208498000,43970000,59005000,829000,16154000,-14508000,92804000,350915000,37669000,518358000,207441000,53557000,15325000,36926000,48479000,0,0,441000,0,65661000,-64567000,None,8686000,113457000,301302000,15325000,15325000,10006000,26168000,None,None,None,580017000,652217000,251411000,None,44080941,USD,-7404000,-7680000,-17208000,0,-184000,-14434000,-17805000,-3351000,37374000,4652000,36294000,-915000,2463000,0,3555000,-1302000,795000,5559000,9804000,795000,278000,4930000,143.3,168.6
13,2017-03-31,USD,124680000,76425000,19261000,105419000,29356000,14899000,16325000,0,29356000,0,60100000,362000,28994000,0,0,None,None,None,0,0,0,14457000,782000,0,14899000,14899000,None,USD,550414000,14482000,None,8024000,98343000,452071000,783000,10495000,437000,-46959000,12404000,31045000,135679000,39040000,69617000,799000,16338000,-20606000,87777000,326958000,47143000,406544000,190908000,54055000,15539000,34931000,58323000,0,0,437000,0,-46959000,-46763000,None,8286000,34723000,223456000,15539000,15539000,12404000,28726000,None,None,None,565962000,550414000,229948000,None,43673286,USD,-42848000,16686000,-69224000,0,-182000,10400000,7236000,19857000,14899000,-21569000,37255000,1557000,1714000,0,3346000,-3669000,11550000,10063000,26376000,-3995000,-460000,-22029000,125.2,143.3
14,2016-12-31,USD,114674000,70284000,18987000,95687000,25826000,15432000,16349000,0,25826000,0,53935000,423000,25403000,0,0,None,None,None,0,0,0,10394000,195000,0,15432000,15432000,None,USD,500964000,14257000,None,10479000,83584000,417380000,771000,9004000,435000,-61858000,8192000,30562000,106636000,61069000,58871000,770000,770000,-21437000,60909000,333419000,18240000,372561000,179640000,50178000,15750000,32053000,49097000,0,0,435000,0,-61858000,-46556000,None,4570000,39007000,167545000,15750000,15750000,8192000,24713000,None,None,None,546796000,500964000,240709000,None,43507808,USD,-15520000,9454000,-29106000,0,-181000,2994000,674000,-1894000,15432000,8013000,34125000,-1894000,1530000,0,2501000,-2331000,7555000,15682000,13586000,-3748000,-1653000,6360000,112.68,125.2
15,2016-09-30,USD,102955000,71138000,17309000,85646000,14736000,8875000,18052000,0,14736000,0,53086000,228000,14508000,0,0,None,None,None,0,0,0,5861000,36000,0,8875000,8875000,None,USD,474898000,15199000,None,8827000,76457000,398441000,821000,9103000,433000,-77290000,7753000,32582000,104821000,54709000,51922000,740000,740000,-15295000,50207000,319870000,4004000,350660000,178236000,46607000,15961000,31491000,42079000,0,0,433000,0,-77290000,-46266000,None,4422000,48614000,155028000,15961000,15961000,7753000,24535000,None,None,None,536859000,474898000,232945000,None,43333607,USD,2678000,6669000,-2676000,0,-83000,1695000,-1985000,-2036000,8875000,16375000,17356000,-2036000,1552000,0,3763000,-2891000,3807000,10511000,5354000,-5324000,60000,16435000,128.58,112.68
16,2016-06-30,USD,102995000,66692000,15070000,87925000,21425000,12910000,15660000,0,21425000,0,51032000,192000,21233000,0,0,None,None,None,0,0,0,8515000,192000,0,12910000,12910000,None,USD,429312000,15055000,None,6741000,51985000,377327000,814000,8590000,430000,-86165000,7952000,32272000,103074000,38274000,43219000,740000,740000,-16089000,25950000,300288000,None,330000000,184900000,41280000,0,29093000,34629000,0,0,430000,0,-86165000,-41691000,None,4451000,51296000,129024000,None,None,7952000,8766000,None,None,None,520842000,429312000,223174000,None,43008100,USD,-20228000,-1276000,-25327000,0,-181000,-11222000,-13992000,7000,12910000,-10169000,26380000,7000,1406000,0,2770000,-3393000,1517000,15209000,5099000,1517000,212000,-9957000,109.29,128.58
17,2016-03-31,USD,93957000,59481000,14663000,79294000,20227000,10998000,14225000,0,20227000,0,45256000,414000,19813000,0,0,None,None,None,0,0,0,9229000,944000,0,10998000,10998000,None,USD,423931000,15396000,None,6778000,55156000,368775000,832000,8778000,426000,-99075000,7783000,33003000,112355000,48231000,46541000,799000,799000,-14540000,23184000,288392000,1000000,320376000,163822000,42821000,0,26740000,37763000,0,0,426000,0,-99075000,-26660000,None,4422000,58534000,135539000,None,None,7783000,8615000,None,None,None,508624000,423931000,212053000,None,42596228,USD,-21936000,10326000,-29627000,0,-446000,1892000,-326000,7730000,10998000,-5178000,22557000,-2633000,1063000,0,2218000,-1381000,10930000,10030000,7691000,-5846000,183000,-4995000,94.81,109.29
18,2015-12-31,USD,85795000,55608000,12744000,73051000,17498000,10555000,13755000,0,17498000,0,41853000,55000,17443000,0,0,None,None,None,0,0,0,6943000,-359000,0,10555000,10555000,None,USD,391626000,14786000,None,4115000,46097000,345529000,799000,6913000,424000,-110073000,7628000,31697000,94861000,53226000,37670000,None,None,-17558000,15020000,281745000,None,299046000,142968000,55901000,0,25535000,30757000,0,0,424000,0,-110073000,-23255000,None,4422000,43956000,109881000,None,None,7628000,8427000,None,None,None,495991000,391626000,196194000,None,42437354,USD,-21851000,3497000,-26365000,0,None,273000,7000,None,10555000,-710000,25382000,-113000,862000,0,266000,-3237000,5084000,13688000,4514000,130000,-485000,-1195000,90.28,94.81
19,2015-09-30,USD,76359000,51398000,12144000,64215000,12966000,7735000,11569000,0,12966000,0,39829000,149000,12817000,0,0,None,None,None,0,0,0,5231000,33000,0,7735000,7735000,None,USD,373406000,15243000,None,4030000,42310000,331096000,824000,6803000,424000,-120628000,7034000,32676000,96582000,54421000,34452000,None,None,-15006000,11420000,265404000,None,283177000,121087000,62834000,0,23032000,27649000,0,0,424000,0,-120628000,-23157000,None,4423000,44240000,108002000,None,None,7034000,7858000,None,None,None,489463000,373406000,175508000,None,42417469,USD,-5901000,-1728000,-7457000,0,None,3785000,-43000,None,7735000,14270000,17942000,-7000,689000,0,3828000,-2306000,5214000,16317000,1556000,-2758000,-280000,13990000,92.76,90.28
