,fiscalDateEnding,reportedCurrency_x,totalRevenue,totalOperatingExpense,costOfRevenue,grossProfit,ebit,netIncome_x,researchAndDevelopment,effectOfAccountingCharges,incomeBeforeTax,minorityInterest,sellingGeneralAdministrative,otherNonOperatingIncome,operatingIncome,otherOperatingExpense,interestExpense,taxProvision,interestIncome,netInterestIncome,extraordinaryItems,nonRecurring,otherItems,incomeTaxExpense,totalOtherIncomeExpense,discontinuedOperations,netIncomeFromContinuingOperations,netIncomeApplicableToCommonShares,preferredStockAndOtherAdjustments,reportedCurrency_y,totalAssets,intangibleAssets,earningAssets,otherCurrentAssets,totalLiabilities,totalShareholderEquity,deferredLongTermLiabilities,otherCurrentLiabilities,commonStock,retainedEarnings,otherLiabilities,goodwill,otherAssets,cash,totalCurrentLiabilities,shortTermDebt,currentLongTermDebt,otherShareholderEquity,propertyPlantEquipment,totalCurrentAssets,longTermInvestments,netTangibleAssets,shortTermInvestments,netReceivables,longTermDebt,inventory,accountsPayable,totalPermanentEquity,additionalPaidInCapital,commonStockTotalEquity,preferredStockTotalEquity,retainedEarningsTotalEquity,treasuryStock,accumulatedAmortization,otherNonCurrrentAssets,deferredLongTermAssetCharges,totalNonCurrentAssets,capitalLeaseObligations,totalLongTermDebt,otherNonCurrentLiabilities,totalNonCurrentLiabilities,negativeGoodwill,warrants,preferredStockRedeemable,capitalSurplus,liabilitiesAndShareholderEquity,cashAndShortTermInvestments,accumulatedDepreciation,commonStockSharesOutstanding,reportedCurrency,investments,changeInLiabilities,cashflowFromInvestment,otherCashflowFromInvestment,netBorrowings,cashflowFromFinancing,otherCashflowFromFinancing,changeInOperatingActivities,netIncome_y,changeInCash,operatingCashflow,otherOperatingCashflow,depreciation,dividendPayout,stockSaleAndPurchase,changeInInventory,changeInAccountReceivables,changeInNetIncome,capitalExpenditures,changeInReceivables,changeInExchangeRate,changeInCashAndCashEquivalents,clossingVal,nextClossingVal
0,2020-06-30,USD,52409000,None,None,None,None,9907000,None,None,11961000,None,22637000,None,None,2541000,9605000,2054000,60452000,50847000,None,None,None,2054000,None,None,9907000,9907000,None,USD,5836881000,19896000,None,None,5100738000,736143000,None,None,20431000,172723000,22453000,223642000,4581477000,266400000,None,None,None,27944000,67229000,None,618751000,492605000,618751000,32795000,363570000,None,3293000,None,None,None,None,None,None,None,None,None,None,None,None,None,None,None,None,None,None,None,None,None,None,USD,-731723000,0,-731723000,-1995000,65000000,810511000,747240000,4247000,9907000,91511000,12723000,None,1875000,-2042000,0,None,-12721000,9387000,1425000,None,None,None,25.39,
1,2020-03-31,USD,47750000,None,None,None,None,3516000,None,None,4359000,None,23177000,None,None,4888000,12427000,843000,57452000,45025000,None,None,None,843000,None,None,3516000,3516000,None,USD,5002429000,20886000,539237000,None,4295836000,706593000,None,None,20355000,164858000,40005000,223642000,3965346000,174889000,None,None,None,7486000,66798000,None,508250000,462065000,508250000,17203000,298436000,None,3821000,None,None,None,None,None,None,None,None,None,None,None,298436000,None,None,None,None,None,513894000,None,None,None,21000000,USD,-172174000,0,-172174000,-6485000,115000000,-9595000,-114417000,-1482000,3516000,-171359000,10410000,None,1856000,-2033000,-9302000,None,-4141000,10633000,1510000,None,None,None,24.11,25.39
2,2019-12-31,USD,47926000,26639400,None,46993000,None,13986000,None,None,17562000,None,21646000,None,20353600,3167000,13621000,3576000,58147000,44526000,None,None,None,3576000,-2791600,None,13986000,13986000,None,USD,4992654000,21876000,511688000,15468000,4282789000,709865000,None,None,20524000,163375000,15583000,223642000,3931506000,346248000,4075294000,None,None,4900000,66790000,370053000,372545000,464347000,372545000,15468000,183302000,8337000,4326000,None,None,None,None,None,None,None,None,None,None,None,183302000,None,None,None,None,None,521066000,None,None,None,21000000,USD,-43829000,0,-43829000,7967000,-84089000,77354000,171101000,-2676000,13986000,45629000,12104000,None,2038000,None,-11508000,None,-1451000,179000,1106000,None,None,None,37.6,24.11
3,2019-09-30,USD,47726000,28870600,None,45129000,None,12047000,None,None,15120000,None,23142000,None,16258400,2227000,13828000,3073000,58665000,44837000,None,None,None,3073000,-1138400,None,12047000,12047000,None,USD,4905840000,23053000,421445000,15201000,4199532000,706308000,None,None,20737000,149389000,17744000,223642000,3900679000,300619000,3902400000,None,None,6494000,67175000,324153000,353000000,459613000,353000000,15201000,267272000,8333000,4915000,None,None,None,None,None,None,None,None,None,None,None,267272000,None,None,None,None,None,529688000,None,None,None,21000000,USD,-47523000,0,-47523000,-5172000,71195000,94550000,36845000,4931000,12047000,68012000,20985000,None,2001000,None,-13986000,None,-293000,2271000,11214000,None,None,None,32.09,37.6
4,2019-06-30,USD,49416000,27947000,None,48009000,None,14248000,None,None,17929000,None,23037000,None,20062000,2341000,13375000,3681000,58946000,45571000,None,None,None,3681000,-2133000,None,14248000,14248000,None,USD,4794211000,24231000,418796000,16508000,4089510000,704701000,None,None,21147000,137342000,14230000,223642000,3874200000,232607000,3864171000,None,None,4233000,59690000,255409000,348173000,456828000,348173000,16508000,196017000,6294000,3531000,None,None,None,None,None,None,None,None,None,None,None,196017000,None,None,None,None,None,541979000,None,None,None,22000000,USD,-50548000,0,-50548000,5673000,-54997000,10159000,80579000,-976000,14248000,-26236000,14153000,None,1933000,None,-15825000,None,-544000,-535000,650000,None,None,None,33.34,32.09
5,2019-03-31,USD,47892000,28036000,None,46890000,None,12678000,None,None,15775000,None,23143000,None,18854000,2191000,12546000,3097000,57149000,44603000,None,None,None,3097000,-3079000,None,12678000,12678000,None,USD,4768802000,25409000,448949000,16194000,4065025000,703777000,None,None,21484000,123094000,13833000,223642000,3823154000,258843000,3784572000,None,None,3015000,60327000,276189000,345716000,454726000,345716000,16194000,250954000,1152000,4511000,None,None,None,None,None,None,None,None,None,None,None,250954000,None,None,None,None,None,556184000,None,None,None,22000000,USD,-91614000,0,-91614000,-91199000,-23498000,61885000,102063000,3871000,12678000,-10104000,19625000,None,1931000,None,-16680000,None,2177000,-1060000,415000,None,None,None,33.72,33.34
6,2018-12-31,USD,45208000,26201000,13429000,45208000,0,13163000,0,0,16162000,0,24203000,None,19007000,1998000,10465000,None,None,None,0,0,0,2999000,-2845000,0,13163000,13163000,None,USD,4655249000,26587000,None,44710000,3952265000,702984000,None,None,21938000,112131000,12525000,223125000,3728999000,241247000,3665348000,None,None,-2888000,41717000,286587000,348234000,453272000,None,None,274392000,630000,3662536000,None,None,None,None,None,None,None,None,None,None,None,274392000,None,None,None,None,None,571803000,None,None,None,16000000,USD,8435000,0,143067000,3467000,-16076000,-79189000,-62421000,-3741000,13163000,77479000,13601000,None,2031000,None,1418000,None,None,1410000,1562000,None,None,None,32.37,33.72
7,2018-09-30,USD,29964000,18268000,7300000,29964000,0,8879000,0,0,10800000,0,16878000,None,11696000,1390000,7300000,None,None,None,0,0,0,1921000,-896000,0,8879000,8879000,None,USD,3035539000,2688000,None,11609000,2707408000,328131000,0,None,13397000,98968000,11103000,39389000,2457443000,191468000,2435897000,None,None,-5996000,18970000,205083000,311966000,286054000,0,None,260408000,2006000,2433791000,0,0,0,0,0,0,None,None,None,None,None,None,None,None,None,None,None,None,None,None,None,14000000,USD,-2269000,0,-80193000,5074000,-64000000,56778000,120005000,4933000,8879000,-9177000,14238000,None,685000,0,0,0,0,815000,411000,None,None,None,41.7,32.37
8,2018-06-30,USD,28990000,19155000,7008000,28990000,0,7556000,0,0,9130000,0,17661000,None,9835000,1494000,6377000,None,None,None,0,0,0,1574000,-705000,0,7556000,7556000,None,USD,2966426000,2883000,None,12413000,2646538000,319888000,0,None,13341000,90089000,7427000,39389000,2371894000,200645000,2314763000,324348000,324348000,-4207000,19049000,215508000,317703000,277616000,0,None,324348000,2450000,2313786000,0,0,0,0,0,0,None,None,None,None,None,None,None,None,None,None,None,None,None,None,None,14000000,USD,4960000,0,-69384000,-2596000,43000000,72532000,28984000,131000,7556000,10557000,7409000,None,629000,0,0,0,0,1926000,370000,None,None,None,43.35,41.7
9,2018-03-31,USD,27882000,17988000,6155000,27882000,0,7711000,0,0,9165000,0,14066000,None,13214000,1415000,5502000,None,None,None,0,0,0,1454000,-729000,0,7711000,7711000,None,USD,2886484000,42468000,None,10521000,2574496000,311988000,0,2284802000,13302000,78926000,8406000,39389000,411560000,190088000,2286014000,281288000,281288000,-3607000,18605000,201417000,321539000,269520000,0,10521000,281288000,365000,2284802000,0,0,0,0,0,0,None,None,None,None,None,None,None,None,None,None,None,None,None,None,None,14000000,USD,-3710000,0,-24645000,-1199000,-50000000,21819000,70831000,499000,7711000,7985000,10811000,None,602000,0,0,0,0,856000,1076000,None,None,None,39.15,43.35
10,2017-12-31,USD,96341000,97097000,6532000,96341000,-25050000,3204000,0,0,7813000,0,13586000,None,12896000,2668000,11866000,None,None,None,0,0,0,4609000,-3054000,0,12690000,3204000,None,USD,2860231000,42663000,None,12194000,2553366000,306865000,0,2213974000,13227000,75230000,8164000,39389000,412059000,182103000,2214584000,331228000,331228000,336000,18477000,194867000,322477000,264202000,48979000,12194000,331228000,365000,2213974000,0,0,0,0,0,0,None,None,None,None,None,None,None,None,None,None,None,None,None,None,None,13000000,USD,8644000,0,-377824000,1138000,36355000,384397000,343794000,3130000,3204000,40005000,33432000,None,2418000,0,0,0,0,16162000,2133000,None,None,None,37.65,39.15
11,2017-09-30,USD,0,-45885000,10812000,0,50100000,2986000,0,0,3873000,0,12905000,None,8022000,7621000,24000,None,None,None,0,0,0,887000,0,0,17688000,2986000,None,USD,2813434000,42858000,None,7993000,2510707000,302727000,0,2286615000,13171000,72613000,7246000,39389000,424463000,192427000,0,216846000,216846000,923000,18273000,0,None,259869000,0,7993000,216846000,453000,2286615000,0,0,0,0,0,0,None,None,None,None,None,None,None,None,None,None,None,None,None,None,None,13000000,USD,-2725000,0,-318533000,1050000,-103000000,341648000,416435000,79000,2986000,4936000,27214000,None,0,0,0,0,0,7890000,1517000,None,None,None,36.8,37.65
12,2017-06-30,USD,0,15696000,6887000,0,-33400000,5395000,0,0,7116000,0,11717000,None,11266000,-6398000,496000,None,None,None,0,0,0,1721000,0,0,-18793000,5395000,None,USD,2724716000,43053000,None,9284000,2426257000,298459000,0,2099242000,13153000,69148000,7197000,39389000,424978000,187491000,0,319818000,319818000,444000,18240000,0,None,255406000,0,9284000,319818000,365000,2099242000,0,0,0,0,0,0,None,None,None,None,None,None,None,None,None,None,None,None,None,None,None,13000000,USD,-718000,0,-228272000,0,35000000,256969000,229062000,1428000,5395000,3345000,16696000,None,0,0,0,0,0,3847000,1057000,None,None,None,38.3,36.8
13,2017-03-31,USD,0,0,4727000,0,8350000,6047000,0,0,7577000,0,11989000,None,11542000,1938000,3384000,None,None,None,0,0,0,1530000,0,0,6047000,6047000,None,USD,2592330000,43249000,None,7444000,2303200000,289130000,0,2012569000,13080000,61035000,5840000,39389000,421930000,184146000,0,275569000,275569000,-2274000,18138000,0,None,245881000,0,7444000,209791000,365000,2012569000,0,0,0,0,0,0,None,None,None,None,None,None,None,None,None,None,None,None,None,None,None,13000000,USD,-101031000,545000,-101588000,0,-10000000,134529000,142382000,427000,6047000,42048000,9107000,None,0,0,0,0,0,859000,557000,None,None,None,37.2,38.3
14,2016-12-31,USD,89613000,56892000,3959000,89613000,15850000,5771000,0,0,7813000,0,11865000,None,11549000,8547000,8004000,None,None,None,0,0,0,2042000,-316000,0,33142000,5771000,None,USD,2450948000,43444000,None,9007000,2171131000,279817000,0,1870183000,12958000,54210000,6183000,39389000,415283000,142098000,1870468000,294765000,294765000,-3052000,18340000,152894000,329630000,236373000,48025000,9007000,209765000,1503000,1870183000,0,0,0,0,0,0,None,None,None,None,None,None,None,None,None,None,None,None,None,None,None,13000000,USD,-161942000,0,-408494000,-15755000,235000000,374726000,137682000,-851000,5771000,-6333000,27435000,None,2412000,0,0,0,0,3175000,1511000,None,None,None,36.15,37.2
15,2016-09-30,USD,0,0,5124000,0,-23787000,5471000,0,0,7574000,0,11041000,None,10828000,-6206000,-2035000,None,None,None,0,0,0,2103000,0,0,-15545000,5471000,None,USD,2461902000,43639000,None,None,2180807000,281095000,0,1900879000,12905000,56841000,9190000,39389000,404334000,225082000,0,261569000,261569000,5350000,17811000,0,None,237456000,0,6962000,209738000,1138000,1900879000,0,0,0,0,0,0,None,None,None,None,None,None,None,None,None,None,None,None,None,None,None,13000000,USD,-84278000,910000,-325114000,0,31000000,380473000,168359000,None,5471000,14219000,21292000,None,0,0,0,0,0,2343000,590000,None,None,None,27.0,36.15
16,2016-06-30,USD,0,0,4223000,0,7937000,5254000,0,0,7593000,0,10391000,None,10515000,2255000,4945000,None,None,None,0,0,0,2339000,0,0,5254000,5254000,None,USD,2367581000,43835000,None,None,2091330000,276251000,0,1843339000,12869000,52870000,8280000,39389000,398734000,210863000,0,230569000,230569000,6850000,17821000,0,None,232416000,0,7969000,209711000,1397000,1843339000,0,0,0,0,0,0,None,None,None,None,None,None,None,None,None,None,None,None,None,None,None,13000000,USD,-123825000,1203000,-240442000,0,145000000,291378000,110766000,None,5254000,27573000,11496000,None,0,0,0,0,0,1937000,196000,None,None,None,24.88,27.0
17,2016-03-31,USD,0,0,3077000,0,0,6355000,0,0,9425000,0,10505000,None,10507000,0,0,None,None,None,0,0,0,3070000,0,0,0,6355000,None,USD,2210707000,44030000,None,None,1944414000,266293000,0,None,12845000,43565000,7076000,39389000,304208000,183290000,0,None,None,None,18121000,0,None,None,0,None,9684000,1397000,1842654000,0,0,0,0,0,0,None,None,None,None,None,None,None,None,None,None,None,None,None,None,None,13000000,USD,None,None,0,0,None,145951000,110639000,None,6355000,None,0,None,0,0,0,0,0,None,81000,None,None,None,18.37,24.88
18,2015-12-31,USD,78366000,52629000,4396000,78366000,0,4212000,0,0,6178000,0,10084000,None,9358000,4079000,8640000,None,None,None,0,0,0,1966000,-2176000,0,15786000,3653000,None,USD,2084579000,44619000,None,86103000,1826089000,258490000,0,1759133000,12815000,36428000,7298000,39389000,248325000,98131000,1809257000,59658000,59658000,2017000,18471000,184365000,167666000,213871000,85051000,6518000,9658000,29285000,1759133000,0,0,0,0,0,-38000,None,None,None,None,None,None,None,None,None,None,None,None,None,None,None,11000000,USD,-64388000,0,-243516000,-12101000,22500000,203986000,136376000,503000,4212000,-19109000,18320000,None,2444000,-559000,0,0,0,2836000,1939000,None,None,None,23.65,18.37
19,2015-09-30,USD,0,0,3768000,0,0,4220000,0,0,6177000,0,10285000,None,9172000,0,0,None,None,None,0,0,0,1957000,0,0,0,4220000,None,USD,2012350000,44826000,None,None,1816307000,196043000,0,None,9825000,31518000,7628000,39389000,242264000,0,0,None,None,None,18838000,0,None,None,0,None,37131000,28450000,1656548000,0,0,0,0,0,-37000,None,None,None,None,None,None,None,None,None,None,None,None,None,None,None,10000000,USD,None,None,0,0,None,136025000,33052000,None,4220000,None,8107000,None,0,-559000,0,0,0,None,1891000,None,None,None,nan,23.65
