,fiscalDateEnding,reportedCurrency_x,totalRevenue,totalOperatingExpense,costOfRevenue,grossProfit,ebit,netIncome_x,researchAndDevelopment,effectOfAccountingCharges,incomeBeforeTax,minorityInterest,sellingGeneralAdministrative,otherNonOperatingIncome,operatingIncome,otherOperatingExpense,interestExpense,taxProvision,interestIncome,netInterestIncome,extraordinaryItems,nonRecurring,otherItems,incomeTaxExpense,totalOtherIncomeExpense,discontinuedOperations,netIncomeFromContinuingOperations,netIncomeApplicableToCommonShares,preferredStockAndOtherAdjustments,reportedCurrency_y,totalAssets,intangibleAssets,earningAssets,otherCurrentAssets,totalLiabilities,totalShareholderEquity,deferredLongTermLiabilities,otherCurrentLiabilities,commonStock,retainedEarnings,otherLiabilities,goodwill,otherAssets,cash,totalCurrentLiabilities,shortTermDebt,currentLongTermDebt,otherShareholderEquity,propertyPlantEquipment,totalCurrentAssets,longTermInvestments,netTangibleAssets,shortTermInvestments,netReceivables,longTermDebt,inventory,accountsPayable,totalPermanentEquity,additionalPaidInCapital,commonStockTotalEquity,preferredStockTotalEquity,retainedEarningsTotalEquity,treasuryStock,accumulatedAmortization,otherNonCurrrentAssets,deferredLongTermAssetCharges,totalNonCurrentAssets,capitalLeaseObligations,totalLongTermDebt,otherNonCurrentLiabilities,totalNonCurrentLiabilities,negativeGoodwill,warrants,preferredStockRedeemable,capitalSurplus,liabilitiesAndShareholderEquity,cashAndShortTermInvestments,accumulatedDepreciation,commonStockSharesOutstanding,reportedCurrency,investments,changeInLiabilities,cashflowFromInvestment,otherCashflowFromInvestment,netBorrowings,cashflowFromFinancing,otherCashflowFromFinancing,changeInOperatingActivities,netIncome_y,changeInCash,operatingCashflow,otherOperatingCashflow,depreciation,dividendPayout,stockSaleAndPurchase,changeInInventory,changeInAccountReceivables,changeInNetIncome,capitalExpenditures,changeInReceivables,changeInExchangeRate,changeInCashAndCashEquivalents,clossingVal,nextClossingVal
0,2020-06-30,USD,0,2918000,None,None,-2922000,-2922000,1103000,None,-2922000,None,1815000,-4000,-2918000,None,None,None,3000,3000,None,None,None,None,-7000,None,-2922000,-2922000,None,USD,16458000,1976000,None,545000,1920000,14538000,None,165000,51000,-51946000,110000,1034000,496000,12111000,1810000,None,None,4000,56000,12656000,None,11528000,None,0,None,None,1645000,None,None,51000,None,-51946000,None,None,736000,None,3802000,275000,None,110000,110000,None,None,None,66429000,16458000,12111000,None,1937703,USD,-12000,801000,-12000,None,1579000,2167000,-1000,12000,-2922000,-43000,-2198000,-450000,65000,None,2167000,None,0,308000,12000,None,None,-43000,0.4,
1,2020-03-31,USD,0,3357000,None,None,-3320000,-3320000,1541000,None,-3320000,None,1816000,37000,-3357000,None,None,None,42000,42000,None,None,None,None,-5000,None,-3320000,-3320000,None,USD,16647000,2031000,None,746000,1662000,14985000,None,196000,43000,-49024000,None,1034000,343000,12156000,1544000,None,None,4000,52000,12902000,None,11920000,None,0,None,None,1348000,None,None,43000,None,-49024000,None,None,628000,None,3745000,314000,None,118000,118000,None,None,None,63962000,16647000,12156000,None,31352764,USD,-2000,-1506000,-2000,None,1579000,-47000,-47000,-837000,-3320000,-4510000,-4461000,-6000,61000,None,-47000,None,8000,302000,2000,8000,None,-4510000,0.33,0.4
2,2019-12-31,USD,0,3209000,None,None,-3194000,-3194000,1763000,None,-3194000,None,1446000,15000,-3209000,None,None,None,27000,27000,None,None,None,None,-12000,None,-3194000,-3194000,None,USD,21078000,2087000,None,662000,3028000,18050000,None,203000,41000,-45704000,159000,1034000,237000,16664000,2869000,None,None,4000,57000,17334000,None,14929000,0,8000,None,None,2666000,None,None,41000,None,-45704000,None,None,566000,None,3744000,362000,None,159000,159000,None,None,None,63709000,21078000,16664000,None,29485178,USD,-1000,239000,-1000,5089000,1579000,12703000,12334000,-850000,-3194000,9288000,-3414000,-804000,62000,None,369000,None,-1000,284000,1000,-1000,None,9288000,0.53,0.33
3,2019-09-30,USD,0,3717000,None,None,-3673000,-3673000,1824000,None,-3673000,None,1893000,44000,-3717000,None,None,None,40000,40000,None,None,None,None,4000,None,-3673000,-3673000,None,USD,11492000,2143000,None,264000,3351000,8141000,None,198000,19000,-42510000,212000,1034000,240000,7375000,3139000,None,None,4000,64000,7639000,None,4964000,0,None,None,None,2941000,None,None,19000,None,-42510000,None,None,612000,None,3853000,410000,None,212000,212000,None,None,None,50628000,11492000,7375000,None,8102764,USD,0,604000,-1000,5089000,1579000,0,-47000,362000,-3673000,-3072000,-3072000,-375000,62000,None,4199000,None,-1000,310000,52000,None,None,-3072000,1.7,0.53
4,2019-06-30,USD,0,3662000,None,None,-3624000,-3624000,2032000,None,-3624000,None,1630000,38000,-3662000,None,None,None,41000,41000,None,None,None,None,-3000,None,-3624000,-3624000,None,USD,14755000,2199000,None,356000,3251000,11504000,None,192000,19000,-38837000,20000,1034000,235000,10446000,2988000,None,None,4000,71000,10802000,None,8271000,0,None,None,None,2796000,None,None,19000,None,-38837000,None,None,649000,None,3953000,455000,None,263000,263000,None,None,None,50318000,14755000,10446000,None,8097763,USD,2345000,-1021000,2347000,5089000,None,4622000,-47000,-612000,-3624000,3128000,-3841000,422000,65000,None,4622000,None,-1000,317000,2000,None,None,3124000,1.93,1.7
5,2019-03-31,USD,0,5940000,None,None,-5904000,-5904000,4055000,None,-5904000,None,1885000,36000,-5940000,None,None,None,62000,62000,None,None,None,None,-26000,None,-5904000,-5904000,None,USD,14501000,2254000,None,866000,4312000,10189000,None,186000,18000,-31288000,24000,1034000,147000,7320000,3999000,170000,170000,4000,80000,10531000,None,6901000,2345000,None,289000,None,3813000,None,None,18000,None,-31288000,None,None,602000,None,3970000,499000,None,313000,313000,None,None,None,41455000,14501000,9665000,None,6721200,USD,2744000,575000,2690000,2744000,None,0,None,110000,-5904000,-2199000,-4889000,85000,65000,None,None,None,-1000,290000,54000,None,4000,-2195000,3.23,1.93
6,2018-12-31,USD,0,3709000,0,0,-3637000,-3637000,2081000,0,-3637000,0,1628000,72000,-3709000,0,0,None,None,None,0,0,0,0,72000,0,-3637000,-3637000,None,USD,19084000,2310000,None,926000,3282000,15802000,None,11000,18000,-25381000,12000,1034000,168000,9515000,3270000,11000,None,4000,35000,15537000,None,12458000,5089000,7000,None,None,3259000,None,None,18000,None,-25381000,None,None,168000,None,3547000,12000,12000,None,12000,None,None,None,41161000,19084000,14604000,None,6721117,USD,-3699000,305000,-3709000,-5079000,None,5010000,1000,64000,-3637000,-2240000,-3541000,-555000,62000,None,5009000,None,18000,266000,10000,18000,None,-2240000,1.21,3.23
7,2018-09-30,USD,0,3294000,0,0,-3240000,-3240000,1541000,0,-3240000,0,1753000,54000,-3294000,0,0,None,None,None,0,0,0,0,54000,0,-3240000,-3240000,None,USD,17141000,2365000,None,349000,2977000,14164000,0,11000,16000,-21744000,15000,1034000,191000,11755000,2962000,11000,None,5000,32000,13519000,None,10765000,1390000,25000,0,0,2951000,0,0,16000,0,-21744000,0,None,191000,None,3622000,15000,15000,None,15000,None,None,None,35887000,17141000,13145000,None,4901095,USD,-1390000,199000,-1390000,0,None,846000,None,-229000,-3240000,-3525000,-2981000,-221000,66000,0,846000,0,5000,210000,10000,5000,None,-3525000,3.15,1.21
8,2018-06-30,USD,0,2796000,0,0,-2788000,-2788000,1045000,0,-2788000,0,1751000,8000,-2796000,0,0,None,None,None,0,0,0,0,8000,0,-2788000,-2788000,None,USD,19220000,2421000,None,168000,2778000,16442000,0,11000,15000,-18504000,18000,1034000,151000,15280000,2760000,11000,None,5000,42000,15572000,None,12987000,0,124000,0,0,2749000,0,0,15000,0,-18504000,0,None,151000,None,3648000,18000,18000,None,18000,None,None,None,34926000,19220000,15280000,None,4238526,USD,-1390000,460000,-36000,10000,None,12796000,12193000,845000,-2788000,10892000,-1868000,216000,68000,0,603000,0,-21000,197000,36000,-21000,None,10893000,3.78,3.15
9,2018-03-31,USD,0,3014000,0,0,-3022000,-3022000,1201000,0,-3022000,0,1813000,-8000,-3014000,0,0,None,None,None,0,0,0,0,-8000,0,-3022000,-3022000,None,USD,8460000,2477000,None,574000,2318000,6142000,0,1898000,13000,-15716000,None,1034000,185000,4165000,2318000,None,None,5000,18000,4746000,None,2631000,222000,7000,0,0,2318000,0,0,13000,0,-15716000,0,None,185000,None,3714000,None,None,None,None,None,None,None,21840000,8460000,4165000,None,12747932,USD,-1390000,305000,10000,10000,None,1105000,None,315000,-3022000,-1118000,-2233000,217000,86000,0,1105000,0,-21000,181000,36000,None,-1000,-1119000,1.27,3.78
10,2017-12-31,USD,0,-2178000,0,0,2032000,2155000,587000,0,2032000,0,-2872000,-146000,2178000,0,0,None,None,None,0,53000,0,-123000,211000,0,2155000,2155000,None,USD,9892000,2532000,None,393000,2013000,7879000,0,1800000,12000,-12694000,None,1034000,3925000,5506000,2013000,27000,27000,5000,59000,5908000,None,4313000,222000,9000,0,0,1986000,0,0,12000,0,-12694000,0,None,359000,None,3984000,None,None,None,None,None,None,None,20556000,9892000,5506000,None,11947932,USD,-5089000,-534000,272000,272000,1942000,894000,17000,-3200000,-3740000,-2457000,-3623000,248000,91000,0,877000,0,-9000,157000,46000,155000,-8000,-2465000,1.3433,1.27
11,2017-09-30,USD,0,2375000,0,0,-9400000,-6472000,825000,0,-9400000,0,1550000,-7025000,-2375000,0,0,None,None,None,0,-338000,0,-2928000,-7305000,0,-6472000,-6472000,None,USD,13029000,2588000,None,535000,2347000,10682000,0,3000,11000,-8915000,16000,1034000,4309000,8021000,2331000,31000,31000,5000,94000,8626000,None,7060000,0,70000,0,0,2297000,0,0,11000,0,-8915000,0,None,687000,None,4403000,16000,16000,None,16000,None,None,None,19581000,13029000,8021000,None,11482845,USD,-10230000,5305000,2147000,12376000,1942000,1129000,1129000,-4000,-577000,9318000,6042000,-2444000,61000,0,1129000,0,164000,4130000,0,-433000,5000,9323000,2.03,1.3433
12,2017-06-30,USD,0,3089000,0,0,-2997000,-2997000,777000,0,-2997000,0,2321000,92000,-3089000,-9000,0,None,None,None,0,383000,0,1000,15000,0,-2997000,-2997000,None,USD,14878000,0,None,307000,1775000,13103000,0,114000,30000,-203230000,None,0,13000,13916000,1753000,46000,46000,2641000,129000,14464000,None,13103000,0,241000,0,0,1593000,0,0,30000,0,-203230000,0,None,285000,None,414000,22000,22000,None,22000,None,None,None,213662000,14878000,13916000,None,30104495,USD,760000,-162000,760000,0,-20000,-3000,-3000,647000,-2997000,-1774000,-2531000,458000,37000,0,0,0,-237000,137000,1000,-4000,None,-1774000,0.3597,2.03
13,2017-03-31,USD,0,3346000,0,0,-3269000,-3269000,912000,0,-3269000,0,2532000,77000,-3346000,-98000,0,None,None,None,0,-98000,0,0,77000,0,-3269000,-3269000,None,USD,17903000,0,None,765000,2012000,15891000,0,180000,30000,-200230000,None,0,13000,15690000,1980000,55000,850000,2641000,166000,17452000,None,15891000,760000,237000,0,0,1745000,0,0,30000,0,-200230000,0,None,285000,None,451000,32000,32000,None,32000,None,None,None,213450000,17903000,16450000,None,30087485,USD,9470000,-6342000,9469000,0,20000,-19000,-19000,113000,-3269000,455000,-8995000,189000,93000,0,0,0,-241000,61000,1000,273000,2000,457000,0.442,0.3597
14,2016-12-31,USD,0,6013000,0,0,-5843000,-5843000,1702000,0,-5843000,0,2295000,170000,-6013000,2245000,0,None,None,None,0,-229000,0,-504000,-699000,0,-5843000,-5843000,None,USD,27470000,2755000,None,954000,8504000,18966000,0,232000,29000,-196942000,124000,1034000,0,15233000,8455000,57000,829000,2640000,258000,26927000,None,18966000,10230000,510000,0,0,8166000,0,0,29000,0,-196942000,0,None,285000,None,543000,49000,49000,None,49000,None,None,None,213239000,27470000,25463000,None,30025521,USD,10421000,-2033000,10414000,0,150000,-2000,-2000,1291000,-5843000,3433000,-6979000,693000,40000,0,0,0,-9000,480000,7000,-316000,None,3433000,0.4999,0.442
15,2016-09-30,USD,0,4365000,0,0,-3690000,-3690000,3782000,0,-3690000,0,1864000,675000,-4365000,-1281000,0,None,None,None,0,0,0,0,1182000,0,-3690000,-3690000,None,USD,35074000,0,None,1805000,10655000,24419000,0,350000,30000,-191097000,None,0,13000,11800000,10588000,57000,None,2643000,493000,34296000,None,24419000,20655000,36000,0,0,10181000,0,0,30000,0,-191097000,0,None,285000,None,778000,67000,67000,None,67000,None,None,None,212843000,35074000,32455000,None,30020294,USD,8486000,-48000,8482000,0,None,0,None,None,-3690000,1219000,-7263000,-2975000,45000,0,0,0,144000,-755000,4000,160000,None,1219000,0.507,0.4999
16,2016-06-30,USD,2122000,8504000,0,2122000,-6889000,-6889000,4662000,0,-6889000,0,2475000,-507000,-6382000,-8000,0,None,None,None,0,1375000,0,0,-1232000,0,-6889000,-6889000,None,USD,42198000,0,None,1605000,13949000,28249000,0,2346000,29000,-187407000,None,0,12000,10581000,13865000,1307000,None,2650000,534000,41380000,None,28249000,29147000,47000,0,0,10212000,0,0,29000,0,-187407000,0,None,284000,None,818000,84000,84000,None,84000,None,None,None,212977000,42198000,39728000,None,30009730,USD,-1943000,-2584000,-1978000,0,None,0,None,None,-6889000,-8332000,-6354000,1688000,47000,0,0,0,293000,1452000,35000,-68000,None,-8332000,1.0,0.507
17,2016-03-31,USD,2940000,7372000,0,2940000,-3707000,-3707000,4642000,0,-3707000,0,2299000,725000,-4432000,0,0,None,None,None,0,431000,0,0,725000,0,-3707000,-3707000,None,USD,48841000,0,None,1818000,14625000,34216000,0,2537000,30000,-180518000,None,0,38000,18913000,14533000,1301000,None,2646000,546000,47985000,None,34216000,27201000,53000,0,0,10695000,0,0,30000,0,-180518000,0,None,310000,None,856000,92000,92000,None,92000,None,None,None,212058000,48841000,46114000,None,29914226,USD,-6310000,-5477000,-6310000,0,None,0,None,None,-3707000,-15397000,-9087000,401000,56000,0,0,0,219000,-199000,0,-161000,None,-15397000,0.6835,1.0
18,2015-12-31,USD,6024000,9502000,0,6024000,-1724000,-1724000,6587000,0,-1724000,0,2915000,1754000,-3478000,0,0,None,None,None,0,3783000,0,-610500,-582000,0,-1724000,-1724000,None,USD,58209000,2977000,None,1987000,20769000,37440000,0,6145000,29000,-176811000,627000,1034000,37000,34310000,20664000,1302000,683000,2632000,602000,57298000,None,37440000,20876000,125000,0,0,13217000,0,0,29000,0,-176811000,0,None,309000,None,911000,105000,105000,None,105000,None,None,None,211590000,58209000,55186000,None,29812998,USD,2574000,-5183000,2504000,0,3616500,14000,-5000,1032000,-1724000,-8167000,-10685000,-2437000,66000,0,14000,0,-9000,-1343000,70000,-64000,None,-8167000,1.21,0.6835
19,2015-09-30,USD,6737000,11428000,0,6737000,-4550000,-4550000,8303000,0,-4550000,0,3125000,141000,-4691000,0,0,None,None,None,0,0,0,0,1467000,0,-4550000,-4550000,None,USD,68237000,0,None,1599000,29465000,38772000,0,13877000,30000,-175087000,None,0,38000,42477000,29348000,1303000,None,2642000,380000,67597000,None,38772000,23460000,61000,0,0,14168000,0,0,30000,0,-175087000,0,None,260000,None,640000,117000,117000,None,117000,None,None,None,211187000,68237000,65937000,None,29798914,USD,-11270000,-5569000,-11306000,0,None,14416000,None,None,-4550000,-5522000,-8632000,680000,62000,0,14416000,0,-5663000,581000,36000,164000,None,-5524000,2.23,1.21
