,fiscalDateEnding,reportedCurrency_x,totalRevenue,totalOperatingExpense,costOfRevenue,grossProfit,ebit,netIncome_x,researchAndDevelopment,effectOfAccountingCharges,incomeBeforeTax,minorityInterest,sellingGeneralAdministrative,otherNonOperatingIncome,operatingIncome,otherOperatingExpense,interestExpense,taxProvision,interestIncome,netInterestIncome,extraordinaryItems,nonRecurring,otherItems,incomeTaxExpense,totalOtherIncomeExpense,discontinuedOperations,netIncomeFromContinuingOperations,netIncomeApplicableToCommonShares,preferredStockAndOtherAdjustments,reportedCurrency_y,totalAssets,intangibleAssets,earningAssets,otherCurrentAssets,totalLiabilities,totalShareholderEquity,deferredLongTermLiabilities,otherCurrentLiabilities,commonStock,retainedEarnings,otherLiabilities,goodwill,otherAssets,cash,totalCurrentLiabilities,shortTermDebt,currentLongTermDebt,otherShareholderEquity,propertyPlantEquipment,totalCurrentAssets,longTermInvestments,netTangibleAssets,shortTermInvestments,netReceivables,longTermDebt,inventory,accountsPayable,totalPermanentEquity,additionalPaidInCapital,commonStockTotalEquity,preferredStockTotalEquity,retainedEarningsTotalEquity,treasuryStock,accumulatedAmortization,otherNonCurrrentAssets,deferredLongTermAssetCharges,totalNonCurrentAssets,capitalLeaseObligations,totalLongTermDebt,otherNonCurrentLiabilities,totalNonCurrentLiabilities,negativeGoodwill,warrants,preferredStockRedeemable,capitalSurplus,liabilitiesAndShareholderEquity,cashAndShortTermInvestments,accumulatedDepreciation,commonStockSharesOutstanding,reportedCurrency,investments,changeInLiabilities,cashflowFromInvestment,otherCashflowFromInvestment,netBorrowings,cashflowFromFinancing,otherCashflowFromFinancing,changeInOperatingActivities,netIncome_y,changeInCash,operatingCashflow,otherOperatingCashflow,depreciation,dividendPayout,stockSaleAndPurchase,changeInInventory,changeInAccountReceivables,changeInNetIncome,capitalExpenditures,changeInReceivables,changeInExchangeRate,changeInCashAndCashEquivalents,clossingVal,nextClossingVal
0,2020-06-30,USD,135215000,120858000,70007000,65208000,17002000,16081000,32575000,None,15948000,None,18276000,None,14357000,None,None,-133000,1625000,1625000,None,None,None,-133000,-34000,None,16081000,16081000,None,USD,780266000,None,None,None,150957000,629309000,None,None,4000,247104000,11818000,None,53286000,245534000,119957000,None,None,1498000,57086000,599176000,70718000,629309000,198125000,115109000,None,32457000,53653000,None,None,None,None,None,None,None,850000,None,181090000,23630000,None,5538000,31000000,None,None,None,None,None,None,None,None,USD,134022000,9637000,134022000,None,None,150000,None,3235000,16081000,159524000,25352000,None,2645000,None,None,3843000,-18283000,9031000,3447000,None,None,None,67.19,
1,2020-03-31,USD,125626000,112810000,66344000,59282000,15486000,15644000,32095000,None,15066000,None,14371000,None,12816000,None,None,-578000,2293000,2293000,None,None,None,-578000,-43000,None,15644000,15644000,None,USD,741045000,None,None,None,138405000,602640000,None,None,4000,231023000,13097000,None,52974000,86010000,105598000,None,None,-293000,56524000,509002000,122545000,602640000,281686000,96826000,None,36300000,43578000,None,None,None,None,None,-39712000,None,789000,None,232043000,23979000,None,5980000,32807000,None,None,None,411618000,None,367696000,None,43000000,USD,27015000,-4983000,27015000,-7000,None,323000,None,-6874000,15644000,49393000,22055000,None,2670000,None,323000,4520000,1122000,9956000,2742000,None,None,None,67.18,67.19
2,2019-12-31,USD,128673000,122559000,67999000,60674000,9399000,12782000,40122000,None,8623000,None,14438000,None,6114000,None,None,-4159000,2473000,2473000,None,None,None,-4159000,36000,None,12782000,12782000,None,USD,721415000,None,None,None,142992000,578423000,None,34837000,4000,215379000,14146000,None,52904000,36617000,113120000,None,None,720000,51847000,482032000,134632000,578423000,300129000,97948000,None,40820000,46957000,None,None,None,None,None,-39712000,None,1106000,None,239383000,19954000,None,7029000,29872000,None,None,None,402032000,None,336746000,None,43000000,USD,-42815000,-7192000,-42815000,-7000,None,2429000,None,-203000,12782000,-27851000,12535000,None,3285000,None,0,-3513000,1796000,5580000,2726000,None,None,None,67.81,67.18
3,2019-09-30,USD,119591000,109618000,60512000,59079000,12917000,15105000,28649000,None,12463000,None,20457000,None,9973000,None,None,-2642000,2592000,2592000,None,None,None,-2642000,-102000,None,15105000,15105000,None,USD,705045000,None,None,None,151124000,553921000,None,41692000,4000,202597000,14963000,None,47927000,64468000,119588000,None,None,762000,52882000,467677000,136559000,553921000,257881000,99744000,None,37307000,45850000,None,None,None,None,None,-39712000,None,916000,None,237368000,20737000,None,7846000,31536000,None,None,None,390270000,None,322349000,None,43000000,USD,-8485000,6786000,-8485000,-2000,None,560000,None,4735000,15105000,18293000,26218000,None,2944000,None,0,1244000,-10248000,5652000,3039000,None,None,None,65.4,67.81
4,2019-06-30,USD,111183000,118971000,60096000,51087000,-4701000,-2025000,28976000,None,-4941000,None,29899000,None,-7788000,None,None,-2916000,2902000,2902000,None,None,None,-2916000,-55000,None,-2025000,-2025000,None,USD,668780000,None,None,None,139230000,529550000,None,35810000,4000,187492000,13228000,None,44272000,46175000,108547000,None,None,661000,54904000,453214000,116390000,529550000,271962000,89496000,None,38551000,47682000,None,None,None,None,None,-39712000,None,1049000,None,215566000,21570000,None,6111000,30683000,None,None,None,381105000,None,318137000,None,41000000,USD,-34639000,-3487000,-34639000,-2000,None,2544000,None,19441000,-2025000,-27357000,4738000,None,3087000,None,3944000,-11839000,-6105000,6478000,3348000,None,None,None,47.16,65.4
5,2019-03-31,USD,105216000,102114000,55374000,49842000,6345000,6977000,30953000,None,5496000,None,15787000,None,3102000,None,None,-1481000,2446000,2446000,None,None,None,-1481000,-52000,None,6977000,6977000,None,USD,642690000,None,None,None,123064000,519626000,None,21059000,4000,189517000,14758000,None,41063000,73532000,93522000,3922000,3922000,183000,50489000,461327000,89811000,519626000,265899000,83391000,14784000,26712000,48974000,None,None,None,None,None,-39712000,None,897000,None,181363000,18706000,None,6829000,29542000,None,None,None,369634000,None,339431000,None,42000000,USD,-17640000,2177000,-17640000,-14916000,None,1400000,None,4564000,6977000,13088000,29328000,None,3243000,None,1400000,-1201000,7440000,6990000,2724000,None,None,None,57.35,47.16
6,2018-12-31,USD,107133000,95505000,54122000,53011000,11628000,9088000,28925000,0,13780000,0,12458000,None,11628000,0,0,None,None,None,0,0,0,4692000,2152000,0,9088000,9088000,None,USD,601859000,None,None,None,99132000,502727000,None,13321000,4000,182540000,15533000,None,46408000,60444000,83599000,None,None,-372000,26643000,454044000,74764000,502727000,264660000,90831000,None,25511000,46650000,None,None,None,None,None,-39712000,None,None,None,None,None,None,None,None,None,None,None,360267000,None,325104000,None,42000000,USD,-17380000,18099000,-20805000,-52000,None,-24520000,None,-3900000,9088000,-9917000,35408000,None,3514000,None,-33899000,9188000,-9366000,19199000,3373000,None,None,None,38.0,57.35
7,2018-09-30,USD,94814000,86811000,49981000,44833000,8003000,8151000,24696000,0,10014000,0,12134000,None,8003000,0,0,None,None,None,0,0,0,1863000,2011000,0,8151000,8151000,None,USD,605378000,0,None,10202000,94850000,510528000,0,10403000,4000,173452000,24583000,0,58647000,70361000,70267000,None,None,-284000,28314000,449474000,68943000,510528000,252747000,81465000,0,34699000,32728000,0,0,0,0,0,-12699000,None,None,None,None,None,None,None,None,None,None,None,None,None,None,None,42000000,USD,-47032000,6248000,-48663000,-27000,None,-11495000,None,12609000,8151000,-30295000,29863000,None,3498000,0,0,15951000,-25066000,8472000,1604000,None,None,None,41.37,38.0
8,2018-06-30,USD,65003000,77122000,39798000,25205000,-12119000,-3245000,24340000,0,-10819000,0,12984000,None,-12119000,0,0,None,None,None,0,0,0,-7574000,1300000,0,-3245000,-3245000,None,USD,592169000,0,None,21053000,86242000,505927000,0,7413000,4000,165301000,24013000,0,59782000,100656000,62229000,None,None,-515000,29507000,431517000,71363000,505927000,202759000,56399000,0,50650000,28663000,0,0,0,0,0,-771000,None,None,None,None,None,None,None,None,None,None,None,None,None,None,None,40000000,USD,8598000,-5866000,5619000,-27000,None,1148000,None,-11287000,-3245000,15521000,8754000,None,3368000,0,0,6506000,18366000,912000,2979000,None,None,None,34.81,41.37
9,2018-03-31,USD,72941000,87603000,48870000,24071000,-14662000,-9078000,24445000,0,-13379000,0,14288000,None,-14662000,0,0,None,None,None,0,0,0,-4301000,1283000,0,-9078000,-9078000,None,USD,602940000,0,None,19481000,102731000,500209000,0,8778000,4000,168501000,24062000,0,53606000,85135000,78669000,None,None,-722000,30426000,459077000,59831000,500209000,222540000,74765000,0,57156000,34527000,0,0,0,0,0,0,None,None,None,None,None,None,None,None,None,None,None,None,None,None,None,40000000,USD,14296000,-8747000,7612000,20000,None,968000,None,5191000,-9078000,17640000,9060000,None,3266000,0,0,5076000,11837000,3344000,6704000,None,None,None,38.46,34.81
10,2017-12-31,USD,86603000,338514000,43408000,121698000,-15217000,20009000,24430000,0,5991000,0,35073000,None,4943000,0,-11000,None,None,None,0,0,0,26355000,2328000,0,-6372000,20009000,None,USD,611250000,0,None,18985000,109200000,502050000,0,37385000,4000,177102000,23574000,0,135828000,67495000,85626000,None,None,-320000,28175000,447247000,85182000,502050000,211933000,86602000,0,62232000,47819000,0,0,0,0,0,0,None,None,None,None,None,None,None,None,None,None,None,None,None,None,None,42000000,USD,-193859000,4586000,-207907000,64000,None,5477000,-201000,-1758000,38508000,-138907000,63523000,None,12280000,0,0,-30551000,21525000,5404000,14112000,None,None,None,36.23,38.46
11,2017-09-30,USD,104998000,93600000,55596000,20760000,118705000,18499000,27135000,0,9871000,0,37240000,None,8902000,0,0,None,None,None,0,0,0,1883000,143000,0,111634000,18499000,None,USD,592801000,0,None,17556000,78450000,514351000,0,36865000,4000,197752000,2465000,0,115401000,115761000,75985000,None,None,-34000,25090000,452310000,None,514351000,173388000,95622000,0,49983000,38180000,0,0,0,0,0,0,None,None,None,None,None,None,None,None,None,None,None,None,None,None,None,42000000,USD,3972000,2239000,-139057000,0,None,3339000,None,7370000,18499000,9634000,45077000,None,0,0,0,18302000,12505000,-3109000,10031000,None,None,None,47.1,36.23
12,2017-06-30,USD,78898000,-168740000,50552000,-30918000,-96363000,4664000,22734000,0,-36135000,0,32102000,None,-36554000,0,0,None,None,None,0,0,0,-5090000,419000,0,-102463000,4664000,None,USD,558762000,0,None,19121000,69784000,488978000,0,32164000,4000,179257000,1932000,0,106859000,106127000,67852000,None,None,-30000,25765000,426138000,None,488978000,176293000,82911000,0,41686000,35224000,0,0,0,0,0,0,None,None,None,None,None,None,None,None,None,None,None,None,None,None,None,42000000,USD,-55194000,-887000,-140982000,0,None,2881000,-13000,-2493000,4664000,-33514000,37826000,None,0,0,0,10005000,25216000,-6304000,8006000,None,None,None,41.47,47.1
13,2017-03-31,USD,114667000,84786000,55490000,56300000,29881000,35709000,17728000,0,30288000,0,26419000,None,29881000,0,0,None,None,None,0,0,0,-5421000,407000,0,35709000,35709000,None,USD,548423000,0,None,17823000,72440000,475983000,0,32281000,4000,174571000,1829000,0,83408000,139641000,70611000,None,None,-52000,27292000,437723000,None,475983000,131684000,114891000,0,33684000,37062000,0,0,0,0,0,0,None,None,None,None,None,None,None,None,None,None,None,None,None,None,None,42000000,USD,-77752000,-11322000,-83360000,0,None,695000,-188000,-5811000,35709000,-66761000,15904000,None,0,0,0,2003000,6764000,3218000,5608000,None,None,None,58.62,41.47
14,2016-12-31,USD,142427000,360797000,71466000,68329000,80605000,64494000,19528000,0,41620000,0,26960000,None,41369000,0,-11000,None,None,None,0,0,0,-19078000,251000,0,96689000,64494000,None,USD,516936000,0,None,12161000,82141000,434795000,0,30568000,4000,138898000,1473000,0,29437000,206402000,80668000,None,None,-16000,25124000,462375000,None,434795000,104004000,108127000,0,31681000,49430000,0,0,0,0,0,0,None,None,None,None,None,None,None,None,None,None,None,None,None,None,None,30000000,USD,-104151000,37653000,-121491000,-86000,-34000,199069000,-3490000,2290000,64494000,178792000,101214000,None,9168000,0,0,-3761000,-66867000,11917000,17254000,None,None,None,61.75,58.62
15,2016-09-30,USD,135304000,0,69288000,63300000,17194000,34888000,18915000,0,37010000,0,26456000,None,36844000,0,0,None,None,None,0,0,0,2122000,166000,0,17291000,34888000,None,USD,351912000,0,None,5373000,89421000,262491000,0,30307000,4000,74403000,1589000,0,18922000,122914000,87832000,None,None,-17000,21119000,311871000,None,262491000,52641000,101749000,0,29194000,48389000,0,0,0,0,0,0,None,None,None,None,None,None,None,None,None,None,None,None,None,None,None,41000000,USD,-52719000,39910000,-65028000,0,None,95963000,-14592000,-4049000,34888000,-36095000,64369000,None,0,0,0,1274000,60489000,2037000,12267000,None,None,None,103.28,61.75
16,2016-06-30,USD,116192000,0,60086000,89358000,19816000,17597000,21839000,0,19816000,0,30488000,None,23464000,0,0,None,None,None,0,0,0,2219000,-3411000,0,17597000,17597000,None,USD,296225000,0,None,3335000,74942000,221283000,0,23522000,4000,39532000,964000,0,11960000,159009000,73978000,None,None,-17000,20768000,263497000,None,221283000,0,77889000,0,23264000,48574000,0,0,0,0,0,0,None,None,None,None,None,None,None,None,None,None,None,None,None,None,None,24000000,USD,-52719000,25755000,-8056000,0,-10000,96535000,-14592000,-176000,17597000,126119000,42920000,None,0,0,0,4656000,36629000,13128000,8033000,None,None,None,39.94,103.28
17,2016-03-31,USD,84489000,0,47417000,0,0,14598000,15414000,0,16175000,0,19468000,None,15938000,0,0,None,None,None,0,0,0,1577000,0,0,0,14598000,None,USD,161274000,None,None,6043000,67472000,93802000,None,24611000,1000,21935000,3808000,None,12251000,32890000,63664000,None,None,None,20275000,None,None,None,None,None,None,25682000,38234000,None,None,None,71866000,None,None,None,None,None,None,None,None,None,None,None,None,None,None,None,None,None,9000000,USD,None,15742000,None,None,None,None,None,None,14598000,None,11899000,None,None,None,None,2238000,None,None,6221000,None,None,None,nan,39.94
18,2015-12-31,USD,68547000,197119000,35648000,93706000,41937000,22637000,12318000,0,13789000,0,17382000,None,14105000,0,-135000,None,None,None,0,0,0,-4069000,-2132000,0,40520000,22637000,None,USD,130744000,None,None,6655000,51948000,78796000,None,22264000,1000,8015000,3650000,None,11374000,27610000,48298000,None,None,-16000,15925000,103445000,None,8016000,104004000,41260000,None,27920000,25015000,None,None,None,70780000,None,None,None,None,None,None,None,None,None,None,None,None,None,None,None,None,None,8000000,USD,-104151000,18655000,-12116000,-6000,-2218000,-3847000,-1829000,5595000,22637000,6482000,22450000,None,4576000,None,200000,-12921000,-23205000,-8130000,12110000,None,None,None,nan,nan
19,2015-09-30,USD,65419000,0,39001000,0,0,8839000,9604000,0,12193000,0,12609000,None,12601000,0,0,None,None,None,0,0,0,3354000,0,0,0,8839000,None,USD,None,None,None,None,None,None,None,None,None,None,None,None,None,None,None,None,None,None,None,None,None,None,None,None,None,None,None,None,None,None,None,None,None,None,None,None,None,None,None,None,None,None,None,None,None,None,None,None,8000000,USD,None,None,None,None,None,None,None,None,8839000,None,None,None,None,None,None,None,None,None,0,None,None,None,nan,nan
