,fiscalDateEnding,reportedCurrency_x,totalRevenue,totalOperatingExpense,costOfRevenue,grossProfit,ebit,netIncome_x,researchAndDevelopment,effectOfAccountingCharges,incomeBeforeTax,minorityInterest,sellingGeneralAdministrative,otherNonOperatingIncome,operatingIncome,otherOperatingExpense,interestExpense,taxProvision,interestIncome,netInterestIncome,extraordinaryItems,nonRecurring,otherItems,incomeTaxExpense,totalOtherIncomeExpense,discontinuedOperations,netIncomeFromContinuingOperations,netIncomeApplicableToCommonShares,preferredStockAndOtherAdjustments,reportedCurrency_y,totalAssets,intangibleAssets,earningAssets,otherCurrentAssets,totalLiabilities,totalShareholderEquity,deferredLongTermLiabilities,otherCurrentLiabilities,commonStock,retainedEarnings,otherLiabilities,goodwill,otherAssets,cash,totalCurrentLiabilities,shortTermDebt,currentLongTermDebt,otherShareholderEquity,propertyPlantEquipment,totalCurrentAssets,longTermInvestments,netTangibleAssets,shortTermInvestments,netReceivables,longTermDebt,inventory,accountsPayable,totalPermanentEquity,additionalPaidInCapital,commonStockTotalEquity,preferredStockTotalEquity,retainedEarningsTotalEquity,treasuryStock,accumulatedAmortization,otherNonCurrrentAssets,deferredLongTermAssetCharges,totalNonCurrentAssets,capitalLeaseObligations,totalLongTermDebt,otherNonCurrentLiabilities,totalNonCurrentLiabilities,negativeGoodwill,warrants,preferredStockRedeemable,capitalSurplus,liabilitiesAndShareholderEquity,cashAndShortTermInvestments,accumulatedDepreciation,commonStockSharesOutstanding,reportedCurrency,investments,changeInLiabilities,cashflowFromInvestment,otherCashflowFromInvestment,netBorrowings,cashflowFromFinancing,otherCashflowFromFinancing,changeInOperatingActivities,netIncome_y,changeInCash,operatingCashflow,otherOperatingCashflow,depreciation,dividendPayout,stockSaleAndPurchase,changeInInventory,changeInAccountReceivables,changeInNetIncome,capitalExpenditures,changeInReceivables,changeInExchangeRate,changeInCashAndCashEquivalents,clossingVal,nextClossingVal
0,2020-06-30,USD,299910000,-176484000,147346000,-147346000,34133000,14075000,35578000,None,19991000,None,54213000,4995000,29138000,-266275000,14142000,5916000,2954000,-11188000,None,None,None,5916000,2041000,None,14075000,14075000,None,USD,3137577000,551984000,None,398525000,2046840000,1090737000,31140000,466741000,702000,920478000,133093000,1280226000,311033000,129223000,580459000,34206000,34206000,-98334000,69011000,852407000,199964000,-741473000,None,324659000,1282889000,None,79512000,None,None,702000,None,920478000,-399663000,None,124684000,None,59301000,59975000,1282889000,152352000,1466381000,None,None,None,667554000,3137577000,129223000,None,116366996,USD,-15534000,9560000,-15534000,-8516000,-40831000,-39313000,-151000,8625000,14075000,13182000,68029000,13623000,35692000,None,1669000,None,None,14725000,7018000,-19646000,None,13182000,26.99,
1,2020-03-31,USD,291485000,-154554000,165837000,-165837000,-18141000,-24427000,39024000,None,-35312000,None,66009000,-6858000,-11283000,-259587000,17171000,-10885000,2900000,-14271000,None,None,None,-10885000,-9758000,None,-24427000,-24427000,None,USD,3109899000,569327000,None,381675000,2042101000,1067798000,31959000,454978000,702000,906403000,113440000,1280226000,314017000,119124000,556356000,34177000,34177000,-97752000,67893000,806446000,198554000,-781755000,None,305647000,1321452000,None,67201000,None,None,702000,None,906403000,-398278000,None,123658000,None,63795000,57639000,1321452000,132334000,1485745000,None,None,None,656723000,3109899000,119124000,None,115882242,USD,-10138000,-4463000,-10138000,-6541000,-22330000,-60837000,-10973000,-13596000,-24427000,-13475000,57500000,6682000,33822000,None,-27534000,None,None,-2813000,3597000,48699000,None,-13475000,24.15,26.99
2,2019-12-31,USD,399920000,-275517000,173104000,-173104000,108761000,55486000,34601000,None,90652000,None,58049000,6348000,102413000,-368167000,18109000,35166000,2949000,-15160000,None,None,None,35166000,3399000,None,55486000,55486000,None,USD,3257534000,591486000,None,2582215000,2127566000,1129968000,32053000,511474000,702000,930830000,122043000,1280525000,337385000,121398000,611950000,34148000,34148000,-91583000,70380000,920376000,None,1129968000,None,431930000,1339007000,None,66328000,None,None,702000,None,930830000,-377639000,None,72733000,51611000,121991000,61815000,1339007000,144556000,1515616000,None,None,None,667658000,3257534000,121398000,None,115986352,USD,-25199000,-4459000,-17435000,12124000,-34549000,-28476000,-1164000,-7979000,55486000,2800000,48711000,-10179000,35245000,None,7237000,None,-53744000,26362000,4360000,-53744000,None,2800000,37.885,24.15
3,2019-09-30,USD,354901000,-229486000,174168000,-174168000,55937000,31814000,36543000,None,36950000,None,57703000,619000,55318000,-323732000,18987000,5136000,2988000,-15999000,None,None,None,5136000,-2369000,None,31814000,31814000,None,USD,3340756000,599282000,None,557976000,2281819000,1058937000,24407000,623474000,702000,875344000,117303000,1278265000,325292000,121581000,734880000,34119000,34119000,-94636000,72747000,1004890000,190326000,-818610000,None,325333000,1373555000,None,77287000,None,None,702000,None,875344000,-383126000,None,132276000,62970000,2335866000,63393000,1373555000,148977000,1546939000,None,None,None,660653000,3340756000,121581000,None,115566482,USD,-33285000,-9707000,-33285000,-24461000,14273000,-18956000,-13000,15265000,31814000,-20168000,32073000,16456000,35139000,None,-33216000,None,-53906000,12277000,8824000,-53906000,None,-20168000,31.325,37.885
4,2019-06-30,USD,297618000,-149358000,155240000,-155240000,-1483000,5725000,39235000,None,-16806000,None,82281000,4399000,-5882000,-270874000,15323000,-22531000,2997000,-12326000,None,None,None,-22531000,1402000,None,5725000,5725000,None,USD,3450320000,621222000,None,696194000,2397743000,1052577000,23243000,750209000,702000,843530000,116648000,1279472000,294522000,139396000,870249000,34089000,34089000,-93026000,70805000,1121983000,177513000,-848117000,None,286393000,1352096000,None,85951000,None,None,702000,None,843530000,-349426000,None,115756000,63569000,2328337000,65743000,1352096000,152155000,1527494000,None,None,None,650797000,3450320000,139396000,None,116684869,USD,-769933000,14433000,-769933000,-765268000,718320000,720016000,-185000,-4246000,5725000,-35479000,14438000,-21889000,30708000,None,1881000,None,-5953000,-8586000,4665000,-5953000,None,-35912000,34.34,31.325
5,2019-03-31,USD,205855000,-86848000,114941000,-114941000,-26972000,-25963000,36194000,None,-38586000,None,60947000,1121000,-28093000,-183989000,11614000,-12623000,-10481000,-8581000,None,None,None,-12623000,-1912000,None,-25963000,-25963000,None,USD,2114142000,293657000,None,72294000,1081558000,1032584000,24705000,181973000,702000,837805000,117861000,909691000,87283000,176173000,260377000,20788000,20788000,-91296000,70909000,514217000,177407000,-170764000,None,265750000,645784000,None,57616000,None,None,702000,None,837805000,-351587000,None,109853000,38408000,1599925000,64970000,645784000,150692000,821181000,None,None,None,636960000,2114142000,176173000,None,116530435,USD,-9828000,-19936000,-9828000,-4578000,-7794000,-5361000,-2624000,-29427000,-25963000,27238000,42427000,-21573000,25605000,None,5057000,None,94549000,-10255000,5250000,94549000,433000,27671000,32.87,34.34
6,2018-12-31,USD,319950000,-910525000,104281000,-794111000,118619000,87690000,32969000,0,108744000,0,44975000,2205000,116414000,-988469000,9875000,None,None,None,13000000,0,0,21054000,-7670000,0,87690000,87690000,None,USD,2122455000,305355000,None,63107000,1074224000,1048231000,31715000,192897000,702000,863768000,119715000,909691000,268203000,148502000,296620000,20767000,20767000,-92617000,72729000,566477000,189010000,-166815000,None,354868000,650989000,None,82956000,None,None,702000,None,863768000,-355857000,None,52145000,27048000,1555978000,None,650989000,94900000,777604000,None,None,None,632235000,2122455000,148502000,None,116123361,USD,None,5568000,-5583000,-3752000,-6444000,-4403000,-66000,12505000,87690000,73484000,83470000,36500000,25217000,None,2041000,None,-73203000,1698000,1831000,-73203000,-1324000,72160000,27.67,32.87
7,2018-09-30,USD,245525000,114693000,102473000,143052000,29818000,15233000,36008000,0,17245000,0,57789000,1459000,28359000,20896000,12573000,None,None,None,0,0,0,2012000,-11114000,0,15233000,15233000,None,USD,1984324000,321373000,None,49119000,1021386000,962938000,75161000,153743000,702000,776078000,108696000,909691000,264488000,76342000,249631000,18765000,18765000,-88466000,75437000,413335000,181832000,-268126000,0,287874000,656159000,0,77123000,0,0,702000,0,776078000,-357923000,None,54477000,28179000,1570989000,None,656159000,40435000,771755000,None,None,None,632547000,1984324000,76342000,None,115981696,USD,None,-8037000,-10426000,-5100000,-5992000,-1731000,-7253000,7157000,15233000,17194000,29351000,1260000,25981000,0,4261000,0,-9246000,4160000,5326000,-9246000,115000,17309000,28.14,27.67
8,2018-06-30,USD,234995000,120892000,116261000,118734000,-1093000,-14574000,37862000,0,-10810000,0,61997000,1065000,-2158000,21033000,9717000,None,None,None,0,0,0,3764000,-8652000,0,-14574000,-14574000,None,USD,1965736000,324237000,None,49858000,1025021000,940715000,76075000,160948000,702000,760845000,109793000,909691000,263009000,59033000,260417000,22988000,22988000,-84604000,78813000,389986000,180197000,-293213000,0,281095000,654811000,0,76481000,0,0,702000,0,760845000,-361079000,None,57631000,25181000,1575750000,None,654811000,33718000,764604000,None,None,None,624851000,1965736000,59033000,None,115765255,USD,-1467000,3033000,-16762000,-10124000,-3386000,-21875000,-7253000,12506000,-14574000,-12662000,25975000,3568000,25097000,0,-18489000,0,-1052000,9903000,5171000,-1052000,-2586000,-15248000,24.67,28.14
9,2018-03-31,USD,209310000,118678000,107336000,101974000,-14015000,-19428000,36791000,0,-23380000,0,60542000,2689000,-16704000,21345000,9365000,None,None,None,0,0,0,-3952000,-6676000,0,-19428000,-19428000,None,USD,2015169000,339341000,None,58971000,1036147000,979022000,71944000,175951000,702000,775420000,106949000,909691000,266068000,74281000,270337000,20379000,20379000,-71697000,80775000,419294000,187133000,-270010000,0,286042000,658861000,0,74007000,0,0,702000,0,775420000,-342316000,None,56826000,22109000,1595875000,None,658861000,35005000,765810000,None,None,None,616913000,2015169000,74281000,None,116394285,USD,None,-9597000,-12589000,-6652000,-7539000,-29695000,-7253000,-35887000,-19428000,2852000,45136000,-21144000,25692000,0,-22156000,0,68741000,872000,5937000,68741000,1719000,4571000,23.72,24.67
10,2017-12-31,USD,326395000,102365000,115993000,210402000,107737000,33164000,30732000,0,98922000,0,49395000,-300000,108037000,22238000,8815000,None,None,None,0,0,0,65758000,-92227000,0,33164000,33164000,None,USD,1861639000,346667000,None,81345000,1097042000,764597000,68877000,210447000,702000,550866000,90407000,909691000,1359590000,69710000,321782000,17786000,17786000,-77356000,80228000,421821000,None,-491761000,0,270766000,667943000,0,93549000,0,0,702000,0,550866000,-319960000,None,36483000,66749000,1439818000,None,667943000,38440000,775260000,None,None,None,610345000,1861639000,69710000,None,117096731,USD,None,18681000,-14520000,-7369000,-7802000,-40828000,-5340000,12505000,33164000,5777000,61125000,22053000,26201000,0,-33026000,0,-8243000,49667000,7151000,-88641000,-3997000,1780000,22.67,23.72
11,2017-09-30,USD,225735000,106919000,107393000,118342000,10529000,3388000,33935000,0,1155000,0,50538000,-894000,11423000,22446000,9374000,None,None,None,0,0,0,-2233000,4887000,0,3388000,3388000,None,USD,1814889000,359568000,None,50588000,1043580000,771309000,67457000,162195000,702000,517702000,84406000,909691000,1428284000,67930000,264992000,17772000,17772000,-79574000,79883000,306722000,None,-497950000,0,188204000,674394000,0,85025000,0,0,702000,0,517702000,-288495000,None,37186000,121839000,1508167000,None,674394000,36737000,778588000,None,None,None,620974000,1814889000,67930000,None,118293967,USD,None,-7135000,-13659000,-6902000,-4452000,-1914000,-541000,-44387000,3388000,-29598000,-14025000,-47591000,26330000,0,2538000,0,80398000,1149000,6757000,9834000,2171000,-27427000,22.78,22.67
12,2017-06-30,USD,240599000,158685000,120357000,120242000,-40059000,-29809000,34969000,0,-50723000,0,101344000,-1616000,-38443000,22372000,10664000,None,None,None,0,0,0,-20914000,6530000,0,-29809000,-29809000,None,USD,1858303000,369668000,None,47774000,1100403000,757900000,76676000,210014000,702000,514314000,87915000,915184000,1435032000,95357000,313193000,17774000,698112000,-78980000,77794000,345477000,None,-526952000,0,202346000,674803000,0,85405000,0,0,702000,0,514314000,-289927000,None,38337000,111843000,1512826000,None,674803000,35731000,787210000,None,None,None,611791000,1858303000,95357000,None,118165965,USD,None,-6540000,-13830000,-8587000,-6580000,-6533000,-1615000,60737000,-29809000,-6952000,13411000,52576000,26607000,0,47000,0,70564000,-15954000,5243000,-13469000,2565000,-4387000,22.37,22.78
13,2017-03-31,USD,231462000,119296000,108543000,122919000,4378000,-1608000,37285000,0,-5782000,0,59640000,755000,3623000,22371000,10160000,None,None,None,0,0,0,-4174000,-9405000,0,-1608000,-1608000,None,USD,1830806000,376204000,None,50892000,1060533000,770273000,80493000,164143000,702000,544123000,91740000,913014000,1411960000,99744000,264569000,17701000,17701000,-88049000,77979000,340867000,None,-518945000,0,190231000,679133000,0,82725000,0,0,702000,0,544123000,-290865000,None,37302000,85440000,1489939000,None,679133000,36338000,795964000,None,None,None,604362000,1830806000,99744000,None,118039416,USD,None,-10400000,-12405000,-5839000,-53446000,-48873000,-3155000,-14627000,-1608000,24408000,85686000,-14627000,27372000,0,4573000,0,84033000,916000,6566000,84033000,-417000,23991000,21.39,22.37
14,2016-12-31,USD,342730000,222833000,106046000,342730000,119633000,66735000,37814000,0,109416000,0,162186000,-264000,119897000,22833000,10217000,None,None,None,0,0,0,42681000,110201000,0,66735000,66735000,None,USD,1902295000,389130000,None,59462000,1147378000,754917000,76212000,184032000,702000,545731000,91068000,909691000,1415354000,75753000,376366000,90323000,90323000,-94100000,78950000,407991000,None,-543904000,0,272776000,653595000,0,102011000,0,0,702000,0,545731000,-297760000,None,39054000,77479000,1494304000,None,653595000,41205000,771012000,None,None,None,600344000,1902295000,75753000,None,117336797,USD,None,9949000,-9208000,-2825000,-946000,222000,-655000,23471000,66691000,25988000,34974000,10316000,28985000,0,1168000,0,-76460000,30277000,6383000,-111244000,-1147000,24841000,18.15,21.39
15,2016-09-30,USD,216975000,226328000,97382000,216975000,-6414000,-9826000,42210000,0,-16252000,0,161531000,2939000,-9353000,22587000,9838000,None,None,None,0,0,0,-6426000,-2355000,0,-9826000,-9826000,None,USD,1802186000,401136000,None,44282000,1107424000,694762000,64775000,172069000,702000,479040000,78759000,915857000,1460524000,50912000,352223000,90270000,90270000,-76463000,78894000,262768000,None,-622231000,0,164727000,652387000,0,89884000,0,0,702000,0,479040000,-298526000,None,44166000,99365000,1539418000,None,652387000,38039000,755201000,None,None,None,590009000,1802186000,50912000,None,116000000,USD,None,-16900000,-21047000,-7346000,14848000,13874000,-1529000,-4816000,-9826000,815000,7988000,-4816000,26355000,0,97000,0,34784000,7646000,13701000,5485000,-2366000,-1551000,19.38,18.15
16,2016-06-30,USD,219930000,246275000,112423000,219930000,-24201000,-16858000,46358000,0,-33916000,0,178535000,2144000,-26345000,21382000,9715000,None,None,None,0,0,0,-17058000,13625000,0,-16858000,-16858000,None,USD,1799925000,415514000,None,43947000,1104287000,695638000,65130000,184292000,702000,489477000,70034000,915657000,1459727000,52463000,376520000,90198000,90198000,-74235000,71719000,268479000,None,-635533000,0,172069000,633155000,0,102030000,0,0,702000,0,489477000,-298350000,None,37439000,91117000,1531446000,None,633155000,29482000,727767000,None,None,None,578044000,1799925000,52463000,None,117249990,USD,None,12615000,-17208000,-3618000,-40763000,-40648000,611000,6289000,-16858000,-41906000,18435000,6289000,25591000,0,-496000,0,29299000,-4222000,13590000,-5289000,-2485000,-41906000,19.51,19.38
17,2016-03-31,USD,226066000,89135000,115130000,226066000,136747000,89144000,43604000,0,126114000,0,174361000,-184000,136931000,-128744000,10414000,None,None,None,0,0,0,36970000,-10598000,0,89484000,89144000,None,USD,1834342000,435122000,None,45733000,1130170000,704172000,67832000,188869000,702000,506335000,71064000,917470000,1461454000,94369000,363810000,90055000,90055000,-65461000,59974000,312914000,None,-648420000,0,172812000,668859000,0,84886000,0,0,702000,0,506335000,-303344000,None,36973000,71889000,1521428000,None,668859000,29669000,766360000,None,None,None,565940000,1834342000,94369000,None,120000000,USD,-7000000,16001000,177096000,184234000,-173093000,-224524000,90000,-6378000,89144000,-8995000,38433000,-6378000,28090000,0,-51521000,0,34588000,-123352000,7138000,34588000,1125000,-7870000,20.79,19.51
18,2015-12-31,USD,308637000,234664000,113497000,308637000,72821000,43767000,33285000,0,62623000,0,178394000,-1152000,73973000,22985000,10198000,None,None,None,0,0,0,18856000,-11455000,0,43767000,43767000,None,USD,1990212000,494866000,None,54681000,1335812000,654400000,70148000,203784000,702000,416851000,74011000,913261000,1541498000,102239000,390444000,95293000,89710000,-71576000,60630000,388084000,None,-753727000,0,231164000,843290000,0,91367000,0,0,702000,0,416851000,-252956000,None,42499000,90872000,1602128000,None,843290000,31930000,945368000,None,None,None,561379000,1990212000,102239000,None,119033770,USD,35311000,4995000,-196709000,-188972000,153325000,154727000,71000,-1530000,43767000,22098000,64080000,6094000,28073000,0,1331000,0,-11355000,24072000,7737000,-42921000,-716000,21382000,21.4,20.79
19,2015-09-30,USD,238701000,214815000,106302000,238701000,28294000,14780000,36123000,0,18566000,0,158394000,4408000,25406000,20298000,9728000,None,None,None,0,0,0,3786000,-14532000,0,14780000,14780000,None,USD,1744664000,441769000,None,50597000,1145760000,598904000,61499000,186589000,698000,373084000,77000000,773260000,1305242000,80857000,365078000,95293000,None,-68220000,58796000,380626000,None,-616125000,0,249172000,689113000,0,83196000,0,0,698000,0,373084000,-253735000,None,44520000,45693000,1364038000,None,689113000,30070000,780682000,None,None,None,547077000,1744664000,80857000,None,119000000,USD,None,-10435000,-9659000,-3521000,-25489000,-23856000,445000,None,14780000,35543000,69058000,-4520000,25197000,0,1188000,0,31566000,9059000,6138000,34977000,-5083000,30460000,21.12,21.4
