,fiscalDateEnding,reportedCurrency_x,totalRevenue,totalOperatingExpense,costOfRevenue,grossProfit,ebit,netIncome_x,researchAndDevelopment,effectOfAccountingCharges,incomeBeforeTax,minorityInterest,sellingGeneralAdministrative,otherNonOperatingIncome,operatingIncome,otherOperatingExpense,interestExpense,taxProvision,interestIncome,netInterestIncome,extraordinaryItems,nonRecurring,otherItems,incomeTaxExpense,totalOtherIncomeExpense,discontinuedOperations,netIncomeFromContinuingOperations,netIncomeApplicableToCommonShares,preferredStockAndOtherAdjustments,reportedCurrency_y,totalAssets,intangibleAssets,earningAssets,otherCurrentAssets,totalLiabilities,totalShareholderEquity,deferredLongTermLiabilities,otherCurrentLiabilities,commonStock,retainedEarnings,otherLiabilities,goodwill,otherAssets,cash,totalCurrentLiabilities,shortTermDebt,currentLongTermDebt,otherShareholderEquity,propertyPlantEquipment,totalCurrentAssets,longTermInvestments,netTangibleAssets,shortTermInvestments,netReceivables,longTermDebt,inventory,accountsPayable,totalPermanentEquity,additionalPaidInCapital,commonStockTotalEquity,preferredStockTotalEquity,retainedEarningsTotalEquity,treasuryStock,accumulatedAmortization,otherNonCurrrentAssets,deferredLongTermAssetCharges,totalNonCurrentAssets,capitalLeaseObligations,totalLongTermDebt,otherNonCurrentLiabilities,totalNonCurrentLiabilities,negativeGoodwill,warrants,preferredStockRedeemable,capitalSurplus,liabilitiesAndShareholderEquity,cashAndShortTermInvestments,accumulatedDepreciation,commonStockSharesOutstanding,reportedCurrency,investments,changeInLiabilities,cashflowFromInvestment,otherCashflowFromInvestment,netBorrowings,cashflowFromFinancing,otherCashflowFromFinancing,changeInOperatingActivities,netIncome_y,changeInCash,operatingCashflow,otherOperatingCashflow,depreciation,dividendPayout,stockSaleAndPurchase,changeInInventory,changeInAccountReceivables,changeInNetIncome,capitalExpenditures,changeInReceivables,changeInExchangeRate,changeInCashAndCashEquivalents,clossingVal,nextClossingVal
0,2020-06-30,USD,2118000,6748000,-3347000,5465000,6914000,6148000,None,None,6146000,1833000,5519000,13662000,-6748000,1229000,768000,-2000,266000,-502000,None,None,None,-2000,13396000,None,6148000,4201000,None,USD,394146000,19245000,None,178753000,220090000,162823000,6952000,None,49000,-444799000,65835000,None,5466000,164280000,123493000,113401000,113401000,None,1249000,364123000,4063000,152978000,19697000,1393000,29513000,None,10092000,None,None,49000,None,-444799000,-43270000,None,6715000,None,30023000,1249000,29513000,60132000,96597000,None,None,9400000,650843000,394146000,183977000,None,49306137,USD,-23396000,-607000,-31381000,-8000000,109941000,106915000,-496000,1734000,6148000,70602000,-4932000,-8728000,1610000,-390000,-2636000,None,-772000,3565000,15000,-772000,None,70602000,4.09,
1,2020-03-31,USD,3815000,4878000,2506000,1309000,-9313000,-11291000,None,None,-12629000,1833000,4878000,-5744000,-3569000,None,3316000,-1338000,535000,535000,None,None,None,-1338000,-9595000,None,-11291000,-12185000,263000,USD,213721000,12550000,None,3653000,43210000,159958000,2610000,None,50000,-450947000,9424000,None,36004000,58678000,10709000,None,None,None,1395000,162385000,1387000,156128000,99433000,621000,21682000,None,10709000,None,None,50000,None,-450947000,-40586000,None,37399000,None,51336000,1395000,21682000,8209000,32501000,None,None,8720000,651441000,213721000,158111000,None,49813443,USD,6450000,-1016000,507000,-5780000,110437000,3023000,4600000,-892000,-11291000,1319000,-2211000,-3420000,1064000,-263000,3286000,None,-110000,1271000,163000,-110000,None,1319000,2.22,4.09
2,2019-12-31,USD,688000,-2436000,10431000,-9743000,-3688000,634000,None,None,-1513000,1833000,3551000,3619000,-7307000,None,1083000,-2147000,2082000,2082000,None,None,None,-2147000,3712000,None,634000,327000,None,USD,218161000,7814000,None,2912000,35114000,173125000,3568000,6208000,50000,-439656000,4161000,None,35818000,57359000,11715000,None,None,None,1264000,171765000,1500000,173400000,110983000,511000,17974000,None,11715000,None,None,50000,None,-439656000,-39272000,None,37082000,None,46396000,1699000,17974000,1857000,23399000,None,None,8089000,652003000,218161000,168342000,None,50370987,USD,-71720000,-313000,-71784000,-3989000,110437000,33842000,4600000,667000,634000,25498000,63440000,46361000,883000,None,33842000,None,1288000,-2542000,64000,1288000,None,25498000,2.66,2.22
3,2019-09-30,USD,1711000,4670000,2186000,-475000,-6693000,-7608000,None,None,-7608000,1833000,4670000,-1548000,-5145000,None,915000,0,718000,718000,None,None,None,None,-3181000,None,-7608000,-7608000,None,USD,186930000,8671000,None,2329000,12621000,172476000,None,29000,50000,-440290000,2050000,None,2126000,66861000,10571000,None,None,None,None,173459000,2674000,163805000,102470000,1799000,None,None,10542000,None,None,50000,None,-440290000,-39272000,None,2126000,None,13471000,None,None,2050000,2050000,None,None,None,651988000,186930000,169331000,None,50343305,USD,1215000,-9524000,3096000,2000000,110437000,0,4600000,-7632000,-7608000,3374000,278000,-580000,862000,None,0,None,13509000,3619000,113000,13509000,None,3374000,2.68,2.66
4,2019-06-30,USD,5460000,3810000,5671000,-211000,-4106000,-5757000,None,None,-5748000,1833000,3810000,-85000,-4021000,None,1642000,9000,1130000,1130000,None,None,None,9000,-2857000,None,-5757000,-5757000,None,USD,203762000,9534000,None,3289000,22145000,179784000,None,35000,50000,-432682000,2131000,None,1658000,63487000,20014000,None,None,None,None,183500000,9070000,170250000,101416000,15308000,None,None,19979000,None,None,50000,None,-432682000,-39272000,None,1658000,None,20262000,None,None,2131000,2131000,None,None,None,651688000,203762000,164903000,None,50132871,USD,1751000,-6368000,-2663000,-4420000,None,79000,4600000,-6685000,-5757000,-9798000,-7214000,-937000,822000,None,79000,None,8656000,-3630000,4414000,8656000,None,-9798000,2.96,2.68
5,2019-03-31,USD,3387000,10332000,1353000,3387000,1506000,-4384000,None,None,-4084000,-14000,4345000,8451000,-6945000,656000,5590000,314000,2821000,1543000,None,5331000,None,314000,1318000,None,-4398000,-4384000,None,USD,219097000,9681000,None,13367000,32263000,185001000,None,3750000,50000,-426925000,916000,None,216000,73285000,31347000,None,None,None,None,195522000,8195000,185001000,94587000,24180000,None,None,32263000,None,None,50000,None,-426925000,-39272000,None,5483000,None,13678000,None,None,916000,916000,None,None,None,651148000,219097000,167872000,None,49656067,USD,3294000,-4196000,3288000,-53560000,None,0,None,-7080000,-4398000,-55524000,-58812000,-56221000,660000,None,0,None,8920000,-3577000,6000,8920000,None,-55524000,3.26,2.96
6,2018-12-31,USD,49203000,156317000,28120000,167335000,68857000,-11369000,0,0,-10970000,2000,21452000,57839000,11018000,31120000,0,397000,None,None,0,103745000,0,397000,-18786000,0,-11367000,-11369000,None,USD,223949000,6587000,None,39779000,32709000,189393000,None,374000,50000,-422541000,1674000,None,236000,128809000,31035000,None,None,None,None,201472000,8195000,182806000,None,32884000,None,None,31035000,None,None,50000,None,-422541000,-39272000,None,7695000,None,22477000,None,None,1674000,1674000,None,None,None,651156000,223949000,128809000,None,49639319,USD,-2754000,15406000,5869000,8657000,None,79000,-229000,15470000,-11367000,19247000,13378000,72634000,11563000,None,229000,None,-22312000,-52546000,34000,-22312000,None,19247000,2.98,3.26
7,2018-09-30,USD,13725000,16486000,18688000,-4963000,-32558000,-33195000,0,0,-32558000,331000,6173000,-27595000,-4963000,400000,-5539000,None,None,None,0,0,0,306000,-29797000,0,-32864000,-33195000,None,USD,220276000,18147000,None,21268000,18134000,200298000,0,7193000,50000,-411172000,1874000,0,183000,109562000,16260000,None,None,-122000,0,157103000,8195000,200298000,33848000,10755000,0,0,18134000,202142000,0,50000,0,-411172000,-39272000,None,36648000,None,44843000,None,None,None,None,None,None,None,650814000,220276000,143410000,None,49639319,USD,1120000,2619000,11560000,10440000,None,-16000,None,2816000,-32864000,9412000,-2132000,5927000,4955000,0,-16000,0,-4943000,22174000,34000,-4943000,None,9412000,3.2,2.98
8,2018-06-30,USD,6485000,17111000,46321000,-39836000,-28221000,-28427000,0,0,-28221000,-79000,7425000,11615000,-39836000,400000,0,None,None,None,0,-40248000,0,285000,-17595000,0,-28506000,-28427000,None,USD,250467000,23099000,None,26608000,16091000,232863000,0,4765000,49000,-377977000,2471000,0,187000,100150000,13620000,None,None,-202000,0,143982000,8195000,232863000,34694000,5816000,0,0,16091000,234376000,0,49000,0,-377977000,-39272000,None,75004000,None,83199000,None,None,None,None,None,None,None,650265000,250467000,134844000,None,49495064,USD,-5186000,-35376000,-5186000,0,None,-4614000,None,-34880000,-28506000,-50139000,-40339000,292000,5283000,0,-4614000,0,-875000,18843000,34000,-875000,None,-50139000,4.15,3.2
9,2018-03-31,USD,62093000,53123000,53123000,8970000,-31920000,-32038000,0,0,-31920000,-73000,3545000,-40890000,8970000,400000,0,None,None,None,0,40248000,0,191000,-40890000,0,-32111000,-32038000,None,USD,317835000,56587000,None,60388000,50782000,265460000,0,39937000,51000,-349550000,1805000,0,1193000,150289000,48977000,None,None,-125000,0,188203000,8195000,265460000,29359000,5947000,0,0,50782000,267053000,0,51000,0,-349550000,-34640000,None,63657000,None,71852000,None,None,None,None,None,None,None,649724000,317835000,179648000,None,50647882,USD,-36309000,37673000,-36309000,0,None,24000,None,35745000,-32111000,13685000,49970000,-863000,5344000,0,24000,0,-59000,39986000,34000,-59000,None,13685000,3.5,4.15
10,2017-12-31,USD,3458000,-28221000,10788000,-7330000,-162411000,-110203000,0,0,-110280000,-97000,27219000,-155081000,-7330000,-30318000,0,None,None,None,0,5032000,0,20000,-110789000,0,-110300000,-110097000,None,USD,308768000,61917000,None,2938000,13109000,294301000,0,9542000,51000,-320018000,3552000,30100000,169073000,136604000,9557000,None,None,-88000,0,139695000,2195000,232384000,0,153000,0,0,9557000,295659000,648996000,51000,0,-320018000,-34640000,None,104961000,None,169073000,None,None,3552000,3552000,None,None,None,648996000,308768000,136604000,None,50639926,USD,-410363000,-17964000,57425000,-4000000,None,55000,None,-930000,-110300000,35523000,-21957000,-41500000,5463000,0,55000,0,26597000,142197000,2000,147000,None,35523000,4.05,3.5
11,2017-09-30,USD,36633000,194991000,37075000,-442000,158585000,158465000,0,0,158585000,-96000,0,159027000,-442000,54924000,0,None,None,None,0,63821000,0,216000,163889000,0,158369000,158326000,None,USD,441210000,67360000,None,70880000,36267000,403488000,0,19824000,51000,-209815000,8752000,0,278822000,101081000,27515000,None,None,-38000,0,162388000,2284000,403488000,57487000,682000,0,0,36267000,404943000,0,51000,0,-209815000,-34640000,None,208796000,None,211080000,None,None,None,None,None,None,None,647930000,441210000,158568000,None,50604782,USD,-2420000,8843000,-2420000,0,None,31000,None,10997000,158369000,37861000,40250000,600000,5646000,0,31000,0,26450000,-147153000,0,13945000,None,37861000,4.55,4.05
12,2017-06-30,USD,16457000,-98199000,24381000,-7924000,-12786000,-14252000,0,0,-12786000,-12000,0,-4862000,-7924000,-27519000,0,None,None,None,0,-34431000,0,1478000,-5558000,0,-14264000,-14252000,None,USD,264490000,75233000,None,79349000,19243000,243696000,0,9427000,51000,-368280000,577000,0,127857000,63220000,18666000,None,None,-62000,0,136633000,2400000,243696000,55052000,14652000,0,0,19243000,245247000,0,51000,0,-368280000,-34640000,None,49817000,None,52217000,None,None,None,None,None,None,None,646627000,264490000,118272000,None,50597449,USD,1351000,3871000,1351000,0,None,384000,None,18128000,-14264000,8899000,7164000,4492000,5594000,0,384000,0,12505000,13935000,0,-6464000,None,8899000,4.1,4.55
13,2017-03-31,USD,8854000,20430000,20430000,-11576000,-10880000,-11830000,0,0,-10880000,-291000,0,696000,-11576000,5515000,0,None,None,None,0,7679000,0,1241000,696000,0,-12121000,-11830000,None,USD,272861000,80804000,None,85942000,15170000,256128000,0,3078000,51000,-354028000,380000,0,103085000,65836000,14790000,None,None,-49000,94000,169682000,19749000,256128000,90927000,8117000,0,0,15170000,257691000,0,51000,0,-354028000,-34640000,None,2196000,None,22039000,None,None,None,None,None,None,None,644794000,272861000,156763000,None,50533407,USD,-72470000,-13406000,-72470000,0,None,230000,None,-1741000,-12121000,-73219000,-979000,-1741000,5540000,0,230000,0,18969000,1780000,0,18969000,None,-73219000,5.75,4.1
14,2016-12-31,USD,21969000,480140000,31024000,-9055000,-8463000,-10611000,0,0,-8463000,-266000,9613000,592000,-9055000,49930000,0,None,None,None,0,376036000,0,2414000,-42528000,0,-10877000,-10572000,None,USD,296003000,86319000,None,3245000,28560000,265589000,0,25041000,50000,-342198000,369000,30100000,107386000,139052000,28191000,None,None,-76000,127000,188490000,18616000,179270000,19443000,26750000,0,0,28191000,267443000,642453000,50000,0,-342198000,-34640000,None,2451000,None,107513000,None,None,369000,369000,None,None,None,642453000,296003000,158495000,None,50476042,USD,880000,-19499000,655000,-225000,None,27000,-1358000,-164000,-10877000,11524000,10842000,2931000,6250000,0,-1331000,0,6750000,5087000,4000,26950000,None,11524000,6.5,5.75
15,2016-09-30,USD,64658000,-409390000,48368000,16290000,16551000,7082000,0,0,16551000,-186000,9000000,261000,16290000,-58087000,0,None,None,None,0,-314541000,0,9655000,313000,0,6896000,7043000,None,USD,323496000,94716000,None,98489000,48494000,272882000,210000,25234000,50000,-331587000,362000,0,105275000,130057000,47922000,None,None,-59000,155000,218066000,10194000,272882000,30326000,54275000,0,0,48284000,275002000,0,50000,0,-331587000,-34640000,None,None,None,10349000,None,None,None,210000,None,None,None,639118000,323496000,160383000,None,50460880,USD,-8066000,18427000,-8066000,0,None,-1116000,None,532000,6896000,-23756000,-14574000,532000,6501000,-1358000,-1116000,0,20200000,2445000,4000,-49375000,None,-23756000,6.52,6.5
16,2016-06-30,USD,41351000,76293000,76293000,-34942000,-34994000,-40573000,0,0,-34994000,-348000,8869000,-52000,-34942000,10759000,0,None,None,None,0,57907000,0,5927000,-49000,0,-40921000,-40573000,None,USD,296408000,100958000,None,105268000,29842000,262902000,210000,17854000,50000,-338669000,354000,0,101323000,153808000,29278000,None,None,-171000,189000,194896000,None,262902000,32243000,4900000,0,0,29632000,266566000,0,50000,0,-338669000,-34640000,None,None,None,189000,None,None,None,210000,None,None,None,636332000,296408000,186051000,None,50392241,USD,-32215000,-3911000,-32215000,0,None,-25000,None,-1725000,-40921000,-5557000,26683000,-1725000,10801000,0,-25000,0,29175000,41589000,4000,20850000,None,-5557000,4.4,6.52
17,2016-03-31,USD,24721000,0,34423000,-9702000,-9705000,-9965000,0,0,-9705000,68000,8516000,-3000,-9702000,0,0,None,None,None,0,0,0,192000,-3000,0,-9897000,-9965000,None,USD,339813000,151882000,None,156234000,33753000,302048000,210000,18618000,50000,-298096000,345000,0,152993000,156852000,33198000,None,None,-148000,231000,186589000,None,302048000,11523000,26496000,0,0,33543000,0,0,50000,0,-298096000,-34640000,None,None,None,231000,None,None,None,210000,None,None,None,634882000,339813000,156852000,None,50458905,USD,None,1007000,-1004000,-1000000,None,0,None,None,-9897000,10106000,11110000,-932000,10803000,0,0,0,8325000,1804000,4000,8325000,None,10106000,3.79,4.4
18,2015-12-31,USD,37497000,168638000,150673000,-113176000,-113176000,-115910000,0,0,-113176000,-1440000,9432000,None,-113176000,2602000,0,None,None,None,0,178884000,0,4174000,-108897000,0,-117350000,-116039000,None,USD,347901000,162642000,None,4219000,33746000,310211000,210000,29265000,51000,-288131000,311000,0,163752000,145948000,33225000,None,None,-215000,272000,183877000,None,147569000,10725000,33710000,0,0,33225000,0,0,51000,0,-288131000,-34640000,None,1110000,None,164024000,None,None,311000,521000,None,None,None,633146000,347901000,145948000,None,50651239,USD,58819000,5525000,39307000,-20000000,None,-10448000,-4105000,-10817000,-117350000,-22552000,-12104000,-54000,13160000,-6343000,-4105000,0,-13332000,107358000,8000,-20743000,None,-22552000,4.29,3.79
19,2015-09-30,USD,12994000,0,39830000,-26836000,-27016000,-27310000,0,0,-27016000,-43000,10244000,-180000,-26836000,0,0,None,None,None,0,0,0,337000,-76000,0,-27353000,-27450000,None,USD,467647000,279635000,None,254412000,28172000,429986000,1161000,9243000,51000,-172221000,291000,30149000,279988000,168496000,26720000,None,None,-233000,319000,187340000,None,399837000,10721000,14271000,0,0,27011000,0,0,51000,0,-172221000,-34640000,None,None,None,30468000,None,None,None,1161000,None,None,None,637029000,467647000,168496000,None,50750245,USD,37270000,-4966000,36433000,-837000,None,-6342000,None,None,-27353000,38691000,8600000,219000,13743000,-6342000,0,0,7411000,2164000,8000,24793000,None,38691000,9.08,4.29
