,fiscalDateEnding,reportedCurrency_x,totalRevenue,totalOperatingExpense,costOfRevenue,grossProfit,ebit,netIncome_x,researchAndDevelopment,effectOfAccountingCharges,incomeBeforeTax,minorityInterest,sellingGeneralAdministrative,otherNonOperatingIncome,operatingIncome,otherOperatingExpense,interestExpense,taxProvision,interestIncome,netInterestIncome,extraordinaryItems,nonRecurring,otherItems,incomeTaxExpense,totalOtherIncomeExpense,discontinuedOperations,netIncomeFromContinuingOperations,netIncomeApplicableToCommonShares,preferredStockAndOtherAdjustments,reportedCurrency_y,totalAssets,intangibleAssets,earningAssets,otherCurrentAssets,totalLiabilities,totalShareholderEquity,deferredLongTermLiabilities,otherCurrentLiabilities,commonStock,retainedEarnings,otherLiabilities,goodwill,otherAssets,cash,totalCurrentLiabilities,shortTermDebt,currentLongTermDebt,otherShareholderEquity,propertyPlantEquipment,totalCurrentAssets,longTermInvestments,netTangibleAssets,shortTermInvestments,netReceivables,longTermDebt,inventory,accountsPayable,totalPermanentEquity,additionalPaidInCapital,commonStockTotalEquity,preferredStockTotalEquity,retainedEarningsTotalEquity,treasuryStock,accumulatedAmortization,otherNonCurrrentAssets,deferredLongTermAssetCharges,totalNonCurrentAssets,capitalLeaseObligations,totalLongTermDebt,otherNonCurrentLiabilities,totalNonCurrentLiabilities,negativeGoodwill,warrants,preferredStockRedeemable,capitalSurplus,liabilitiesAndShareholderEquity,cashAndShortTermInvestments,accumulatedDepreciation,commonStockSharesOutstanding,reportedCurrency,investments,changeInLiabilities,cashflowFromInvestment,otherCashflowFromInvestment,netBorrowings,cashflowFromFinancing,otherCashflowFromFinancing,changeInOperatingActivities,netIncome_y,changeInCash,operatingCashflow,otherOperatingCashflow,depreciation,dividendPayout,stockSaleAndPurchase,changeInInventory,changeInAccountReceivables,changeInNetIncome,capitalExpenditures,changeInReceivables,changeInExchangeRate,changeInCashAndCashEquivalents,clossingVal,nextClossingVal
0,2020-06-30,USD,502000,30755000,None,502000,-29855000,-29880000,20460000,None,-29855000,None,10295000,398000,-30253000,None,None,25000,1147000,1147000,None,None,None,25000,-749000,None,-29880000,-29880000,None,USD,512201000,2134000,None,39099000,104616000,407585000,None,5957000,1324000,-513711000,45243000,None,6068000,122359000,38559000,None,None,-8805000,27020000,458087000,None,405451000,296629000,None,None,1521000,32602000,None,None,1324000,None,-513711000,None,None,24960000,None,54114000,23307000,None,66057000,66057000,None,None,None,928777000,512201000,418988000,None,927668946,USD,-186482000,6279000,-187005000,-255000,None,248019000,979000,874000,-29880000,36099000,-24915000,-6408000,2156000,None,248019000,None,None,2938000,268000,None,None,36099000,10.01,
1,2020-03-31,USD,761000,30525000,None,None,-27873000,-28167000,21264000,None,-28097000,None,9261000,None,-29764000,None,None,70000,730000,730000,None,None,None,70000,937000,None,-28167000,-28167000,None,USD,285241000,2366000,None,908000,99204000,186037000,None,None,1139000,-483831000,47559000,None,6942000,86429000,29816000,None,None,-9590000,48172000,227761000,None,183671000,110000000,None,None,952000,7066000,None,None,None,None,None,None,None,6942000,None,57480000,24419000,None,585000,69388000,None,None,None,678319000,None,196429000,None,123000000,USD,-71947000,46737000,-71947000,-71603000,None,91444000,-979000,-259000,-28167000,35852000,16857000,None,1891000,None,91444000,None,None,-152000,344000,None,None,None,2.72,10.01
2,2019-12-31,USD,728000,31083000,20354000,728000,-29276000,-29364000,20354000,None,-29276000,None,10729000,1079000,-30355000,None,None,88000,448000,448000,None,None,None,88000,631000,None,-29364000,-29364000,None,USD,181543000,2198000,None,30947000,57905000,123638000,None,4621000,943000,-455664000,598000,None,6999000,50412000,34341000,None,None,-7264000,31068000,120489000,None,121440000,39130000,0,None,1459000,29720000,None,None,943000,None,-455664000,None,None,27788000,None,61054000,25459000,None,23564000,23564000,None,None,None,585623000,181543000,89542000,None,631003568,USD,24296000,-4100000,23683000,-446000,None,0,-979000,-2918000,-29364000,11155000,-12528000,11621000,2093000,None,366000,None,18639000,3122000,167000,None,None,11155000,1.2,2.72
3,2019-09-30,USD,237000,40358000,29617000,237000,-39215000,-39302000,29617000,None,-39215000,None,10741000,906000,-40121000,None,None,87000,615000,615000,None,None,None,87000,291000,None,-39302000,-39302000,None,USD,208251000,2274000,None,44110000,60568000,147683000,None,5020000,943000,-426300000,568000,None,6803000,39409000,37401000,None,None,-10025000,31641000,146970000,None,145409000,63451000,0,None,1522000,32381000,None,None,943000,None,-426300000,None,None,27366000,None,61281000,24936000,None,23167000,23167000,None,None,None,583065000,208251000,102860000,None,630952736,USD,35382000,9519000,35045000,-114000,None,0,-979000,205000,-39302000,5437000,-29608000,6500000,1942000,None,366000,None,-3224000,1252000,223000,None,None,5437000,1.51,1.2
4,2019-06-30,USD,157000,35659000,25511000,157000,-41022000,-41087000,25511000,None,-41022000,None,10148000,-5520000,-35502000,None,None,65000,757000,757000,None,None,None,65000,-6277000,None,-41087000,-41087000,None,USD,239521000,2066000,None,37918000,52530000,186991000,None,5354000,943000,-386998000,571000,None,7093000,34574000,28293000,None,None,-8199000,33722000,175133000,None,184925000,98832000,3809000,None,1755000,22939000,None,None,943000,None,-386998000,None,None,28600000,None,64388000,26004000,None,24237000,24237000,None,None,None,581245000,239521000,133406000,None,630672578,USD,19576000,4637000,18561000,-717000,None,330000,-979000,1282000,-41087000,-15277000,-34168000,-4286000,1980000,None,330000,None,-10192000,9225000,298000,None,None,-15277000,4.02,1.51
5,2019-03-31,USD,0,33792000,22019000,-22019000,-27410000,-27412000,22019000,None,-27410000,None,11773000,6382000,-33792000,None,None,2000,6342000,952000,None,None,None,2000,5430000,None,-27412000,-27412000,None,USD,270440000,1529000,None,32143000,50785000,219655000,None,2217000,940000,-345911000,571000,None,8445000,49917000,23435000,2217000,2217000,-13096000,35703000,200301000,None,218126000,118241000,0,26779000,862000,21218000,None,None,940000,None,-345911000,None,None,32907000,None,70139000,28996000,None,27350000,27350000,None,None,None,577722000,270440000,168158000,None,628294702,USD,18765000,-2453000,17656000,-205000,None,36000,None,-19000,-27412000,-18511000,-36203000,-9131000,1995000,None,36000,None,-6659000,-1655000,904000,None,None,-18511000,4.3,4.02
6,2018-12-31,USD,1479000,33245000,22769000,1479000,-35698000,-35833000,22429000,0,-35698000,0,10816000,-3932000,-31766000,0,0,135000,None,None,0,0,0,135000,-3932000,0,-35833000,-35833000,None,USD,276736000,1473000,None,25769000,29851000,246885000,None,316000,939000,-318499000,5414000,None,8050000,68379000,24437000,None,None,-9763000,36118000,231095000,None,245412000,136755000,192000,None,1087000,24437000,None,None,939000,None,-318499000,None,None,8050000,None,45641000,None,None,5414000,5414000,None,None,None,574208000,276736000,205134000,None,627454270,USD,-52192000,-5390000,-52411000,-132000,None,104000,347000,252000,-36173000,-83992000,-31685000,-6160000,2098000,None,104000,None,-1022000,8550000,87000,None,3335000,-80657000,5.75,4.3
7,2018-09-30,USD,40792000,33774000,23484000,40792000,5375000,5242000,23484000,0,5375000,0,10290000,-1643000,7018000,0,0,None,None,None,0,0,0,133000,-1643000,0,5242000,5242000,None,USD,309625000,1515000,None,21841000,33470000,276155000,0,1345000,939000,-282326000,3904000,0,8368000,153081000,29566000,None,None,-12813000,38137000,261605000,None,274640000,84652000,2031000,0,1190000,28221000,0,570355000,939000,0,-282326000,0,None,8368000,None,48020000,None,None,3904000,3904000,None,None,None,570355000,309625000,237733000,None,627222076,USD,2282000,-11371000,942000,-656000,None,100162000,-347000,403000,5242000,111043000,9939000,-3506000,1909000,0,100162000,0,7462000,6294000,684000,None,None,111043000,13.56,5.75
8,2018-06-30,USD,9038000,37915000,35995000,9038000,-43743000,-43845000,26624000,0,-43743000,0,11291000,-14866000,-28877000,0,0,None,None,None,0,0,0,102000,-14866000,0,-43845000,-43845000,None,USD,211299000,1196000,None,32626000,46197000,165102000,0,16722000,860000,-287568000,3887000,0,8977000,42312000,42310000,None,None,-14419000,39472000,161654000,None,163906000,86716000,18605000,0,2993000,25588000,0,466229000,860000,0,-287568000,0,None,8977000,None,49645000,None,None,3887000,3887000,None,None,None,466229000,211299000,129028000,None,566496400,USD,21608000,-8283000,20373000,0,None,890000,-347000,210000,-43505000,-14100000,-35363000,-8186000,1920000,0,890000,0,-1423000,14408000,1235000,None,None,-14100000,11.87,13.56
9,2018-03-31,USD,8196000,36936000,34713000,8196000,-20951000,-21078000,25732000,0,-20951000,0,11204000,7789000,-28740000,0,0,None,None,None,0,0,0,127000,7789000,0,-21078000,-21078000,None,USD,247068000,1238000,None,28777000,55806000,191262000,0,27221000,858000,-244063000,3884000,0,8932000,53375000,51922000,None,None,-27136000,41235000,195663000,None,190024000,108459000,5052000,0,3843000,24701000,0,461603000,858000,0,-244063000,0,None,8932000,None,51405000,None,None,3884000,3884000,None,None,None,461603000,247068000,161834000,None,564859960,USD,15553000,-15879000,13639000,-10000,None,1534000,-347000,-123000,-21078000,-32106000,-47279000,-25018000,1883000,0,1534000,0,-10179000,-3066000,1904000,None,None,-32106000,11.23,11.87
10,2017-12-31,USD,4270000,33970000,32038000,4270000,-27207000,-27263000,25148000,0,-27433000,0,8822000,2493000,-29700000,0,-8000,None,None,None,0,0,0,-170000,10974000,0,-27263000,-27263000,None,USD,281147000,1337000,None,21716000,78163000,202984000,0,38735000,854000,-231630000,3849000,0,10285000,84043000,74314000,None,None,-21641000,40679000,230183000,None,201647000,124218000,206000,0,3760000,35579000,0,0,854000,0,-231630000,0,None,8948000,None,50964000,None,None,3849000,3849000,None,None,None,455401000,281147000,208261000,None,562119334,USD,-38058000,12439000,-40011000,-101000,None,103568000,-4774000,2115000,-27263000,-61367000,-21356000,2653000,1738000,0,103167000,0,-7346000,1516000,1852000,None,105000,-61262000,6.68,11.23
11,2017-09-30,USD,27185000,32145000,30642000,27185000,-645000,-878000,24034000,0,-653000,0,8111000,4315000,-4960000,0,8000,None,None,None,0,0,0,225000,0,0,-878000,-878000,None,USD,301377000,1374000,None,17983000,72392000,228985000,0,42592000,854000,-204367000,3820000,0,7702000,145326000,68572000,None,None,-20055000,39771000,253904000,None,227611000,86532000,4063000,0,0,25980000,0,0,854000,0,-204367000,0,None,6328000,None,47473000,None,None,3820000,3820000,None,None,None,452553000,301377000,231858000,None,562119334,USD,-6412000,10984000,9751000,17766000,None,370000,11354000,70000,-878000,23610000,13489000,12933000,1503000,0,370000,0,0,-69000,1603000,None,2223000,25833000,8.19,6.68
12,2017-06-30,USD,3521000,27301000,26165000,3521000,-20044000,-20215000,19591000,0,-20050000,0,7710000,3736000,-23780000,0,6000,None,None,None,0,0,0,165000,0,0,-20215000,-20215000,None,USD,284279000,1431000,None,34317000,54784000,229495000,20754000,12304000,853000,-203489000,24531000,0,7613000,121998000,30253000,None,None,-16854000,38922000,237744000,None,228064000,80023000,1406000,0,0,17949000,0,0,853000,0,-203489000,0,None,6182000,None,46535000,None,None,3777000,24531000,None,None,None,448985000,284279000,202021000,None,561103126,USD,-79774000,-1618000,-73184000,15529000,None,41801000,-230000,-537000,-20215000,-49392000,-18009000,1959000,1136000,0,41801000,0,0,-889000,8939000,None,None,-49392000,4.49,8.19
13,2017-03-31,USD,2857000,25078000,24032000,2857000,-21791000,-21782000,18615000,0,-21551000,0,6463000,430000,-22221000,0,-240000,None,None,None,0,0,0,231000,0,0,-21782000,-21782000,None,USD,265980000,1310000,None,52266000,57654000,208326000,22394000,11625000,801000,-183274000,25742000,0,7956000,170559000,31912000,None,None,-14366000,35092000,222932000,None,207016000,33114000,107000,0,0,20287000,0,0,801000,0,-183274000,0,None,6646000,None,43048000,None,None,3348000,25742000,None,None,None,405165000,265980000,170559000,None,518976430,USD,-10146000,-8507000,-22637000,-10388000,None,61397000,-4544000,-17000,-21782000,10321000,-28439000,-10337000,1046000,0,61397000,0,0,2634000,12249000,None,None,10321000,5.51,4.49
14,2016-12-31,USD,8536000,23192000,22196000,8536000,-15249000,-15414000,18072000,0,-14978000,0,5120000,-593000,-14656000,0,-271000,None,None,None,0,0,0,436000,2112000,0,-15414000,-15414000,None,USD,234515000,1268000,None,38492000,68373000,166142000,24962000,11392000,683000,-161492000,28103000,0,7865000,158779000,40270000,None,None,-14249000,27899000,198751000,None,164874000,22694000,1480000,0,1192000,28878000,0,0,683000,0,-161492000,0,None,6597000,None,35764000,None,None,3141000,28103000,None,None,None,341200000,234515000,158779000,None,424775092,USD,30540000,16808000,16959000,23625000,None,17000,-4774000,2221000,-15414000,19346000,2370000,14163000,874000,0,17000,0,-6533000,2747000,6666000,None,None,23427000,4.05,5.51
15,2016-09-30,USD,2416000,21034000,20216000,2416000,-18679000,-18494000,15610000,0,-18390000,0,5424000,-61000,-18618000,0,-289000,None,None,None,0,0,0,104000,1308000,0,-18494000,-18494000,None,USD,222644000,1127000,None,59104000,42640000,180004000,19335000,9514000,682000,-146078000,19335000,0,8014000,140440000,22661000,None,None,-13788000,15086000,199544000,None,178877000,47064000,1000000,0,0,13147000,0,0,682000,0,-146078000,0,None,6887000,None,23100000,None,None,644000,19979000,None,None,None,339188000,222644000,140440000,None,424711900,USD,7836000,1478000,5743000,7673000,None,0,7673000,180000,-18494000,-9623000,-15366000,-35000,818000,0,0,0,0,2345000,1930000,None,-831000,-10454000,7.05,4.05
16,2016-06-30,USD,328000,23028000,22179000,328000,-22093000,-22095000,16219000,0,-21802000,0,6809000,607000,-22700000,0,-291000,None,None,None,0,0,0,293000,-2616000,0,-22095000,-22095000,None,USD,239560000,1010000,None,67288000,42569000,196991000,22432000,9940000,682000,-127584000,22432000,0,7934000,150894000,20137000,None,None,-13011000,13444000,218182000,None,195981000,55031000,1000000,0,0,10197000,0,0,682000,0,-127584000,0,None,6924000,None,21378000,None,None,None,22432000,None,None,None,336904000,239560000,150894000,None,424711900,USD,6819000,1386000,5617000,-2898000,None,0,7000000,206000,-22095000,-10876000,-16493000,2682000,849000,0,0,0,0,2071000,4618000,None,-1996000,-12872000,8.15,7.05
17,2016-03-31,USD,2918000,19743000,18998000,2918000,-15776000,-15576000,13888000,0,-15517000,0,5855000,1049000,-16825000,0,-259000,None,None,None,0,0,0,59000,1308000,0,-15576000,-15576000,None,USD,261560000,1140000,None,74794000,42614000,218946000,22776000,12077000,682000,-105489000,22776000,0,9154000,163766000,19838000,None,None,-10684000,13845000,238561000,None,217806000,62337000,1000,0,0,7761000,0,0,682000,0,-105489000,0,None,8014000,None,22999000,None,None,None,22776000,None,None,None,334437000,261560000,163766000,None,424711900,USD,15988000,None,-10564000,861000,None,0,-9000000,2000000,-15576000,-29243000,-18679000,-4314000,745000,0,0,0,0,466000,1708000,None,-1254000,-30497000,8.13,8.15
18,2015-12-31,USD,4179000,57614000,19475000,14490000,-43124000,-39513000,14422000,0,-39370000,0,17762000,None,-43124000,0,0,None,None,None,0,0,0,143000,3754000,0,-39513000,-48176000,None,USD,290427000,2755000,None,9042000,54240000,236187000,24962000,19897000,627000,-89913000,26503000,None,11949000,193229000,27737000,None,None,-8139000,13155000,263047000,None,234688000,54328000,744000,26490000,None,7840000,None,None,None,None,None,None,None,None,None,None,None,None,None,None,None,None,None,None,None,None,None,None,USD,-28594000,11037000,-41427000,-7134000,None,175989000,-13387000,-4736000,-39513000,97107000,-31607000,None,1541000,None,189376000,None,-9232000,9227000,9235000,None,None,None,12.06,8.13
19,2015-09-30,USD,3930000,-34512000,14248000,-9871000,24641000,22058000,9860000,0,21814000,0,-10375000,None,24641000,0,0,None,None,None,0,0,0,-244000,-2827000,0,22058000,36793000,None,USD,296564000,178000,None,135000,46515000,250049000,None,28437000,642000,None,13422000,None,3171000,216531000,33093000,None,None,None,11546000,None,None,None,54700000,None,None,None,4656000,None,None,None,None,None,None,None,None,None,None,None,None,None,None,None,None,None,None,None,None,None,71000000,USD,None,None,None,None,None,None,None,None,None,None,None,None,None,None,None,None,None,None,6814000,None,None,None,11.97,12.06
