,fiscalDateEnding,reportedCurrency_x,totalRevenue,totalOperatingExpense,costOfRevenue,grossProfit,ebit,netIncome_x,researchAndDevelopment,effectOfAccountingCharges,incomeBeforeTax,minorityInterest,sellingGeneralAdministrative,otherNonOperatingIncome,operatingIncome,otherOperatingExpense,interestExpense,taxProvision,interestIncome,netInterestIncome,extraordinaryItems,nonRecurring,otherItems,incomeTaxExpense,totalOtherIncomeExpense,discontinuedOperations,netIncomeFromContinuingOperations,netIncomeApplicableToCommonShares,preferredStockAndOtherAdjustments,reportedCurrency_y,totalAssets,intangibleAssets,earningAssets,otherCurrentAssets,totalLiabilities,totalShareholderEquity,deferredLongTermLiabilities,otherCurrentLiabilities,commonStock,retainedEarnings,otherLiabilities,goodwill,otherAssets,cash,totalCurrentLiabilities,shortTermDebt,currentLongTermDebt,otherShareholderEquity,propertyPlantEquipment,totalCurrentAssets,longTermInvestments,netTangibleAssets,shortTermInvestments,netReceivables,longTermDebt,inventory,accountsPayable,totalPermanentEquity,additionalPaidInCapital,commonStockTotalEquity,preferredStockTotalEquity,retainedEarningsTotalEquity,treasuryStock,accumulatedAmortization,otherNonCurrrentAssets,deferredLongTermAssetCharges,totalNonCurrentAssets,capitalLeaseObligations,totalLongTermDebt,otherNonCurrentLiabilities,totalNonCurrentLiabilities,negativeGoodwill,warrants,preferredStockRedeemable,capitalSurplus,liabilitiesAndShareholderEquity,cashAndShortTermInvestments,accumulatedDepreciation,commonStockSharesOutstanding,reportedCurrency,investments,changeInLiabilities,cashflowFromInvestment,otherCashflowFromInvestment,netBorrowings,cashflowFromFinancing,otherCashflowFromFinancing,changeInOperatingActivities,netIncome_y,changeInCash,operatingCashflow,otherOperatingCashflow,depreciation,dividendPayout,stockSaleAndPurchase,changeInInventory,changeInAccountReceivables,changeInNetIncome,capitalExpenditures,changeInReceivables,changeInExchangeRate,changeInCashAndCashEquivalents,clossingVal,nextClossingVal
0,2020-05-31,USD,3128000000,1697000000,415000000,2713000000,1028000000,1100000000,532000000,None,1000000000,None,1125000000,12000000,1016000000,40000000,28000000,-100000000,11000000,-17000000,None,None,None,-100000000,1000000,None,1100000000,1100000000,None,USD,21603000000,1535000000,None,932000000,10722000000,10881000000,247000000,3406000000,None,16428000000,946000000,10695000000,848000000,3044000000,5164000000,None,None,-195000000,1387000000,6649000000,None,-1349000000,1307000000,1366000000,4114000000,None,1758000000,None,None,None,None,16428000000,-12244000000,None,1106000000,None,231000000,583000000,4114000000,1197000000,5558000000,None,None,None,6892000000,21603000000,4351000000,None,480000000,USD,176000000,-97000000,80000000,222000000,None,-901000000,2000000,-66000000,1100000000,363000000,1184000000,-85000000,188000000,None,-903000000,None,10000000,68000000,96000000,10000000,-7000000,356000000,386.6,
1,2020-02-29,USD,3091000000,1702000000,452000000,2639000000,952000000,955000000,532000000,None,919000000,None,1128000000,15000000,937000000,42000000,33000000,-36000000,19000000,-14000000,None,None,None,-36000000,-4000000,None,955000000,955000000,None,USD,21214000000,1626000000,None,895000000,10749000000,10465000000,173000000,3573000000,None,15390000000,894000000,10691000000,598000000,2688000000,5228000000,None,None,-189000000,1340000000,6455000000,None,-1852000000,1483000000,1389000000,4113000000,None,1655000000,None,None,None,None,15390000000,-11401000000,None,1102000000,None,14759000000,598000000,4113000000,1235000000,5521000000,None,None,None,6665000000,21214000000,4171000000,None,483000000,USD,46000000,81000000,-48000000,46000000,-6000000,-1233000000,2000000,-295000000,955000000,44000000,1325000000,-176000000,188000000,None,-1229000000,None,145000000,132000000,94000000,145000000,-6000000,38000000,345.12,386.6
2,2019-11-30,USD,2991945000,1570030000,451983000,2539962000,993662000,851861000,499806000,None,957147000,None,1027526000,23730000,969932000,42698000,36515000,105286000,18212000,-18303000,-2955000,None,None,105286000,5518000,None,851861000,851861000,None,USD,20762400000,1720565000,None,783140000,10232245000,10530155000,263225000,3377986000,61000,14828562000,1052383000,10691199000,562696000,2650221000,8190938000,3149343000,3149343000,-188034000,1293015000,6494925000,None,-1881609000,1526755000,1534809000,988924000,None,1663609000,None,None,61000,None,14828562000,-10615234000,None,562696000,None,14267475000,None,988924000,789158000,2041307000,None,None,None,6504800000,20762400000,4176976000,None,482339000,USD,-73427000,429231000,-168409000,-887000,-6000000,-765660000,11008000,-122466000,851861000,442330000,1376399000,-241097000,295612000,None,-777294000,None,-173776000,214568000,94095000,-173776000,-1156000,441174000,309.53,345.12
3,2019-08-31,USD,2834126000,1564351000,415963000,2418163000,874017000,792763000,489827000,None,834488000,None,1031570000,20205000,853812000,42954000,39529000,41725000,17760000,-21769000,None,None,None,41725000,2445000,None,792763000,792763000,None,USD,20054880000,1815625000,None,727611000,9812107000,10242773000,265151000,3120186000,61000,13976701000,1020241000,10688068000,557080000,2209047000,7802966000,3148587000,3148587000,-193949000,1244011000,5750096000,None,-2260920000,1441741000,1371697000,988429000,None,1534193000,None,None,61000,None,13976701000,-9874652000,None,557080000,None,14304784000,None,988429000,755561000,2009141000,None,None,None,6334612000,20054880000,3650788000,None,484903000,USD,-75706000,24740000,-165330000,13209000,2593000,-624371000,-626000,-211357000,792763000,132937000,922638000,-147437000,150549000,None,-626964000,None,-99733000,201756000,89624000,-99733000,-6800000,126137000,284.51,309.53
4,2019-05-31,USD,2744280000,1587245000,407488000,2336792000,751349000,632593000,475958000,None,710772000,None,1068261000,1802000,749547000,43026000,40577000,78179000,16278000,-24299000,None,None,None,78179000,-14476000,None,632593000,632593000,None,USD,19665909000,1917149000,None,590998000,9734216000,9931693000,256408000,3011552000,61000,13183938000,1056217000,10697874000,503221000,2082910000,7687097000,3145668000,3145668000,-144364000,1205020000,5342645000,None,-2683330000,1396069000,1272668000,987938000,None,1529877000,None,None,61000,None,13183938000,-9158742000,None,503221000,None,14323264000,None,987938000,802773000,2047119000,None,None,None,6050800000,19665909000,3478979000,None,486273000,USD,155565000,130330000,10073000,88915000,-288000,-772101000,-376706000,101400000,632593000,347300000,1109328000,-35097000,145610000,None,-771813000,None,21139000,214753000,145492000,21139000,-3236000,344064000,270.9,284.51
5,2019-02-28,USD,2600946000,1508830000,397286000,2203660000,742927000,674241000,464637000,None,702334000,None,997627000,48097000,694830000,46566000,40593000,28093000,16071000,-24522000,None,None,None,28093000,32026000,None,674241000,674241000,None,USD,19505536000,2017103000,None,565115000,9634051000,9871485000,260013000,3083839000,61000,12579311000,1077204000,10707715000,542938000,1738846000,5313736000,892754000,892754000,-150432000,1104065000,5133715000,None,-2853333000,1487411000,1342343000,3236833000,None,1337143000,None,None,61000,None,12579311000,-8414895000,None,542938000,None,14371821000,None,3236833000,823469000,4320315000,None,None,None,5857440000,19505536000,3226257000,None,488504000,USD,33167000,111644000,-131918000,-99817000,-2931000,-783912000,-352575000,-126926000,674241000,97618000,1013448000,-107423000,144898000,None,-780981000,None,64544000,125544000,65268000,64544000,-1547000,96071000,262.5,270.9
6,2018-11-30,USD,2464625000,1384818000,359261000,2105364000,727090000,678240000,415958000,0,699217000,0,935928000,6544000,720546000,32932000,27873000,None,None,None,0,0,0,20977000,-21329000,0,678240000,678240000,None,USD,18768682000,2069001000,None,312499000,9406568000,9362114000,184332000,2915974000,61000,11815597000,970898000,10581048000,186522000,1642775000,4301126000,None,None,-148130000,1075072000,4857039000,None,-3287935000,1586187000,1315578000,4134544000,None,1385152000,None,None,61000,None,11815597000,-7990751000,None,186522000,None,13911643000,None,4124800000,796310000,5105442000,None,None,None,5685337000,18768682000,3228962000,None,487663000,USD,1605026000,386364000,-3138878000,-4681341000,2247767000,1924731000,-626000,52336000,678240000,-106154000,1107993000,12598000,106720000,None,-323036000,None,-200985000,125056000,62563000,-200985000,1785000,-104369000,250.89,262.5
7,2018-08-31,USD,2291076000,1276978000,295492000,1995584000,722465000,666291000,398957000,0,701358000,0,854147000,3859000,718606000,23874000,21107000,None,None,None,0,0,0,35067000,-17248000,0,666291000,666291000,None,USD,15395620000,669476000,None,311936000,6533695000,8861925000,92182000,2615192000,61000,11137357000,856702000,7136853000,269118000,1747144000,3792027000,1884966000,1884966000,-128048000,1019260000,6300913000,None,1055596000,3197326000,1044507000,1874654000,0,1176835000,0,0,61000,0,11137357000,-7696767000,None,183821000,None,85297000,None,1874654000,774832000,2741668000,None,None,None,5549322000,15395620000,4944470000,None,489007000,USD,161651000,-19681000,-1520334000,-1618427000,-317000,-671661000,None,-31739000,666291000,-1236691000,955304000,16789000,86890000,0,-671344000,0,58321000,146694000,63558000,58321000,-4151000,-1240842000,263.51,250.89
8,2018-05-31,USD,2195360000,1215532000,281344000,1914016000,711162000,663167000,374128000,0,690799000,0,824255000,12678000,698484000,17149000,20363000,None,None,None,0,0,0,27632000,-7685000,0,663167000,663167000,None,USD,15163404000,320478000,None,332503000,6457821000,8705583000,90805000,2543462000,61000,10471066000,844732000,5823792000,284204000,2987986000,3728956000,1884133000,1884133000,-129230000,993486000,7741444000,None,2561313000,3346078000,1074877000,1874057000,0,1185494000,0,0,61000,0,10471066000,-6990489000,None,166234000,None,117970000,None,1874057000,764003000,2728865000,None,None,None,5354175000,15163404000,6334064000,None,490435000,USD,127609000,114915000,67679000,-14614000,-511000,-717365000,-17152000,76438000,663167000,326720000,976406000,-41659000,76360000,0,-716854000,0,-13717000,177340000,45316000,-13717000,-5715000,321005000,249.28,263.51
9,2018-02-28,USD,2078947000,1117312000,258902000,1820045000,722401000,583076000,348769000,0,702502000,0,751397000,19668000,702733000,17146000,19899000,None,None,None,0,0,0,119426000,-231000,0,583076000,583076000,None,USD,14973485000,353740000,None,270154000,6339457000,8634028000,88460000,2483744000,61000,9830399000,928194000,5843899000,6500997000,2666981000,3536469000,1883311000,1883311000,-109939000,991674000,7480814000,None,2436389000,3480989000,1062690000,1874794000,0,1052725000,0,0,61000,0,9830399000,-6295081000,None,153648000,None,149710000,None,1874794000,839734000,2802988000,None,None,None,5208588000,14973485000,6147970000,None,492880000,USD,1380000,541036000,-93762000,0,-304000,-541273000,-305353000,-130423000,583076000,354566000,989601000,-64953000,76522000,0,-540969000,0,154398000,-300478000,95142000,154398000,6343000,360909000,209.13,249.28
10,2017-11-30,USD,2006595000,1086383000,270872000,1735723000,662128000,501549000,324026000,0,643012000,0,743671000,12788000,649340000,18686000,19116000,None,None,None,0,0,0,141463000,-26159000,0,501549000,501549000,None,USD,14535556000,385658000,None,210071000,6075687000,8459869000,368533000,2405950000,61000,9573870000,386868000,5821561000,6350767000,2306072000,3527457000,1882479000,1882479000,-111821000,936976000,7247813000,None,2252650000,3513702000,1217968000,1881421000,0,1121507000,0,0,61000,0,9573870000,-6084436000,None,143548000,None,7287743000,None,1881421000,298276000,2548230000,None,None,None,5082195000,14535556000,5819774000,None,491262000,USD,58050000,344291000,20366000,0,-632000,-319509000,-240126000,179144000,501549000,534077000,833220000,-3784000,81234000,0,-318877000,0,-187173000,123564000,37684000,-213634000,-2555000,531522000,181.47,209.13
11,2017-08-31,USD,1841074000,1032478000,262922000,1578152000,560188000,419569000,315555000,0,541379000,0,697495000,14514000,545674000,19428000,18809000,None,None,None,0,0,0,121810000,7169000,0,419569000,419569000,None,USD,13906815000,420667000,None,206384000,5736381000,8170434000,344364000,2136771000,61000,9072321000,354748000,5820656000,6385949000,1774550000,3216144000,1889218000,1889218000,-98630000,939809000,6581057000,None,1929111000,3593936000,1006187000,1889218000,0,1079373000,0,0,61000,0,9072321000,-5791809000,None,144626000,None,7325758000,None,1889218000,286655000,2520237000,None,None,None,4988491000,13906815000,5368486000,None,492874000,USD,17424000,178195000,-36814000,0,-416000,-218299000,-22735000,85955000,419569000,449323000,704436000,17059000,82319000,0,-217883000,0,26461000,113108000,54238000,-105814000,8277000,457600000,155.16,181.47
12,2017-05-31,USD,1772190000,1028748000,239360000,1532830000,510965000,374390000,299401000,0,492618000,0,710027000,6883000,504082000,19320000,18347000,None,None,None,0,0,0,118228000,-3097000,0,374390000,374390000,None,USD,13364900000,453834000,None,219232000,5560902000,7803998000,348688000,2005953000,61000,8652752000,344959000,5788703000,6388595000,1316950000,3047896000,1888398000,1888398000,-146752000,924108000,6052197000,None,1561461000,3614563000,901452000,1890000000,0,1041943000,0,0,61000,0,8652752000,-5538849000,None,146058000,None,7312703000,None,1890000000,275920000,2514608000,None,None,None,4836786000,13364900000,4931513000,None,493324000,USD,-32250000,107458000,-87547000,0,-644000,-314432000,-14831000,25523000,374390000,242848000,644827000,25523000,81635000,0,-313788000,0,132275000,107796000,55297000,-51975000,5206000,248054000,141.86,155.16
13,2017-02-28,USD,1681646000,975310000,237337000,1444309000,478762000,398446000,285077000,0,460632000,0,671105000,9763000,468999000,19128000,18130000,None,None,None,0,0,0,62186000,-8367000,0,398446000,398446000,None,USD,13044783000,489202000,None,257105000,5456093000,7588690000,358645000,1988008000,61000,8299362000,331543000,5753575000,6467491000,1068896000,2954069000,None,None,-185409000,821730000,5755562000,80439000,1345913000,3578721000,850840000,1880000000,0,966061000,0,0,61000,0,8299362000,-5245290000,None,144275000,None,7289221000,None,1880000000,259305000,2497950000,None,None,None,4719966000,13044783000,4647617000,None,495130000,USD,151647000,-80096000,-338882000,-459626000,-268000,-331495000,-183014000,-10758000,398446000,59993000,730370000,-10758000,80809000,0,-331227000,0,184250000,157719000,30903000,184250000,-2412000,57581000,118.34,141.86
14,2016-11-30,USD,1608419000,919583000,216556000,1391863000,474218000,399613000,257849000,0,456700000,0,643519000,1938000,472280000,18500000,17518000,None,None,None,0,-285000,0,57087000,-29989000,0,399613000,399613000,None,USD,12707114000,414405000,None,245441000,5282279000,7424835000,286791000,1945619000,61000,8114517000,350916000,5406474000,6051076000,1011315000,2811635000,1892200000,1892200000,-173602000,816264000,5839774000,80439000,1603956000,3749985000,833033000,1902068000,0,866016000,0,0,61000,0,8114517000,-5132472000,None,149758000,None,6867340000,None,1902068000,281785000,2470644000,None,None,None,4616331000,12707114000,4761300000,None,494254000,USD,-94465000,233219000,-143098000,0,-22000,-300469000,5836000,-5428000,399613000,252034000,695601000,21165000,81860000,0,-306283000,0,-160416000,63127000,48633000,-103383000,-8391000,243643000,102.81,118.34
15,2016-08-31,USD,1463967000,891941000,202701000,1261266000,373582000,270788000,248450000,0,356301000,0,621177000,4257000,369325000,22652000,17281000,None,None,None,0,-338000,0,85513000,-29517000,0,270788000,270788000,None,USD,12367441000,454230000,None,241146000,5089495000,7277946000,291162000,1745282000,61000,7714904000,428779000,5433180000,6137207000,767672000,2505666000,None,None,-4978817000,811524000,5418710000,80439000,1390536000,3678726000,731166000,1916591000,0,760384000,0,0,61000,0,7714904000,-4844706000,None,169358000,None,6948731000,None,1916591000,376076000,2583829000,None,None,None,4541798000,12367441000,4446398000,None,497025000,USD,-251375000,134950000,-306588000,0,-65000,-324957000,3980000,16694000,270788000,-113660000,517885000,20674000,84014000,0,-328872000,0,0,73114000,55213000,-65655000,-5047000,-118707000,102.31,102.81
16,2016-05-31,USD,1398709000,852391000,202079000,1196630000,347004000,244074000,232484000,0,329830000,0,601385000,2765000,344239000,18988000,17174000,None,None,None,0,-466000,0,85756000,16493000,0,244074000,244074000,None,USD,12216783000,494193000,None,253420000,4968172000,7248611000,294022000,1633221000,61000,7444115000,418582000,5444556000,6182142000,886379000,2385590000,None,None,-133047000,796077000,5238564000,80439000,1309862000,3432029000,666736000,1918389000,0,752369000,0,0,61000,0,7444115000,-4490788000,None,162954000,None,6978219000,None,1918389000,370171000,2582582000,None,None,None,4428270000,12216783000,4318408000,None,498972000,USD,-149319000,160642000,-251505000,-48427000,-21000,-180888000,50430000,-18212000,244074000,56322000,488715000,32219000,84461000,0,-231297000,0,8622000,32971000,53759000,-65652000,-639000,55683000,99.47,102.31
17,2016-02-29,USD,1383335000,877005000,198572000,1184763000,310776000,254307000,237204000,0,292307000,0,621826000,3018000,307758000,18394000,18469000,None,None,None,0,-419000,0,38000000,-15451000,0,254307000,254307000,None,USD,11896682000,518686000,None,238295000,4815480000,7081202000,310587000,1563821000,61000,7221083000,401095000,5389000000,6166416000,830696000,2231806000,None,None,-151679000,794876000,4935390000,80439000,1173516000,3267192000,599207000,1916831000,0,667985000,0,0,61000,0,7221083000,-4280749000,None,178291000,None,6961292000,None,1916831000,356256000,2583674000,None,None,None,4292486000,11896682000,4097888000,None,500693000,USD,-212642000,22739000,-258842000,0,None,-284392000,14859000,None,254307000,-45707000,497527000,-69977000,81200000,0,-299251000,0,74274000,134984000,46200000,74274000,-157000,-45864000,85.15,99.47
18,2015-11-30,USD,1306404000,814609000,201361000,1105043000,313455000,222705000,220514000,0,296940000,0,575524000,23021000,290434000,18050000,16515000,None,None,None,0,521000,0,74235000,-15914000,0,222705000,222705000,None,USD,11726472000,510007000,None,161802000,4724892000,7001580000,259303000,1435720000,61000,7253431000,395896000,5366881000,6117159000,876560000,2213556000,1907231000,1907231000,-169080000,787421000,4821892000,80439000,1124692000,3111524000,672006000,1907231000,0,777836000,0,0,61000,0,7253431000,-4267715000,None,159832000,None,6904580000,None,1907231000,344802000,2511336000,None,None,None,4184883000,11726472000,3988084000,None,497809000,USD,-279090000,170084000,-285987000,57779000,-989280000,-115150000,999088000,-30265000,222705000,53378000,454515000,26559000,86359000,0,-124958000,0,-79502000,28206000,64676000,-79398000,-6110000,47268000,91.46,85.15
19,2015-08-31,USD,1217768000,780764000,190985000,1026783000,249138000,174465000,218660000,0,232619000,0,544609000,3119000,246019000,18246000,16519000,None,None,None,0,-751000,0,58154000,-757000,0,174465000,174465000,None,USD,11508395000,556810000,None,181163000,4667063000,6841332000,362459000,1261162000,61000,7049629000,384013000,5402159000,6185043000,829292000,2060814000,None,None,-140831000,797464000,4525888000,80439000,882363000,2839441000,675992000,1906094000,0,799652000,0,0,61000,0,7049629000,-4161660000,None,145635000,None,6982507000,None,1906094000,337696000,2606249000,None,None,None,4094133000,11508395000,3668733000,None,498705000,USD,-396082000,120976000,-465091000,-20025000,-957000,-18710000,13606000,None,174465000,-123313000,360488000,61180000,87550000,0,-31359000,0,0,7688000,48984000,-91371000,-3542000,-126855000,78.57,91.46
