,fiscalDateEnding,reportedCurrency_x,totalRevenue,totalOperatingExpense,costOfRevenue,grossProfit,ebit,netIncome_x,researchAndDevelopment,effectOfAccountingCharges,incomeBeforeTax,minorityInterest,sellingGeneralAdministrative,otherNonOperatingIncome,operatingIncome,otherOperatingExpense,interestExpense,taxProvision,interestIncome,netInterestIncome,extraordinaryItems,nonRecurring,otherItems,incomeTaxExpense,totalOtherIncomeExpense,discontinuedOperations,netIncomeFromContinuingOperations,netIncomeApplicableToCommonShares,preferredStockAndOtherAdjustments,reportedCurrency_y,totalAssets,intangibleAssets,earningAssets,otherCurrentAssets,totalLiabilities,totalShareholderEquity,deferredLongTermLiabilities,otherCurrentLiabilities,commonStock,retainedEarnings,otherLiabilities,goodwill,otherAssets,cash,totalCurrentLiabilities,shortTermDebt,currentLongTermDebt,otherShareholderEquity,propertyPlantEquipment,totalCurrentAssets,longTermInvestments,netTangibleAssets,shortTermInvestments,netReceivables,longTermDebt,inventory,accountsPayable,totalPermanentEquity,additionalPaidInCapital,commonStockTotalEquity,preferredStockTotalEquity,retainedEarningsTotalEquity,treasuryStock,accumulatedAmortization,otherNonCurrrentAssets,deferredLongTermAssetCharges,totalNonCurrentAssets,capitalLeaseObligations,totalLongTermDebt,otherNonCurrentLiabilities,totalNonCurrentLiabilities,negativeGoodwill,warrants,preferredStockRedeemable,capitalSurplus,liabilitiesAndShareholderEquity,cashAndShortTermInvestments,accumulatedDepreciation,commonStockSharesOutstanding,reportedCurrency,investments,changeInLiabilities,cashflowFromInvestment,otherCashflowFromInvestment,netBorrowings,cashflowFromFinancing,otherCashflowFromFinancing,changeInOperatingActivities,netIncome_y,changeInCash,operatingCashflow,otherOperatingCashflow,depreciation,dividendPayout,stockSaleAndPurchase,changeInInventory,changeInAccountReceivables,changeInNetIncome,capitalExpenditures,changeInReceivables,changeInExchangeRate,changeInCashAndCashEquivalents,clossingVal,nextClossingVal
0,2020-07-31,USD,1456136000,1005182000,483558000,972578000,620406000,362665000,260794000,None,373029000,None,153753000,None,450954000,None,45914000,10364000,504000,-45410000,None,None,None,10364000,-32515000,None,362665000,362665000,None,USD,21599568000,3796932000,None,None,9822008000,11777560000,None,None,61529000,7079309000,2708436000,12273799000,1826411000,1090264000,1687776000,None,449324000,-272929000,1134236000,2485237000,82953000,-4293171000,None,681728000,5143653000,612646000,215894000,None,None,None,None,None,None,None,303639000,None,19114331000,None,None,438061000,8134232000,None,None,None,None,None,None,None,None,USD,-33497000,0,-33497000,70000,None,-219160000,436000,-40950000,362665000,305327000,557200000,None,201463000,-228798000,-17651000,None,None,34022000,20804000,None,None,None,114.85,
1,2020-04-30,USD,1317060000,502654000,470386000,846674000,345046000,267696000,252413000,None,295061000,None,141775000,1026000,344020000,107146000,49985000,27365000,1334000,-48651000,None,1320000,None,27365000,-1628000,None,267696000,267696000,None,USD,21350938000,3928902000,None,87844000,9760080000,11590858000,2000644000,None,61405000,6945442000,2756289000,12253670000,1608021000,784937000,1582002000,448945000,448945000,-277002000,1189332000,2051293000,76025000,11590858000,None,588244000,5142223000,590268000,1133057000,None,None,61405000,None,6945442000,None,None,18110313000,None,19299645000,None,5142223000,1035211000,8178078000,None,None,None,4861013000,21350938000,784937000,-2688800000,368424615,USD,-61552000,0,-61552000,-1391000,95646000,-235710000,-3956000,-57928000,267696000,131779000,429041000,None,203312000,-228600000,-98800000,None,None,161345000,60161000,None,None,131779000,109.6,114.85
2,2020-01-31,USD,1303565000,574714000,455423000,848142000,275030000,203874000,257073000,None,226217000,None,199280000,1602000,273428000,107225000,48813000,22343000,1940000,-46873000,-5100000,11136000,None,22343000,-11474000,None,203874000,203874000,None,USD,21376827000,4073078000,None,83902000,9687310000,11689517000,2103096000,162523000,61371000,6906346000,2905471000,12257064000,1669226000,654408000,1770542000,748460000,748460000,-202147000,1206769000,1911179000,30232000,11689517000,None,584366000,4745302000,588503000,1022082000,None,None,61371000,None,6906346000,None,None,18258879000,None,19465648000,None,4745302000,1068370000,7916768000,None,None,None,4923947000,21376827000,654408000,-2635873000,368220091,USD,-54732000,0,-54732000,107000,95646000,-289572000,-495000,-124009000,203874000,5344000,349648000,None,203932000,-199160000,-89917000,None,None,145774000,54839000,None,None,5344000,109.75,109.6
3,2019-10-31,USD,1443219000,1040070000,501028000,942191000,543766000,277694000,277018000,None,287827000,None,154799000,None,403149000,None,50775000,10133000,1988000,-48787000,None,None,None,10133000,-66535000,None,277694000,277215000,None,USD,21392641000,4217224000,None,91782000,9683453000,11709188000,None,138798000,61385000,6899253000,2982569000,12256880000,1683252000,648322000,1508632000,438465000,299667000,-187799000,1219989000,1985126000,30170000,-4764916000,None,635136000,5192252000,609886000,225270000,None,None,None,None,None,None,None,53716000,None,19407515000,None,5192252000,192783000,8174821000,None,None,None,4936349000,None,648322000,None,373000000,USD,-63757000,-6371000,-63757000,-1512000,-200000000,-557110000,5087000,119850000,277694000,36158000,657904000,None,205164000,-200196000,-172389000,-42771000,5890000,25777000,51075000,None,None,None,106.63,109.75
4,2019-07-31,USD,1480143000,551085000,482332000,997811000,449429000,362374000,280102000,None,389558000,None,162825000,2703000,446726000,107231000,59871000,27184000,2625000,-57246000,None,927000,None,27184000,-849000,None,362374000,362374000,None,USD,21566650000,4346377000,None,66613000,9776413000,11790237000,2216807000,193588000,61569000,6821755000,3014090000,12247888000,1711845000,612164000,1483680000,411434000,411434000,-153673000,1221192000,2007058000,32290000,11790237000,None,689976000,5278643000,638305000,1072246000,None,None,61569000,None,6821755000,None,None,18338400000,None,19559592000,None,5278643000,797283000,8292733000,None,None,None,5060586000,21566650000,612164000,-2538555000,369406136,USD,-58642000,0,-58642000,-547000,-300000000,-594615000,-1774000,-24723000,362374000,-100710000,552547000,None,204127000,-200068000,-92773000,-42771000,5890000,190173000,58095000,None,None,-100710000,117.46,106.63
5,2019-04-30,USD,1526602000,564397000,492510000,1034092000,468098000,367937000,285846000,None,408397000,None,163128000,-1597000,469695000,107261000,59701000,40460000,2928000,-56773000,None,8162000,None,40460000,-12687000,None,367937000,367937000,None,USD,21776325000,4489182000,None,72825000,10034067000,11742258000,2271483000,150017000,61628000,6659449000,3056667000,12250370000,1713201000,713601000,1365035000,374165000,374165000,-96021000,1211467000,2080489000,31616000,11742258000,None,685978000,5612365000,608085000,990870000,None,None,61628000,None,6659449000,None,None,18484369000,None,19695836000,None,5612365000,785184000,8669032000,None,None,None,5117202000,21776325000,713601000,-2482443000,369761227,USD,-74572000,0,-74572000,637000,-250000000,-488920000,-5575000,87100000,367937000,107390000,670882000,None,201375000,-199501000,-33844000,-42771000,5890000,302945000,75209000,None,None,107520000,116.24,117.46
6,2019-01-31,USD,1541101000,583830000,501445000,1039656000,458674000,355006000,287382000,None,399946000,None,167342000,2848000,455826000,107324000,58728000,37440000,None,None,-7500000,21782000,None,44940000,-21622000,None,355006000,355006000,None,USD,21828278000,4631697000,None,72375000,10242841000,11585437000,2331949000,849955000,61387000,6491013000,3158369000,12253891000,1741018000,605864000,849955000,None,None,-78021000,1181735000,1985180000,34757000,11585437000,None,713730000,6234517000,593211000,849955000,None,None,61387000,None,6491013000,None,None,18661363000,None,19843098000,None,6234517000,826420000,9392886000,None,None,None,5111058000,21828278000,605864000,-2432188000,368314314,USD,-96215000,0,-96215000,-5222000,-100000000,-486149000,-569000,-246929000,355006000,-210597000,371767000,None,58293000,-177716000,-207864000,-42771000,5890000,16761000,90993000,None,-130000,-210727000,98.86,116.24
7,2018-10-31,USD,1596586000,580282000,502932000,1093654000,516624000,432965000,295699000,0,457522000,0,175396000,3252000,513372000,107345000,59102000,None,None,None,0,1842000,0,24557000,-57692000,0,432965000,432965000,None,USD,20449779000,4778192000,None,69058000,9461239000,10988540000,966911000,487417000,61694000,5703064000,1789427000,12252604000,122363000,816591000,1406138000,67000000,67000000,-58440000,1154328000,2112126000,30166000,10988540000,0,639717000,6265674000,586760000,851721000,0,0,61694000,0,5703064000,0,None,17183325000,None,18337653000,None,6265674000,822516000,8055101000,None,None,None,5282222000,20449779000,816591000,-2373497000,370159553,USD,None,-5069000,-89019000,-3015000,-225000000,-580746000,-2883000,16680000,432965000,44676000,714441000,None,201190000,-179416000,-173447000,-34636000,45979000,281476000,86004000,None,-660000,44016000,83.71,98.86
8,2018-07-31,USD,1572679000,571607000,502033000,1070646000,502259000,414464000,291642000,0,440594000,0,171487000,3220000,499039000,107409000,61665000,None,None,None,0,1069000,0,26130000,-59514000,0,414464000,414464000,None,USD,20548616000,4920739000,None,69584000,9692399000,10856217000,973773000,547279000,61946000,5449515000,1820770000,12254161000,117527000,772575000,1338883000,22500000,22500000,-65466000,1107991000,2116557000,31641000,10856217000,0,710753000,6532746000,563645000,769104000,0,0,61946000,0,5449515000,0,None,17324068000,None,18432059000,None,6532746000,846997000,8353516000,None,None,None,5410222000,20548616000,772575000,-2347991000,371669966,USD,None,0,-54489000,-2739000,-430000000,-599125000,-1083000,-30758000,414464000,-32876000,620738000,None,199865000,-178890000,10848000,-34636000,45979000,206274000,51750000,None,-1066000,-33942000,96.14,83.71
9,2018-04-30,USD,1513053000,569836000,479241000,1033812000,466339000,379831000,289472000,0,401547000,0,172146000,2363000,463976000,107129000,64792000,None,None,None,0,1089000,0,21716000,-63518000,0,379831000,379831000,None,USD,20776454000,5066191000,None,70980000,10191099000,10585355000,980484000,565668000,61817000,5213941000,1831795000,12258185000,116628000,806517000,1432863000,56000000,56000000,-53011000,1114579000,2188274000,32597000,10585355000,0,759557000,6926441000,551220000,811195000,0,0,61817000,0,5213941000,0,None,17473601000,None,18588180000,None,6926441000,851311000,8758236000,None,None,None,5362608000,20776454000,806517000,-2301197000,370897292,USD,None,0,-105990000,-52090000,-456222000,-630145000,-1408000,139582000,379831000,-17641000,718494000,None,232243000,-178282000,5767000,-34636000,45979000,338663000,53900000,None,-3392000,-21033000,87.35,96.14
10,2018-01-31,USD,1518624000,629842000,483434000,1035190000,406884000,268172000,288597000,0,338854000,0,176908000,1536000,405348000,107019000,68030000,None,None,None,0,57318000,0,70682000,-123812000,0,268172000,268172000,None,USD,20853315000,17406496000,None,80715000,10505536000,10347779000,1020713000,529532000,61635000,5012392000,902266000,12224141000,17560152000,827550000,1236548000,50000000,50000000,-44357000,1115417000,2177746000,26246000,10347779000,0,709761000,7384856000,559720000,657016000,0,0,61635000,0,5012392000,0,None,17560152000,None,18675569000,None,7384856000,863419000,9268988000,None,None,None,5318109000,20853315000,827550000,-2251586000,369803589,USD,None,0,-64500000,-1278000,-420000000,-548026000,8811000,568883000,268172000,-223838000,388688000,568883000,198465000,-166719000,29882000,-34636000,45979000,120516000,63222000,None,3550000,-220288000,91.88,87.35
11,2017-10-31,USD,1541170000,557815000,535145000,1006025000,445181000,347650000,273746000,0,381664000,0,185721000,-3029000,448210000,98348000,63517000,None,None,None,0,15710000,0,34014000,-614307000,0,347650000,347650000,None,USD,21141294000,17536880000,None,63731000,10979754000,10161540000,1707255000,473972000,61441000,4910939000,157655000,12217455000,17682652000,1047838000,1596332000,300000000,300000000,-61359000,1107304000,2351338000,27804000,10161540000,0,688953000,7551084000,550816000,822360000,0,0,61441000,0,4910939000,0,None,17682652000,None,18789956000,None,7551084000,125083000,9383422000,None,None,None,5250519000,21141294000,1047838000,-2197123000,368635788,USD,1000,192249000,-13036000,52178000,-350000000,-490140000,5353000,15352000,347650000,137743000,640919000,None,584059000,-166857000,21364000,-47354000,-65669000,258803000,65215000,None,1526000,139269000,91.3,91.88
12,2017-07-31,USD,1433902000,571803000,667278000,766624000,199871000,68916000,275670000,0,126798000,0,183980000,5050000,194821000,112153000,73073000,None,None,None,0,124824000,0,57882000,-8902000,0,68916000,68916000,None,USD,21114995000,17682507000,None,67827000,11192095000,9922900000,1761759000,449663000,61279000,4730146000,161535000,12241815000,17827504000,908569000,1101077000,8199230000,8199230000,-58742000,1098848000,2188643000,None,9922900000,0,692552000,8199230000,519695000,651414000,0,0,61279000,0,4730146000,0,None,17827504000,None,18926352000,None,8199230000,130029000,10091018000,None,None,None,5190217000,21114995000,908569000,-2157041000,367667745,USD,490680000,0,426071000,-992000,-4700000000,-4852958000,4291000,-915509000,68916000,-4791170000,-364283000,-336725000,394368000,-166265000,9016000,0,0,-398733000,63617000,None,1996000,-4789174000,79.01,91.3
13,2017-04-30,USD,1147982000,494608000,507539000,640443000,158350000,93564000,235232000,0,86714000,0,190686000,12515000,145835000,68690000,71636000,None,None,None,0,-140534000,0,-6850000,-26162000,0,93564000,93564000,None,USD,26622683000,17857363000,None,68884000,16656088000,9966595000,2458733000,377792000,61170000,4827495000,203032000,12269501000,17997897000,5697743000,5449282000,4321169000,4321169000,-66706000,1089319000,7535467000,None,9966595000,490629000,630353000,8572364000,647858000,750321000,0,0,61170000,0,4827495000,0,None,17997897000,None,19087216000,None,8572364000,175709000,11206806000,None,None,None,5144636000,26622683000,6188372000,-2111896000,367011463,USD,938740000,329094000,-8800803000,-9692614000,9083858000,8989125000,15614000,233512000,93564000,709786000,521464000,None,0,-139314000,28967000,0,0,427900000,46929000,None,694000,710480000,76.2,79.01
14,2017-01-31,USD,984449000,382236000,335945000,648504000,275923000,217129000,183954000,0,233309000,0,130659000,9655000,266268000,18160000,42614000,None,None,None,0,49463000,0,16180000,-32959000,0,217129000,217129000,None,USD,10203371000,2206915000,None,78570000,4896940000,5306431000,128943000,356666000,51535000,4873245000,176670000,1677399000,2340714000,4987263000,811626000,4321169000,4321169000,-76293000,628924000,7233733000,None,5306431000,1329803000,472511000,3805400000,365586000,454960000,0,0,51535000,0,4873245000,0,None,2340714000,None,2969638000,None,3805400000,150971000,4085314000,None,None,None,457944000,10203371000,6317066000,-2071967000,309206677,USD,1805073000,329094000,1769754000,-6982000,2066681000,1982551000,14227000,28594000,217129000,4066797000,314492000,None,0,-129683000,31326000,0,0,97363000,28337000,None,-666000,4066131000,74.94,76.2
15,2016-10-31,USD,1003623000,309706000,336936000,666687000,362198000,296157000,172926000,0,323434000,0,118881000,5217000,363032000,17899000,38764000,None,None,None,0,5273000,0,27277000,-72568000,0,296157000,296157000,None,USD,7970278000,2228484000,None,64906000,2804660000,5165618000,136083000,351538000,51363000,4785799000,179618000,1679116000,2359299000,921132000,782934000,1732177000,1732177000,-73814000,636116000,4974863000,21937000,5165618000,3134661000,477609000,1732177000,376555000,431396000,0,0,51363000,0,4785799000,0,None,2359299000,None,2995415000,None,1732177000,153466000,2021726000,None,None,None,402270000,7970278000,4055793000,-2040762000,308170560,USD,-434266000,85502000,-556929000,-81439000,29055000,-111367000,-31521000,523000,296157000,-181312000,486984000,None,209790000,-129643000,20742000,38221000,-9392000,190827000,41224000,None,-1226000,-182538000,64.1,74.94
16,2016-07-31,USD,869591000,303583000,297301000,572290000,274876000,230430000,163227000,0,256400000,0,122909000,6169000,268707000,17447000,18476000,None,None,None,0,-5273000,0,25970000,13030000,0,230430000,230430000,None,USD,7685053000,2168068000,None,79207000,2701720000,4983333000,159590000,327444000,51247000,4619285000,157857000,1639033000,2328071000,1103670000,678693000,4321169000,4321169000,-49556000,629094000,4727888000,None,4983333000,2699764000,452944000,1731758000,392303000,351249000,0,0,51247000,0,4619285000,0,None,2328071000,None,2957165000,None,1731758000,131679000,2023027000,None,None,None,362357000,7685053000,3803434000,-2034138000,307474197,USD,-65645000,101593000,-111764000,-8591000,-22208000,-156662000,889000,-56089000,230430000,-15992000,254003000,None,0,-128954000,-6389000,0,0,23573000,37528000,None,-1569000,-15992000,63.83,64.1
17,2016-04-30,USD,778766000,303524000,267863000,510903000,213365000,170573000,160235000,0,194910000,0,112186000,5986000,221087000,17419000,18455000,None,None,None,0,13684000,0,24337000,-25337000,0,170573000,170573000,None,USD,7570292000,2187539000,None,75355000,2696591000,4873701000,149808000,317290000,51226000,4474084000,155459000,1639165000,2316256000,1119662000,684600000,None,None,-43725000,626162000,4627874000,None,4873701000,2634419000,398979000,1731336000,399459000,367310000,0,0,51226000,0,4517809000,0,None,2316256000,None,2942418000,None,1731336000,130847000,2011991000,None,None,None,348391000,7570292000,3754081000,-2007211000,312000000,USD,-314746000,101593000,-345212000,-4949000,2072306000,-326669000,426000,83921000,170573000,-350780000,320203000,None,0,-129925000,-197170000,0,0,149630000,25517000,None,898000,-350780000,56.32,63.83
18,2016-01-31,USD,769429000,282248000,292136000,477293000,195239000,164504000,157428000,0,182177000,0,107462000,194000,195045000,17358000,13062000,None,None,None,0,0,0,17673000,0,0,164504000,164504000,None,USD,7598081000,2196072000,None,74727000,2603219000,4994862000,151901000,298272000,51671000,4477161000,149594000,1631233000,2320585000,1470442000,594105000,None,None,-59807000,633362000,4644134000,None,4994862000,2319026000,375087000,1730948000,404852000,295833000,0,0,51671000,0,4477161000,0,None,2320585000,None,2953947000,None,1730948000,126265000,2009114000,None,None,None,525837000,7598081000,3789468000,-1979744000,310019122,USD,-174526000,None,-204365000,-6711000,823745000,571781000,-1558000,None,164504000,587121000,219705000,None,0,-124658000,-125748000,0,0,55201000,23128000,None,-1032000,586089000,53.86,56.32
19,2015-10-31,USD,978722000,533166000,336926000,641796000,111416000,96305000,170736000,0,104677000,0,345072000,2786000,108630000,17358000,6739000,None,None,None,0,13684000,0,8372000,-14936000,0,96305000,96305000,None,USD,7062178000,2220043000,None,42538000,1989219000,5072959000,251129000,300087000,52011000,4437315000,149516000,1636526000,2338520000,884353000,1113830000,374839000,407331000,-50851000,644110000,4079548000,17482000,5072959000,2144575000,595768000,498497000,412314000,438904000,0,0,52011000,0,4437315000,0,None,2338520000,None,2982630000,None,498497000,125763000,875389000,None,None,None,634484000,7062178000,3028928000,-1957985000,312060682,USD,397289000,56614000,352584000,1102000,857175000,-222905000,6619000,10581000,96305000,315120000,197975000,None,222240000,-125582000,-103942000,-35557000,-71198000,101670000,45807000,None,-798000,326856000,60.12,53.86
