,fiscalDateEnding,reportedCurrency_x,totalRevenue,totalOperatingExpense,costOfRevenue,grossProfit,ebit,netIncome_x,researchAndDevelopment,effectOfAccountingCharges,incomeBeforeTax,minorityInterest,sellingGeneralAdministrative,otherNonOperatingIncome,operatingIncome,otherOperatingExpense,interestExpense,taxProvision,interestIncome,netInterestIncome,extraordinaryItems,nonRecurring,otherItems,incomeTaxExpense,totalOtherIncomeExpense,discontinuedOperations,netIncomeFromContinuingOperations,netIncomeApplicableToCommonShares,preferredStockAndOtherAdjustments,reportedCurrency_y,totalAssets,intangibleAssets,earningAssets,otherCurrentAssets,totalLiabilities,totalShareholderEquity,deferredLongTermLiabilities,otherCurrentLiabilities,commonStock,retainedEarnings,otherLiabilities,goodwill,otherAssets,cash,totalCurrentLiabilities,shortTermDebt,currentLongTermDebt,otherShareholderEquity,propertyPlantEquipment,totalCurrentAssets,longTermInvestments,netTangibleAssets,shortTermInvestments,netReceivables,longTermDebt,inventory,accountsPayable,totalPermanentEquity,additionalPaidInCapital,commonStockTotalEquity,preferredStockTotalEquity,retainedEarningsTotalEquity,treasuryStock,accumulatedAmortization,otherNonCurrrentAssets,deferredLongTermAssetCharges,totalNonCurrentAssets,capitalLeaseObligations,totalLongTermDebt,otherNonCurrentLiabilities,totalNonCurrentLiabilities,negativeGoodwill,warrants,preferredStockRedeemable,capitalSurplus,liabilitiesAndShareholderEquity,cashAndShortTermInvestments,accumulatedDepreciation,commonStockSharesOutstanding,reportedCurrency,investments,changeInLiabilities,cashflowFromInvestment,otherCashflowFromInvestment,netBorrowings,cashflowFromFinancing,otherCashflowFromFinancing,changeInOperatingActivities,netIncome_y,changeInCash,operatingCashflow,otherOperatingCashflow,depreciation,dividendPayout,stockSaleAndPurchase,changeInInventory,changeInAccountReceivables,changeInNetIncome,capitalExpenditures,changeInReceivables,changeInExchangeRate,changeInCashAndCashEquivalents,clossingVal,nextClossingVal
0,2020-06-30,USD,3926342,13422751,4683835,-757493,-10351683,-11262713,3085824,None,-11262713,None,5653092,None,-9496409,None,32925,None,16621,-16304,None,None,None,None,-1750000,None,-11262713,-11262713,None,USD,39703660,10164479,None,None,16582680,23120980,54655,537000,7444,-203850608,1012530,4497422,54655,7891203,12367234,None,3337632,None,12991010,11996094,None,8458979,None,1353829,1956194,2143607,4264909,None,None,None,None,None,None,None,54655,None,27707566,1705932,None,None,4215446,None,None,None,None,None,None,None,None,USD,-636478,1470237,-636478,None,3161888,3161888,None,-254060,-11262713,-2614818,-5140228,None,878105,None,None,-542266,-86679,4657148,636478,None,None,None,0.54,
1,2020-03-31,USD,4663210,11234303,3687044,976166,-10235082,-10273369,2036732,None,-10273369,None,6054371,23055,-10258137,None,38287,None,23055,-15232,None,3143200,None,None,-3143200,None,-10273369,-10273369,None,USD,45279491,10645572,None,1008885,12063556,33215935,112530,1366110,7426,-192587895,112530,4497422,1604655,10506021,10586976,2130819,2130819,None,11435192,15334099,None,18072941,None,1298148,None,2521045,7090047,None,None,7426,None,-192587895,-5250,None,3367206,None,29945392,1816317,390,1364050,1476580,None,None,None,225801654,45279491,10506021,None,73732288,USD,-274309,514389,-274309,None,-23468,6209631,None,1370866,-10273369,1695385,-4239937,120123,917200,None,6233099,-1043643,548048,4977315,274309,548048,None,1695385,0.3573,0.54
2,2019-12-31,USD,5540223,6999185,4198819,1341404,-5621093,-5684126,2014989,None,-5675454,None,4965658,36688,-5657781,None,54361,8670,36688,-17673,None,18538,None,8672,-18538,None,-5684126,-5684126,None,USD,47840517,11127562,None,1127322,11803273,36037244,112530,1360292,6235,-182314526,112530,7640622,1654655,8810636,10209747,2153182,2153182,None,11667416,13876710,None,17269060,None,1877655,None,2061097,6696273,None,None,6235,None,-182314526,-5250,None,3528207,None,33963807,1925617,1540,1480996,1593526,None,None,None,218350785,47840517,8810636,None,61829508,USD,-301451,-492538,-301451,None,-4895,-71733,-66838,-1720886,-5684126,-3311278,-2938094,60360,842199,None,12787870,281046,773674,1281291,301451,773674,None,-3311278,0.7004,0.3573
3,2019-09-30,USD,5902975,8922418,3988962,1914013,-6977816,-6999751,3318743,None,-6999751,None,5300107,30589,-7008405,None,21935,None,30589,8654,None,303568,None,None,-303568,None,-6999751,-6999751,None,USD,52841145,11610001,None,1011597,12541673,40299472,112530,1396183,6216,-176630400,112530,7640622,1704655,12121914,10834691,2212334,2212334,None,11583231,18308482,None,21048849,None,2660902,None,2514069,7226174,None,None,6216,None,-176630400,-5250,None,3698809,None,34532663,2043050,2680,1594452,1706982,None,None,None,216928906,52841145,12121914,None,61633809,USD,-361019,-366323,-361019,None,-139874,12647996,None,1540834,-6999751,8029225,-4257752,1115311,648649,None,12787870,-81071,262247,1163186,361019,262247,None,8029225,0.7045,0.7004
4,2019-06-30,USD,5764899,9846084,3665565,2099334,-7712633,-7735587,2845745,None,-7735587,None,7000339,34117,-7746750,None,22954,None,34117,11163,None,None,None,None,11163,None,-7735587,-7735587,None,USD,47089125,12101441,None,2062427,13280339,33808786,112530,1409697,4816,-169630649,112530,7640622,1754655,4092689,11461879,2334037,2334037,None,11501412,11971882,None,14066723,None,2902280,None,2914486,7718145,None,None,4816,None,-169630649,-5250,None,3873768,None,35117243,2151331,3810,1705930,1818460,None,None,None,203439869,47089125,4092689,None,47638109,USD,-538040,431166,-538040,None,-143223,-143223,None,1084146,-7735587,-5097388,-4416125,1074906,661728,None,None,632979,-1099861,1618544,538040,-1099861,None,-5097388,1.3,0.7045
5,2019-03-31,USD,4905772,10217978,3625469,1280303,-8863297,-8887305,2196514,None,-8887305,None,8021464,74378,-8937675,None,24008,None,50370,50370,None,None,None,None,50370,None,-8887305,-8887305,None,USD,52662497,12591574,None,3087333,12883442,39779055,112530,978248,4796,-161895062,112530,7640622,1750000,9190077,11397027,2969688,2458924,None,11287983,17493358,None,19546859,None,1843662,1373885,3372286,7449091,None,None,4796,None,-161895062,-5250,None,3648960,None,35169139,1884649,1373885,None,1486415,None,None,None,201674571,52662497,9190077,None,47442414,USD,-1665908,-419430,-1665908,None,-141960,-141960,None,-1279063,-8887305,-10081565,-8273697,-958920,791940,None,None,-808191,-681209,2689418,1665908,-681209,None,-10081565,2.11,1.3
6,2018-12-31,USD,4153907,14387811,3039999,1113908,-13155086,-12810756,7800724,0,-13180096,0,6576570,118817,-13273903,0,25010,-369340,None,None,0,10517,0,-369340,83290,0,-12810756,-12810756,None,USD,58358047,13210596,None,2078413,11666230,46691817,112530,1011246,4781,-153004370,112530,7640622,1854655,19271642,11553700,2583134,2583134,None,9867921,25784253,None,25840599,None,1155166,None,3279032,7959320,None,None,4781,None,-153004370,-5250,None,1854655,None,32573794,None,None,None,112530,None,None,None,199696656,58358047,19271642,None,47291358,USD,None,788391,-364338,None,-122925,-122926,None,-1777558,-12810757,-12762942,-12275678,-2326406,778768,None,-1,-3586137,43566,4836897,364338,43566,None,-12762942,2.25,2.11
7,2018-09-30,USD,3832935,10443154,2300432,1532503,-8844631,-8875284,3908408,0,-8875284,0,6534746,66020,-8910651,0,30653,None,None,None,0,0,0,0,35367,0,-8875284,-8875284,None,USD,70229402,13829619,None,1252007,12402669,57826733,485002,1014707,4781,-140193613,485002,7640622,1854655,32034584,11883641,2672033,2672033,None,9203278,37701228,None,36356492,0,1195959,34026,3218678,8196901,0,0,4781,0,-140193613,-5250,None,1854655,None,32528174,None,34026,None,519028,None,None,None,198020815,70229402,32034584,None,47291358,USD,None,157971,-1900540,0,-125140,37494619,None,-1378672,-8875283,27612525,-7981554,-1168283,776145,0,37619759,-608838,34999,1701735,1900540,34999,None,27612525,3.5,2.25
8,2018-06-30,USD,3920566,11198565,2394394,1526172,-9650936,-9702371,4835634,0,-9702371,0,6362931,21457,-9672393,0,51435,None,None,None,0,0,0,0,-29978,0,-9702371,-9702371,None,USD,39354427,14448642,None,391041,13955607,25398820,485002,22075,3370,-131318330,485002,7640622,54655,4422059,11136584,2493240,493240,None,8542250,8668258,None,3309556,1016000,1245318,2334021,2609840,8621269,0,0,3370,0,-131318330,-5229,None,54655,None,30686169,None,2334021,None,2819023,None,None,None,156719009,39354427,4422059,None,33390130,USD,None,3196120,-1069410,0,-120186,-120186,None,1051171,-9702371,-5640916,-4451320,162501,773082,0,16036134,-270599,-312321,1702268,1069410,-312321,None,-5640916,3.2,3.5
9,2018-03-31,USD,3179235,8722885,2063163,1116072,-7567704,-7618371,2249070,0,-7618371,0,6473815,39109,-7606813,0,50667,None,None,None,0,0,0,0,-11558,0,-7618371,-7618371,None,USD,43781272,15067664,None,543510,10334502,33446770,485002,12043,3369,-121615959,485002,7640622,54655,10062975,7390597,2488544,488544,None,7091762,13926569,None,10738484,1013000,980843,2458903,2339241,4890010,0,0,3369,0,-121615959,-5229,None,54655,None,29854703,None,2458903,None,2943905,None,None,None,155064589,43781272,10062975,None,33389410,USD,None,-1880964,-201076,0,-119654,-119654,None,-880267,-7618371,-8269727,-7948997,-72045,770921,0,0,-514683,-187257,1553402,201076,-187257,None,-8269727,3.5,3.2
10,2017-12-31,USD,2841832,9426698,1781705,1060127,-8313312,-8025672,3582850,0,-8365063,0,5843848,53259,-8366571,0,51751,None,None,None,0,0,0,-339391,-2496101,0,-8025672,-8025672,None,USD,51403158,15686687,None,474180,11855674,39547484,485002,14758,3369,-113997588,485002,7640622,23381000,18332702,8787563,2483992,483992,None,6559664,21461530,None,16220175,1009000,830090,2583109,1824558,6288813,0,0,3369,0,-113997588,-5229,None,54655,None,29941628,None,2583109,None,3068111,None,None,None,153546932,51403158,18332702,None,33389380,USD,None,1734456,-605280,1100,-118226,-132726,None,910665,-8025672,-5984592,-5246586,-276426,745136,0,-14500,-828470,-87628,1222820,606380,181570,None,-5984592,4.4,3.5
11,2017-09-30,USD,3388221,7092105,2092270,1295951,-6716674,-6769309,1248187,0,-6769309,0,5747572,-920520,-5796154,0,52635,None,None,None,0,96346,0,0,973369,0,-6769309,-6769309,None,USD,56308565,16305710,None,209909,10276899,46031666,828556,37390,3369,-105971916,828556,7640622,23990000,24317294,6742449,2479433,479433,None,5795256,26524477,None,22085334,1005000,1001186,2705894,996088,4225626,0,0,3369,0,-105971916,-5229,None,42500,None,29784088,None,2705894,None,3534450,None,None,None,152005442,56308565,24317294,None,33386982,USD,None,283795,-850997,-9675,-116776,16328764,None,406405,-6769309,12574394,-2903373,965490,758069,0,16445540,-46093,172690,1725191,841322,179484,None,12574394,5.23,4.4
12,2017-06-30,USD,3805355,6840921,1881448,1923907,-4911773,-4971203,1185847,0,-4971203,0,5655074,5241,-4917014,0,59430,None,None,None,0,-289038,0,0,728385,0,-4971203,-4971203,None,USD,43918361,16915058,None,215169,10109880,33808481,828556,10937,2798,-99202607,828556,7640622,24600000,11742900,6454089,2474868,5302103,None,5189326,14130855,None,9252801,1003000,1222791,2827235,949995,3968284,0,0,2798,0,-99202607,-5229,None,42500,None,29787506,None,2827235,None,3655791,None,None,None,133013519,43918361,11742900,None,27671320,USD,None,-727751,-567519,0,-1980540,14376704,None,153791,-4971203,10335224,-3473961,-9000,777770,0,16357244,-35789,296606,1570784,567519,-78772,None,10335224,5.2,5.23
13,2017-03-31,USD,3037851,7082630,1664565,1373286,-5705321,-5772796,1509900,0,-5772796,0,5572730,4023,-5709344,0,67475,None,None,None,0,96346,0,0,-391287,0,-5772796,-5772796,None,USD,33698153,17534081,None,206169,12818171,20879982,828556,82082,2294,-94231404,828556,7640622,25217000,1407676,9042200,4335228,4335228,None,4780554,3700396,None,-4294721,1008000,1172345,2947415,914206,4624890,0,0,2294,0,-94231404,-5229,None,42500,None,29997757,None,2947415,None,3775971,None,None,None,115114321,33698153,1407676,None,22634713,USD,None,426893,-64162,-16162,-115267,-115267,None,20871,-5772796,-3688084,-3508655,20871,782578,0,0,27861,369910,1375848,48000,-369910,None,-3688084,4.25,5.2
14,2016-12-31,USD,2469956,5964704,1686262,783694,-5173157,-670163,1372018,0,-5244928,0,4592686,7853,-5181010,0,71771,None,None,None,0,96346,0,-4574765,919445,0,-670163,-670163,None,USD,37786412,18136044,None,227040,12506545,25279867,828556,54478,2230,-88458608,828556,7640622,25819000,5095760,8610924,4330845,465965,None,4897007,7070239,None,-496861,1004000,805372,3067065,942067,4225601,0,0,2230,62,-88458608,-5229,None,42500,None,30716173,None,3067065,None,3895621,None,None,None,113741412,37786412,5095760,None,21991543,USD,None,16548,-104271,-32,-324648,675351,None,-1039125,-670164,-2714762,-3285842,80759,782616,0,-1,114801,-363000,-3420092,104271,-190310,None,-2714762,3.15,4.25
15,2016-09-30,USD,2075919,6829787,1821372,254547,-6573975,-6644209,1494399,0,-6644209,0,5335388,1265,-6575240,0,70234,None,None,None,0,0,0,0,386395,0,-6644209,-8018438,1374229,USD,36749825,18753720,None,265299,11986089,24763736,0,44179,2120,-87788444,None,2225101,21064000,8810522,8800785,4537254,None,None,4957676,10728328,None,3784743,1000000,595639,3185304,1056868,4219352,0,0,2120,172,-87788444,-5229,None,85000,None,26021497,None,3185304,None,3185304,None,None,None,112555117,36749825,8810522,None,20892419,USD,None,-2348491,365000,0,None,14133740,-1000000,None,-6644208,7393446,-6740294,-94476,785394,0,15133740,169229,172690,1268342,17000,123916,None,7393446,3.43,3.15
16,2016-06-30,USD,1928103,8012996,1346030,582073,-5641998,-5714389,3429899,0,-5714389,0,4583097,1788925,-7430923,0,72391,None,None,None,0,0,0,0,-113480,0,-5714389,-5714389,None,USD,29365590,19371395,None,170823,14334580,15031010,0,2438000,1762,-81144236,None,2225101,21682000,417076,14334580,7722558,None,None,5125395,2558699,None,-6565486,0,744703,0,1226097,6612022,0,0,1762,0,-81144236,-5229,None,85000,None,26806891,None,None,None,None,None,None,None,96178713,29365590,417076,None,17313574,USD,None,-1202858,365019,381851,2000000,2088890,None,None,-5714389,-4009807,-6463716,459991,719046,0,88890,-282139,296606,-146761,16832,-296606,None,-4009807,2.8,3.43
17,2016-03-31,USD,0,6017204,0,0,-6408491,-6408491,3400820,0,-6408491,0,2616384,-391287,-6017204,0,0,None,None,None,0,0,0,0,0,0,-6408491,-6408491,None,USD,12656970,7524242,None,567440,3961686,8695284,0,1878196,1377,-75429847,None,0,7610000,4426883,3961686,None,None,None,53405,4994323,None,1170823,0,None,0,0,2083490,0,0,1377,219,-75429847,-5229,None,85000,None,7662647,None,None,None,None,None,None,None,84128764,12656970,4426883,None,13459061,USD,None,893386,0,0,None,5016650,None,None,-6408491,346235,-4670415,-496455,247572,0,5016650,0,0,1093573,0,None,None,346235,6.13,2.8
18,2015-12-31,USD,0,2862496,0,0,-3637183,-3637183,1035684,0,-3637183,0,1826812,-774687,-2862496,0,-214396,None,None,None,0,96346,0,0,164951,0,-3637183,-3637183,None,USD,12061853,7766960,None,70985,2747820,9314033,0,1557716,1374,-69021356,None,0,7852000,4080648,2747820,383404,383404,None,58260,4151633,None,1546972,0,None,0,0,1190104,0,0,1374,101,-69021356,-5229,None,85000,None,7910220,None,None,None,None,None,None,None,78339143,12061853,4080648,None,13431659,USD,None,240767,260748,-32,1675352,10642000,75589,302815,-3637182,-2229692,-2229692,-459958,247573,0,-75589,1891,-363000,1379108,121103,None,None,-2229692,5.4,6.13
19,2015-09-30,USD,0,3307642,0,0,-3148207,-3148207,1182542,0,-3148207,0,2125100,159435,-3307642,0,0,None,None,None,0,0,0,0,1234123,0,-3148207,-3148207,None,USD,14577967,8009677,None,67335,2231173,12346794,0,783029,1374,-65384174,None,0,8137000,6310340,2231173,None,None,None,63115,6377675,None,4337016,0,None,0,0,1448144,0,0,1374,101,-65384174,-5229,None,127500,None,8200292,None,None,None,None,None,None,None,77734722,14577967,6310340,None,13431659,USD,None,-89228,0,0,None,10642000,None,None,-3148208,-2145027,-2145027,359219,247572,0,0,0,0,485618,0,None,None,-2145027,3.87,5.4
