,fiscalDateEnding,reportedCurrency_x,totalRevenue,totalOperatingExpense,costOfRevenue,grossProfit,ebit,netIncome_x,researchAndDevelopment,effectOfAccountingCharges,incomeBeforeTax,minorityInterest,sellingGeneralAdministrative,otherNonOperatingIncome,operatingIncome,otherOperatingExpense,interestExpense,taxProvision,interestIncome,netInterestIncome,extraordinaryItems,nonRecurring,otherItems,incomeTaxExpense,totalOtherIncomeExpense,discontinuedOperations,netIncomeFromContinuingOperations,netIncomeApplicableToCommonShares,preferredStockAndOtherAdjustments,reportedCurrency_y,totalAssets,intangibleAssets,earningAssets,otherCurrentAssets,totalLiabilities,totalShareholderEquity,deferredLongTermLiabilities,otherCurrentLiabilities,commonStock,retainedEarnings,otherLiabilities,goodwill,otherAssets,cash,totalCurrentLiabilities,shortTermDebt,currentLongTermDebt,otherShareholderEquity,propertyPlantEquipment,totalCurrentAssets,longTermInvestments,netTangibleAssets,shortTermInvestments,netReceivables,longTermDebt,inventory,accountsPayable,totalPermanentEquity,additionalPaidInCapital,commonStockTotalEquity,preferredStockTotalEquity,retainedEarningsTotalEquity,treasuryStock,accumulatedAmortization,otherNonCurrrentAssets,deferredLongTermAssetCharges,totalNonCurrentAssets,capitalLeaseObligations,totalLongTermDebt,otherNonCurrentLiabilities,totalNonCurrentLiabilities,negativeGoodwill,warrants,preferredStockRedeemable,capitalSurplus,liabilitiesAndShareholderEquity,cashAndShortTermInvestments,accumulatedDepreciation,commonStockSharesOutstanding,reportedCurrency,investments,changeInLiabilities,cashflowFromInvestment,otherCashflowFromInvestment,netBorrowings,cashflowFromFinancing,otherCashflowFromFinancing,changeInOperatingActivities,netIncome_y,changeInCash,operatingCashflow,otherOperatingCashflow,depreciation,dividendPayout,stockSaleAndPurchase,changeInInventory,changeInAccountReceivables,changeInNetIncome,capitalExpenditures,changeInReceivables,changeInExchangeRate,changeInCashAndCashEquivalents,clossingVal,nextClossingVal
0,2020-06-30,USD,18794000,25727000,381000,18413000,-7099000,-10566000,2550000,None,-10566000,None,23177000,215000,-7314000,None,3467000,None,None,-3252000,None,None,None,None,None,None,-10566000,-10566000,None,USD,133065000,None,None,7814000,157474000,-24409000,None,1820000,33000,-475098000,2595000,None,38000,30538000,21215000,3232000,3232000,120000,1989000,123687000,None,-24409000,72876000,6608000,126300000,5851000,16163000,None,None,33000,None,-475098000,None,None,7389000,None,9378000,7364000,126300000,9959000,136259000,None,None,None,450536000,133065000,103414000,None,28281840,USD,-3011000,-2657000,-3011000,None,None,223000,None,-4657000,-10566000,-15003000,-12215000,-3059000,184000,None,223000,-432000,-861000,5158000,0,-843000,None,-15003000,2.56,
1,2020-03-31,USD,14481000,27017000,572000,13909000,-13024000,-16648000,2465000,None,-16648000,None,24552000,84000,-13108000,None,3624000,None,84000,-3540000,None,None,None,None,None,None,-16648000,-16648000,None,USD,144311000,None,None,6974000,160164000,-15853000,None,1830000,33000,-464532000,2498000,None,1010000,45541000,23778000,3232000,3232000,73000,2213000,133384000,None,-15853000,69741000,5747000,126065000,5381000,18716000,None,None,33000,None,-464532000,None,None,8714000,None,10927000,7823000,126065000,10321000,136386000,None,None,None,448573000,144311000,115282000,None,28158205,USD,-2962000,-4470000,-2962000,-2962000,None,42000,None,-3020000,-16648000,-20233000,-17313000,-1725000,129000,None,42000,-234000,23000,5394000,0,241000,None,-20233000,2.89,2.56
2,2019-12-31,USD,16348000,35465000,442000,15906000,-19435000,-23075000,5180000,None,-23075000,None,30285000,124000,-19559000,None,3640000,None,124000,-3516000,None,None,None,None,-1616000,None,-23075000,-23075000,None,USD,162158000,None,None,8017000,163051000,-893000,None,1858000,33000,-447884000,2157000,None,1341000,65774000,26948000,2041000,2041000,16000,2449000,150320000,None,-893000,66833000,5770000,125674000,5267000,23049000,None,None,33000,None,-447884000,None,None,8048000,None,10497000,8272000,125674000,10429000,136103000,None,None,None,446942000,162158000,132607000,None,27964778,USD,11776000,-1902000,11776000,88881000,None,338000,None,-1348000,187297000,155359000,143245000,7843000,44000,None,338000,1540000,-234000,-51588000,18000,11000,None,155359000,3.79,2.89
3,2019-09-30,USD,13933000,37222000,929000,13004000,-23706000,-27582000,6042000,None,-27582000,None,31180000,512000,-24218000,None,3876000,None,512000,-3364000,None,None,None,None,-7164000,None,-27582000,-27582000,None,USD,180439000,None,None,6382000,160682000,19757000,None,1837000,32000,-424809000,1639000,None,2241000,71973000,26358000,1739000,1739000,69000,2705000,167278000,None,19757000,78267000,5536000,124078000,5120000,22782000,None,None,32000,None,-424809000,None,None,10456000,None,13161000,8607000,124078000,10246000,134324000,None,None,None,444465000,180439000,150240000,None,27857726,USD,27762000,180000,27762000,77105000,None,133000,None,-1376000,-27582000,9236000,-18659000,-1156000,-56000,None,133000,-46000,875000,8957000,18000,1044000,None,9236000,5.115,3.79
4,2019-06-30,USD,12691000,33814000,685000,12006000,-21074000,-24871000,8598000,None,-24871000,None,25216000,734000,-21808000,None,3797000,None,734000,-3063000,None,None,None,None,-3063000,None,-24871000,-24871000,None,USD,200231000,None,None,6296000,157528000,42703000,None,1523000,32000,-397227000,1501000,None,2661000,62737000,25717000,1585000,1585000,103000,2971000,187007000,None,42703000,105910000,6411000,121943000,5653000,22609000,None,None,32000,None,-397227000,None,None,10253000,None,13224000,8367000,121943000,9868000,131811000,None,None,None,439795000,200231000,168647000,None,27710207,USD,26154000,-4158000,26143000,49343000,None,548000,None,-1694000,-24871000,3801000,-22890000,-1170000,-14000,None,548000,-610000,1087000,6736000,11000,1197000,None,3801000,6.2,5.115
5,2019-03-31,USD,11665000,37902000,413000,11252000,-25927000,-29658000,10214000,None,-29658000,None,27688000,723000,-26650000,None,3731000,None,-3008000,-3008000,None,None,None,None,-3008000,None,-29658000,-29658000,None,USD,223226000,None,None,6465000,159310000,63916000,None,1452000,32000,-372356000,1453000,None,2764000,58936000,29830000,1527000,1527000,-34000,3294000,209800000,None,63916000,131699000,7498000,119661000,5202000,26851000,None,None,32000,None,-372356000,None,None,10132000,None,13426000,8366000,119661000,9819000,129480000,None,None,None,436274000,223226000,190635000,None,27519979,USD,23189000,4804000,23182000,23189000,None,66000,None,76000,-29658000,2331000,-20917000,-1252000,31000,None,66000,86000,-1987000,7115000,7000,-2043000,None,2331000,7.11,6.2
6,2018-12-31,USD,13315000,38615000,435000,12880000,-25300000,-28883000,10597000,0,-28883000,0,27583000,184000,-25300000,0,3768000,None,None,None,0,0,0,0,-3583000,0,-28883000,-28883000,None,USD,234814000,None,None,9660000,144929000,89885000,None,512000,32000,-342698000,3196000,None,2789000,56605000,24276000,1664000,1664000,-264000,3652000,228373000,None,89885000,154265000,5511000,117457000,5121000,23764000,None,None,32000,None,-342698000,None,None,None,None,3652000,None,117457000,3196000,120653000,None,None,None,432815000,234814000,210870000,None,27000000,USD,22431000,-3052000,23044000,-68274000,None,400000,None,-2869000,-28883000,-161000,-23605000,-1144000,61000,None,400000,1686000,-235000,8250000,613000,13000,None,-161000,8.54,7.11
7,2018-09-30,USD,10613000,39200000,100000,10513000,-27766000,-33152000,11709000,0,-33152000,0,27491000,921000,-28687000,0,5386000,None,None,None,0,0,0,0,-4465000,0,-33152000,-33152000,None,USD,257120000,0,None,4385000,142724000,114396000,0,957000,32000,-313815000,2073000,0,5114000,56766000,25298000,None,None,-433000,3972000,226304000,21730000,114396000,154701000,5276000,115353000,5176000,24341000,0,0,32000,0,-313815000,0,None,5114000,None,30816000,None,115353000,2073000,117426000,None,None,None,428612000,257120000,211467000,None,27335533,USD,39531000,3374000,38351000,0,None,1046000,None,4544000,-33152000,16162000,-23235000,1925000,4000,0,1046000,-3233000,-1864000,9651000,1180000,-1804000,None,16162000,20.02,8.54
8,2018-06-30,USD,7565000,37505000,73000,7492000,-28881000,-33993000,9806000,0,-33993000,0,27699000,1132000,-30013000,0,5112000,None,None,None,0,0,0,0,-3980000,0,-33993000,-33993000,None,USD,276246000,0,None,4815000,133686000,142560000,0,735000,32000,-280663000,721000,0,5165000,40604000,21682000,111283000,111283000,-425000,2809000,214979000,53293000,142560000,162380000,3412000,111283000,3768000,20947000,0,0,32000,0,-280663000,0,None,5165000,None,61267000,None,111283000,721000,112004000,None,None,None,423616000,276246000,202984000,None,27184443,USD,19860000,-224000,19865000,0,None,2381000,None,-4882000,-33993000,-10338000,-32584000,-5130000,60000,0,2381000,-1168000,-1799000,9261000,5000,-1390000,None,-10338000,25.83,20.02
9,2018-03-31,USD,2553000,33576000,25000,2553000,-30145000,-34971000,7188000,0,-34971000,0,26363000,878000,-31023000,25000,4826000,None,None,None,0,0,0,0,-3948000,0,-34971000,-34971000,None,USD,298388000,0,None,91617000,128785000,169603000,0,435000,32000,-246670000,760000,0,877000,50942000,20920000,107105000,107105000,-363000,3296000,206090000,88125000,169603000,147588000,2490000,107105000,2455000,20485000,0,0,32000,0,-246670000,0,None,None,None,3296000,None,107105000,760000,107865000,None,None,None,416604000,298388000,198530000,None,26958014,USD,-150096000,3527000,-150598000,0,None,135023000,None,-889000,-34971000,-40374000,-24799000,195000,330000,0,135023000,-558000,-1246000,8567000,502000,-1889000,None,-40374000,23.9,25.83
10,2017-12-31,USD,568000,29451000,29141000,568000,-28797000,-29357000,6445000,0,-31036000,0,22989000,86000,-28883000,17000,2239000,None,None,None,0,0,0,-1679000,-3261000,0,-29357000,-29357000,None,USD,186176000,0,None,6653000,120050000,66126000,0,344000,28000,-211699000,5190000,0,3869000,91316000,16607000,102647000,102647000,-167000,3132000,179175000,2991000,66126000,82126000,1245000,102647000,1704000,16263000,0,0,28000,0,-211699000,0,None,None,None,3132000,None,102647000,796000,103443000,None,None,None,277964000,186176000,173442000,None,23320551,USD,23097000,2278000,22775000,0,64990000,71244000,766000,4181000,-29357000,69195000,-24824000,-2155000,550000,0,5488000,-1571000,427000,5695000,322000,-264000,None,69195000,33.89,23.9
11,2017-09-30,USD,1000,22523000,22211000,1000,-21683000,-23360000,6459000,0,-23360000,0,16064000,839000,-22522000,0,1677000,None,None,None,0,0,0,51000,0,0,-23360000,-23360000,None,USD,137112000,0,None,9810000,51234000,85878000,0,292000,27000,-182342000,615000,0,7042000,22121000,15211000,35408000,35408000,-112000,3110000,126960000,None,85878000,101605000,41000,35408000,425000,14919000,0,0,27000,0,-182342000,0,None,None,None,3110000,None,35408000,615000,36023000,None,None,None,268305000,137112000,123726000,None,22716277,USD,2697000,3599000,2382000,0,-487000,1504000,-487000,2599000,-23360000,-11497000,-15383000,-905000,599000,0,1991000,-75000,791000,4939000,315000,-180000,None,-11497000,21.17,33.89
12,2017-06-30,USD,2000,20291000,20003000,2000,-20067000,-20745000,7176000,0,-20796000,0,13115000,222000,-20289000,0,729000,None,None,None,0,0,0,-51000,0,0,-20745000,-20745000,None,USD,149922000,0,None,18400000,46018000,103904000,0,268000,27000,-158982000,1201000,0,16624000,33618000,11049000,33768000,33768000,-183000,3107000,130191000,None,103904000,94725000,72000,33768000,0,10781000,0,0,27000,0,-158982000,0,None,None,None,3107000,None,33768000,1201000,34969000,None,None,None,263042000,149922000,128343000,None,22462838,USD,-9779000,2245000,-10036000,0,34464000,35420000,-136000,936000,-20745000,12700000,-12684000,-313000,-6000,0,956000,0,760000,4530000,257000,1605000,None,12700000,17.49,21.17
13,2017-03-31,USD,0,16232000,15948000,0,-16028000,-16028000,7088000,0,-16028000,0,9144000,204000,-16232000,0,0,None,None,None,0,0,0,0,0,0,-16028000,-16028000,None,USD,128498000,0,None,11560000,8753000,119745000,0,306000,27000,-138237000,492000,0,10124000,20918000,8261000,None,None,-166000,3138000,115236000,None,119745000,91155000,1727000,0,0,7955000,0,0,27000,0,-138237000,0,None,None,None,3138000,None,None,None,492000,None,None,None,258121000,128498000,112073000,None,22321984,USD,10808000,-1411000,10444000,0,65000000,675000,-136000,1043000,-16028000,-2817000,-13936000,1043000,507000,0,675000,0,895000,2848000,364000,-895000,None,-2817000,17.5,17.49
14,2016-12-31,USD,37000,15330000,15084000,37000,-15075000,-14960000,7047000,0,-15075000,0,8283000,218000,-15293000,0,-4645000,None,None,None,0,0,0,-115000,811000,0,-14960000,-14960000,None,USD,142473000,0,None,24833000,10290000,132183000,0,287000,27000,-122209000,547000,0,22330000,23735000,9743000,None,None,-193000,3156000,116987000,22292000,132183000,89917000,832000,0,0,9456000,0,0,27000,0,-122209000,0,None,None,None,3156000,None,None,547000,547000,None,None,None,254558000,142473000,113652000,None,22013644,USD,23648000,-2795000,23246000,0,99600000,342000,620000,-80000,-14960000,13959000,-9629000,4968000,277000,0,-278000,-1646000,490000,2908000,402000,-27000,None,13959000,16.9,17.5
15,2016-09-30,USD,138000,14781000,14547000,138000,-14394000,-14394000,7437000,0,-14394000,0,7344000,249000,-14643000,0,0,None,None,None,0,0,0,0,0,0,-14394000,-14394000,None,USD,157228000,0,None,51158000,13163000,144065000,0,301000,27000,-107249000,600000,0,43763000,9776000,12563000,None,None,-64000,3078000,110387000,None,144065000,92409000,807000,0,0,12262000,0,0,27000,0,-107249000,0,None,None,None,3078000,None,None,None,600000,None,None,None,251351000,157228000,102185000,None,21982429,USD,-86386000,-275000,-86364000,0,None,796000,None,-1098000,-14394000,-99496000,-13928000,-1098000,-505000,0,796000,0,515000,2253000,22000,91000,None,-99496000,16.41,16.9
16,2016-06-30,USD,222000,17282000,17091000,222000,-16876000,-16876000,9224000,0,-16876000,0,8058000,184000,-17060000,0,0,None,None,None,0,0,0,0,0,0,-16876000,-16876000,None,USD,168640000,0,None,8241000,13479000,155161000,0,267000,27000,-92855000,649000,0,1944000,109272000,12830000,None,None,32000,3375000,163321000,None,155161000,46854000,898000,0,0,12563000,0,0,27000,0,-92855000,0,None,None,None,3375000,None,None,None,649000,None,None,None,247957000,168640000,156126000,None,21912782,USD,21581000,2462000,20798000,0,None,2077000,None,-498000,-16876000,10866000,-12009000,-498000,340000,0,2077000,0,424000,2962000,783000,-399000,None,10866000,15.14,16.41
17,2016-03-31,USD,175000,14163000,14026000,175000,-13828000,-13828000,7522000,0,-13828000,0,6641000,160000,-13988000,0,0,None,None,None,0,0,0,0,0,0,-13828000,-13828000,None,USD,178458000,0,None,11761000,11358000,167100000,0,266000,26000,-75979000,699000,0,5962000,98406000,10659000,None,None,11000,2916000,169580000,None,167100000,64876000,499000,0,0,10393000,0,0,26000,0,-75979000,0,None,None,None,2916000,None,None,None,699000,None,None,None,243042000,178458000,163282000,None,21473236,USD,16072000,-1611000,15611000,0,None,62193000,None,None,-13828000,65302000,-12502000,-729000,395000,0,62193000,0,823000,2448000,461000,823000,None,65302000,14.46,15.14
18,2015-12-31,USD,524000,16587000,16458000,524000,-15965000,-10690000,9697000,0,-15965000,0,6890000,98000,-16063000,0,-4645000,None,None,None,0,0,0,-5275000,363000,0,-10690000,-10690000,None,USD,128743000,0,None,18273000,12556000,116187000,0,298000,23000,-62151000,749000,0,13203000,33104000,11807000,None,None,-158000,2353000,113187000,13165000,116187000,73691000,1322000,0,0,11509000,0,0,23000,0,-62151000,0,None,None,None,2353000,None,None,749000,749000,None,None,None,178473000,128743000,106795000,None,18505462,USD,8290000,-305000,8022000,0,99600000,301000,-9431000,-5126000,-10690000,-4014000,-12337000,-4023000,154000,0,9732000,-1646000,-760000,2751000,268000,-224000,None,-4014000,28.32,14.46
19,2015-09-30,USD,768000,15763000,15613000,768000,-14910000,-14859000,9960000,0,-14910000,0,5803000,85000,-14995000,0,0,None,None,None,0,0,0,-51000,0,0,-14859000,-14859000,None,USD,136778000,0,None,30215000,12788000,123990000,0,272000,23000,-51461000,1832000,0,29183000,37118000,10956000,None,None,22000,2141000,105454000,None,123990000,66330000,974000,0,0,10684000,0,0,23000,0,-51461000,0,None,None,None,2141000,None,None,None,1832000,None,None,None,175406000,136778000,103448000,None,18416369,USD,9517000,1311000,8833000,0,None,1184000,9657000,None,-14859000,-809000,-10826000,259000,391000,0,-8473000,0,412000,2661000,684000,-589000,None,-809000,16.74,28.32
