,fiscalDateEnding,reportedCurrency_x,totalRevenue,totalOperatingExpense,costOfRevenue,grossProfit,ebit,netIncome_x,researchAndDevelopment,effectOfAccountingCharges,incomeBeforeTax,minorityInterest,sellingGeneralAdministrative,otherNonOperatingIncome,operatingIncome,otherOperatingExpense,interestExpense,taxProvision,interestIncome,netInterestIncome,extraordinaryItems,nonRecurring,otherItems,incomeTaxExpense,totalOtherIncomeExpense,discontinuedOperations,netIncomeFromContinuingOperations,netIncomeApplicableToCommonShares,preferredStockAndOtherAdjustments,reportedCurrency_y,totalAssets,intangibleAssets,earningAssets,otherCurrentAssets,totalLiabilities,totalShareholderEquity,deferredLongTermLiabilities,otherCurrentLiabilities,commonStock,retainedEarnings,otherLiabilities,goodwill,otherAssets,cash,totalCurrentLiabilities,shortTermDebt,currentLongTermDebt,otherShareholderEquity,propertyPlantEquipment,totalCurrentAssets,longTermInvestments,netTangibleAssets,shortTermInvestments,netReceivables,longTermDebt,inventory,accountsPayable,totalPermanentEquity,additionalPaidInCapital,commonStockTotalEquity,preferredStockTotalEquity,retainedEarningsTotalEquity,treasuryStock,accumulatedAmortization,otherNonCurrrentAssets,deferredLongTermAssetCharges,totalNonCurrentAssets,capitalLeaseObligations,totalLongTermDebt,otherNonCurrentLiabilities,totalNonCurrentLiabilities,negativeGoodwill,warrants,preferredStockRedeemable,capitalSurplus,liabilitiesAndShareholderEquity,cashAndShortTermInvestments,accumulatedDepreciation,commonStockSharesOutstanding,reportedCurrency,investments,changeInLiabilities,cashflowFromInvestment,otherCashflowFromInvestment,netBorrowings,cashflowFromFinancing,otherCashflowFromFinancing,changeInOperatingActivities,netIncome_y,changeInCash,operatingCashflow,otherOperatingCashflow,depreciation,dividendPayout,stockSaleAndPurchase,changeInInventory,changeInAccountReceivables,changeInNetIncome,capitalExpenditures,changeInReceivables,changeInExchangeRate,changeInCashAndCashEquivalents,clossingVal,nextClossingVal
0,2020-06-30,USD,3376800000,765600000,2067100000,1309700000,546900000,411600000,None,None,531300000,None,765600000,2800000,544100000,None,15600000,119700000,14500000,-85700000,6300000,None,None,119700000,72900000,None,411600000,411600000,None,USD,39165500000,1215800000,None,27214300000,33413300000,5752200000,731900000,27431100000,63900000,18436300000,1939500000,2309400000,2878600000,1908500000,30126600000,1001800000,1001800000,-14800000,703900000,31564100000,18600000,2227000000,0,2441300000,1002800000,None,3904100000,None,None,63900000,None,18436300000,-14067000000,None,3353700000,None,7601400000,344400000,1002800000,837000000,731900000,None,None,None,1333800000,39165500000,1908500000,None,429900000,USD,2888000000,-69800000,2677700000,-176900000,-600000,-4926600000,-4534400000,-191600000,411600000,-1472300000,776600000,47800000,134000000,-391600000,0,None,167800000,85200000,33400000,167800000,None,-1472300000,148.89,
1,2020-03-31,USD,4047800000,756600000,2239100000,1808700000,1096700000,820900000,None,None,1076700000,None,756600000,44600000,1052100000,None,20000000,255800000,12100000,-7900000,None,None,None,255800000,32500000,None,820900000,820900000,None,USD,43383400000,1106700000,None,31379900000,37892700000,5490700000,1110300000,30574800000,63900000,18416500000,1855900000,2299300000,3004500000,1705000000,34672800000,1001800000,1001800000,-234400000,743100000,35708700000,21600000,2084700000,3200000,2620600000,1002800000,None,3096200000,None,None,63900000,None,18416500000,-14070400000,None,3504000000,None,7674700000,361200000,1002800000,1106800000,3219900000,None,None,None,1315100000,43383400000,1708200000,None,429800000,USD,735400000,99900000,603500000,-93300000,-2700000,-6489100000,-5970900000,-41100000,820900000,-4766900000,1118700000,88100000,135000000,-1764900000,-1621400000,None,-82800000,57600000,38600000,-82800000,None,-4766900000,136.68,148.89
2,2019-12-31,USD,3669500000,754300000,2094100000,1575400000,867100000,651600000,None,None,835500000,None,754300000,46000000,821100000,None,31600000,183900000,25700000,-5900000,None,None,None,183900000,20300000,None,651600000,651600000,None,USD,49059400000,1102500000,None,37269500000,43695000000,5364400000,1083400000,36480300000,63900000,17987600000,1809400000,2314900000,3015500000,1500400000,40522400000,1001600000,1001600000,-231200000,761300000,41365000000,21600000,1947000000,7200000,2587900000,1003000000,None,3040500000,None,None,63900000,None,17987600000,-13709600000,None,3494100000,None,7694400000,360200000,1003000000,1086200000,3172600000,None,None,None,1253700000,49059400000,1507600000,None,431800000,USD,-123900000,-30800000,-247100000,-79300000,600000,10571000000,15157000000,-271900000,651600000,11022000000,698100000,14700000,131700000,342700000,305400000,None,-102000000,32900000,43900000,-102000000,None,11022000000,170.5,136.68
3,2019-09-30,USD,3495700000,726500000,2044800000,1450900000,779000000,582400000,None,None,739100000,None,726500000,54600000,724400000,None,39900000,156700000,32300000,-7600000,None,None,None,156700000,22300000,None,582400000,582400000,None,USD,37714700000,1078900000,None,22069100000,32354000000,5360700000,1086400000,21653100000,63900000,17729600000,1794300000,2303300000,2976900000,1403900000,29200900000,4538000000,4538000000,-233900000,767100000,29508500000,22100000,1978500000,3545100000,2490400000,1003400000,None,3009800000,None,None,63900000,None,17729600000,-13412600000,None,4034800000,None,8206200000,355400000,1003400000,1063300000,3153100000,None,None,None,1213700000,37714700000,4949000000,None,433400000,USD,243800000,-106700000,122200000,-64800000,500000,-5045900000,-8063300000,-483300000,582400000,-4490900000,432800000,-120000000,129500000,343300000,309700000,None,-96800000,44400000,56800000,-96800000,None,-4490900000,161.42,170.5
4,2019-06-30,USD,3498700000,550300000,2020600000,1478100000,971400000,475500000,None,None,633300000,None,854700000,43600000,927800000,-304400000,33700000,157900000,26000000,-7700000,None,None,None,806200000,17600000,None,-172900000,475500000,None,USD,41887700000,1071500000,None,29953800000,36487800000,5399900000,2428500000,32028700000,63900000,17500600000,1857900000,2323000000,3101500000,1949200000,32627700000,None,None,-257300000,764200000,34342300000,23800000,2005400000,10500000,2439300000,2002200000,None,4459100000,None,None,63900000,None,17500600000,-13090500000,None,3362900000,None,7545400000,None,2002200000,798700000,3860100000,None,None,None,1183200000,41887700000,1949200000,None,434200000,USD,-878400000,35400000,-999800000,-79700000,-3700000,-7153100000,-6586900000,-166800000,475400000,-7420600000,732300000,-14300000,120600000,-2242600000,-1698300000,None,52800000,62400000,41700000,52800000,None,-7420600000,165.33,161.42
5,2019-03-31,USD,3847400000,750400000,2111800000,1735600000,1006200000,753700000,None,None,984500000,None,750400000,21000000,985200000,None,21700000,230800000,15000000,-6700000,None,None,None,230800000,6000000,None,753700000,753700000,None,USD,48196300000,1062900000,None,36612600000,42950100000,5246200000,1022000000,36283900000,63900000,17368600000,1781800000,2316100000,3124300000,1826200000,39166000000,None,None,-411900000,765800000,40924000000,25600000,1867200000,7300000,2485200000,2002300000,None,2882100000,None,None,63900000,None,17368600000,-12914600000,None,3101900000,None,7272300000,None,2002300000,759800000,3784100000,None,None,None,1140200000,48196300000,1826200000,None,435500000,USD,-497800000,-86300000,-728700000,-190600000,500000,8433700000,10179100000,-247200000,753800000,8729500000,1024500000,37200000,114600000,344600000,234000000,None,143300000,61900000,40300000,143300000,None,8729500000,159.74,165.33
6,2018-12-31,USD,3505900000,745200000,2013700000,1492200000,779600000,558200000,156100000,None,741000000,None,745200000,32600000,747000000,None,38600000,None,None,None,600000,None,None,-182800000,-28500000,None,923800000,558200000,None,USD,38806300000,926700000,None,26258900000,34042400000,4763900000,990700000,26066300000,63900000,16959100000,1743200000,2321400000,3095700000,2785600000,30296900000,1206000000,None,-615000000,772700000,31682600000,25200000,1515800000,3400000,2638100000,2002300000,None,3024600000,None,None,63900000,None,16959100000,-12720200000,None,3077700000,None,7123700000,None,2002300000,752500000,3745500000,None,None,None,1076100000,38806300000,2785600000,None,436200000,USD,78600000,386300000,-16500000,-58300000,1600000,329400000,-279600000,241800000,558200000,1095200000,782300000,101100000,110600000,907600000,753700000,None,-430800000,56900000,36800000,-430800000,None,1095200000,131.12,159.74
7,2018-09-30,USD,3323200000,713900000,1940500000,1382700000,682700000,505400000,158000000,None,646800000,None,713900000,13900000,668800000,None,35900000,None,None,None,None,None,None,-141400000,-36800000,None,788200000,505400000,None,USD,37416700000,917200000,None,26249200000,32737900000,4678800000,961800000,26480900000,63900000,16741100000,1698200000,2325000000,3095100000,1490300000,29037300000,None,None,-740100000,787700000,29955900000,25200000,1436600000,127100000,2216400000,2002400000,0,2556400000,0,0,63900000,0,16741100000,-12421200000,None,3405700000,None,7460800000,None,2002400000,736400000,3700600000,None,None,None,1035100000,37416700000,1490300000,None,438200000,USD,-216000000,-80100000,-452700000,-193500000,-500000,-1817700000,-1287500000,-549000000,505400000,-2121200000,149200000,-227900000,113300000,-302600000,-227100000,0,-239200000,77700000,43200000,-239200000,None,-2121200000,150.66,131.12
8,2018-06-30,USD,3318600000,836800000,1952100000,1366500000,233200000,108700000,152600000,0,204600000,0,836800000,-296500000,529700000,0,28600000,None,None,None,0,0,0,1004700000,-344900000,0,-800100000,108700000,None,USD,37088700000,886400000,None,27895800000,33629100000,3459600000,377800000,30100200000,63900000,15271300000,1213100000,2243500000,1107900000,2170000000,30413600000,2002400000,2002400000,-680800000,793700000,32050000000,25500000,329700000,3300000,1984200000,2002400000,0,3528900000,0,1014800000,63900000,0,15271300000,-12209600000,None,1089600000,None,5038700000,None,None,None,None,None,None,None,1014800000,37088700000,2170000000,None,438800000,USD,-431600000,31500000,-546600000,-68500000,-500000,-7014100000,-6341900000,134400000,108700000,-6855500000,705200000,132600000,115200000,-278600000,-393100000,0,-52500000,369700000,46500000,-52500000,-8400000,-6849700000,134.14,150.66
9,2018-03-31,USD,3693000000,755100000,2077400000,1615600000,871200000,643100000,162500000,0,852600000,0,755100000,10700000,860500000,0,18600000,None,None,None,0,0,0,-209500000,-19700000,0,1062100000,643100000,None,USD,44065500000,875300000,None,34377000000,40036300000,4029200000,496900000,34179100000,63900000,15466100000,1292700000,2263300000,1411000000,2293600000,36741200000,2002400000,2002400000,-638800000,794600000,38714000000,27300000,890600000,0,2043400000,2002400000,0,2562100000,0,0,63900000,0,15466100000,-11826100000,None,1391000000,None,5351500000,None,2002400000,795800000,3295100000,None,None,None,964100000,44065500000,2293600000,None,441700000,USD,-402000000,11600000,-631700000,-188400000,-500000,-922100000,-455300000,246100000,643100000,-418900000,1134900000,206100000,114000000,-278400000,-187900000,0,97800000,62300000,41300000,97800000,None,-418900000,113.48,134.14
10,2017-12-31,USD,3235400000,717200000,1946700000,1288700000,593200000,467500000,159400000,0,565700000,0,717200000,21700000,571500000,0,27500000,None,None,None,0,0,0,-98200000,-34300000,0,663900000,467500000,None,USD,44545500000,832700000,None,35531100000,40614300000,3931200000,536200000,34735600000,63900000,15060100000,1212400000,2164300000,4395600000,1773400000,37250900000,2002400000,2002400000,-432600000,799900000,39350000000,27400000,934200000,3200000,2045500000,2002400000,0,2515300000,0,0,63900000,0,15060100000,-11663700000,None,1371200000,None,5195500000,None,2002400000,824800000,3363400000,None,None,None,903500000,44545500000,1773400000,None,442700000,USD,-438600000,82600000,-1033700000,-550100000,-5400000,8345000000,8761600000,75600000,467500000,7741700000,430400000,14800000,113300000,-253000000,-158200000,0,-255400000,7600000,45000000,-255400000,None,7727500000,117.19,113.48
11,2017-09-30,USD,3078800000,662400000,1866400000,1212400000,576200000,401500000,158200000,0,548200000,0,662400000,26200000,550000000,0,28000000,None,None,None,0,0,0,-146700000,26200000,0,694900000,401500000,None,USD,35661100000,687300000,None,26850300000,31707700000,3953400000,583500000,25956500000,63900000,14872400000,1223000000,1757300000,3858100000,2363600000,28286600000,2131500000,2131500000,-344600000,800400000,31002600000,27300000,1508800000,113200000,1788700000,2002100000,0,2330100000,0,0,63900000,0,14872400000,-11508100000,None,1386200000,None,4658500000,None,2002100000,835500000,3421100000,None,None,None,869800000,35661100000,2363600000,None,444000000,USD,-149600000,-19900000,-292600000,-69700000,-900000,-2064700000,-1560000000,-254900000,401500000,-2112600000,244700000,-259500000,106600000,-253700000,-250100000,0,0,97700000,73300000,-81700000,14200000,-2098400000,109.32,117.19
12,2017-06-30,USD,3064800000,829700000,1847400000,1217400000,411100000,265900000,166900000,0,388300000,0,829700000,23400000,387700000,0,22800000,None,None,None,0,0,0,122400000,115300000,0,265900000,265900000,None,USD,37180000000,620200000,None,28174700000,33203000000,3977000000,391400000,29816100000,63900000,14728200000,1221600000,1741000000,3741400000,2780400000,29815900000,2002400000,2002400000,-379200000,779900000,32658700000,28000000,1615800000,3200000,1703600000,2002400000,0,3386900000,0,867800000,63900000,0,14728200000,-11303700000,None,1352200000,None,4521300000,None,None,None,None,None,None,None,867800000,37180000000,2780400000,None,445000000,USD,-23800000,47900000,6597400000,6686900000,-500000,-7295200000,-6736100000,-110100000,265800000,-240600000,457200000,-106200000,102300000,-255800000,-302800000,0,23400000,33900000,65700000,113500000,25500000,-215100000,102.46,109.32
13,2017-03-31,USD,3410800000,665000000,1911000000,1499800000,844700000,587900000,153200000,0,827900000,0,665000000,9900000,834800000,0,16800000,None,None,None,0,0,0,240000000,-218200000,0,587900000,587900000,None,USD,43855900000,594800000,None,34707400000,39752800000,4103100000,495700000,34043900000,63900000,14717700000,1222900000,1726700000,3590900000,2995500000,36418500000,2010300000,2010300000,-513200000,750600000,39514400000,27000000,1781600000,3200000,1811500000,2002500000,0,2374600000,0,0,63900000,0,14717700000,-10998800000,None,1242400000,None,4341500000,None,2002500000,836100000,3334300000,None,None,None,833500000,43855900000,2995500000,None,447900000,USD,-283900000,74600000,-3586200000,-3247500000,-500000,3042800000,3491900000,-8800000,588000000,284200000,827600000,-8800000,98200000,-257100000,-191500000,0,0,46000000,54800000,29600000,6100000,290300000,102.39,102.46
14,2016-12-31,USD,2987300000,640800000,1767800000,1219500000,806700000,510900000,152500000,0,786200000,0,640800000,228000000,578700000,0,20500000,None,None,None,0,0,0,275300000,205100000,0,510900000,510900000,None,USD,39999400000,552400000,None,31263400000,36184300000,3815100000,454900000,30618000000,63900000,14384700000,1140400000,1652900000,3458100000,2705200000,32956300000,None,None,-566700000,733200000,35808100000,24600000,1609800000,41000000,1839500000,2002500000,0,2338300000,0,0,63900000,0,14384700000,-10851000000,None,1228200000,None,4191300000,None,2002500000,770600000,3228000000,None,None,None,784200000,39999400000,2705200000,None,448900000,USD,-210500000,141300000,-6044700000,-5763200000,-500000,5484300000,6162000000,77500000,510900000,-49100000,511300000,-43900000,100700000,-240500000,-436700000,0,0,43000000,71000000,-240700000,-22300000,-71400000,102.78,102.39
15,2016-09-30,USD,2916900000,647700000,1743600000,1173300000,548600000,368700000,154900000,0,528700000,0,647700000,23000000,525600000,0,19900000,None,None,None,0,0,0,160000000,23000000,0,368700000,368700000,None,USD,34337400000,553800000,None,25686000000,30087300000,4250100000,626300000,24569700000,63900000,14130200000,1115800000,1698500000,3512200000,2776600000,26719300000,None,None,-246400000,701000000,30124200000,34400000,1997800000,41000000,1620600000,2007700000,0,2149600000,0,0,63900000,0,14130200000,-10448000000,None,1225500000,None,4213200000,None,2007700000,734000000,3368000000,None,None,None,750400000,34337400000,2817600000,None,453100000,USD,-271000000,-116400000,8763900000,9083600000,-500000,-9513600000,-8942700000,-221600000,368700000,-419900000,329800000,-221600000,100800000,-241800000,-328600000,0,121000000,77300000,48700000,121000000,5400000,-414500000,88.2,102.78
16,2016-06-30,USD,2898200000,770100000,1698600000,1199600000,445200000,282000000,150700000,0,427000000,0,770100000,15700000,429500000,0,18200000,None,None,None,0,0,0,145000000,-4000000,-900000,282000000,282000000,None,USD,43670000000,534200000,None,34543000000,39188400000,4481600000,381100000,35953800000,63900000,14003300000,1082200000,1682000000,3484600000,3191100000,35847400000,2007700000,2007700000,-215100000,685000000,39500400000,34900000,2265400000,23500000,1742800000,2007700000,0,3234600000,0,768100000,63900000,0,14003300000,-10138600000,None,1233500000,None,4169600000,None,None,None,None,None,None,None,768100000,43670000000,3214600000,None,455700000,USD,-481200000,-160900000,7172200000,7694300000,-500000,-7576100000,-7343800000,111600000,282000000,255200000,659100000,97800000,97000000,-242400000,10600000,0,-224600000,22000000,40900000,321200000,-5500000,249700000,91.87,88.2
17,2016-03-31,USD,3248600000,634400000,1812700000,1435900000,811100000,532500000,147300000,0,794800000,0,634400000,9600000,801500000,0,16300000,None,None,None,0,0,0,262300000,0,0,532500000,532500000,None,USD,51125600000,513900000,None,41779500000,46622400000,4503200000,656800000,40925200000,63900000,13957200000,1082700000,1689300000,3637800000,2941400000,43250400000,None,None,-160000000,668800000,46819000000,35300000,2300000000,23700000,2074400000,2007700000,0,2325200000,0,0,63900000,0,13957200000,-10093700000,None,1399300000,None,4306600000,None,2007700000,707500000,3372000000,None,None,None,735800000,51125600000,2965100000,None,456100000,USD,-404400000,470500000,-10393700000,-9961100000,12200000,9816700000,10364900000,19400000,532500000,131100000,708100000,19400000,96300000,-242400000,-318000000,0,0,24000000,28200000,-434600000,15400000,146500000,89.71,91.87
18,2015-12-31,USD,2807000000,627200000,1682500000,1124500000,524700000,341400000,149600000,0,507900000,0,627200000,27400000,497300000,0,16800000,None,None,None,0,0,0,166500000,0,0,341400000,341400000,None,USD,39899500000,495300000,None,31203200000,35693300000,4206200000,554900000,30452900000,63900000,13666300000,1038400000,1671200000,3560700000,2794900000,32468100000,None,None,-379100000,679600000,35659200000,52300000,2039700000,26900000,1634200000,1994800000,0,2015200000,0,0,63900000,0,13666300000,-9839600000,None,1341900000,None,4240300000,None,1994800000,675500000,3225200000,None,None,None,694700000,39899500000,2821800000,None,458700000,USD,-170800000,-13600000,-6184900000,-5970300000,-700000,5405400000,6100800000,None,341400000,-380000000,399500000,23100000,96500000,-229800000,-464900000,0,0,31000000,43800000,-78900000,-9800000,-389800000,84.72,89.71
19,2015-09-30,USD,2714000000,605300000,1577700000,1067500000,509900000,336600000,156100000,0,505000000,0,605300000,47700000,462200000,0,4900000,None,None,None,0,0,0,167500000,0,-900000,337500000,337500000,None,USD,34380300000,476200000,None,25399000000,29750100000,4630200000,519600000,26339000000,63900000,13321200000,1004700000,1684600000,3523900000,3184700000,26587300000,None,None,-247400000,680300000,30176100000,53900000,2469400000,27200000,1565200000,1995200000,0,2129000000,0,0,63900000,0,13568600000,-9414500000,None,1309200000,None,4204200000,None,1995200000,648000000,3162800000,None,None,None,659600000,34380300000,3211900000,None,466000000,USD,395500000,-91400000,319200000,-20700000,1985800000,1144100000,-304600000,None,336600000,1556500000,93200000,-271000000,92900000,-229000000,-308100000,0,0,58400000,55600000,-32300000,-11100000,1545400000,80.36,84.72
