,fiscalDateEnding,reportedCurrency_x,totalRevenue,totalOperatingExpense,costOfRevenue,grossProfit,ebit,netIncome_x,researchAndDevelopment,effectOfAccountingCharges,incomeBeforeTax,minorityInterest,sellingGeneralAdministrative,otherNonOperatingIncome,operatingIncome,otherOperatingExpense,interestExpense,taxProvision,interestIncome,netInterestIncome,extraordinaryItems,nonRecurring,otherItems,incomeTaxExpense,totalOtherIncomeExpense,discontinuedOperations,netIncomeFromContinuingOperations,netIncomeApplicableToCommonShares,preferredStockAndOtherAdjustments,reportedCurrency_y,totalAssets,intangibleAssets,earningAssets,otherCurrentAssets,totalLiabilities,totalShareholderEquity,deferredLongTermLiabilities,otherCurrentLiabilities,commonStock,retainedEarnings,otherLiabilities,goodwill,otherAssets,cash,totalCurrentLiabilities,shortTermDebt,currentLongTermDebt,otherShareholderEquity,propertyPlantEquipment,totalCurrentAssets,longTermInvestments,netTangibleAssets,shortTermInvestments,netReceivables,longTermDebt,inventory,accountsPayable,totalPermanentEquity,additionalPaidInCapital,commonStockTotalEquity,preferredStockTotalEquity,retainedEarningsTotalEquity,treasuryStock,accumulatedAmortization,otherNonCurrrentAssets,deferredLongTermAssetCharges,totalNonCurrentAssets,capitalLeaseObligations,totalLongTermDebt,otherNonCurrentLiabilities,totalNonCurrentLiabilities,negativeGoodwill,warrants,preferredStockRedeemable,capitalSurplus,liabilitiesAndShareholderEquity,cashAndShortTermInvestments,accumulatedDepreciation,commonStockSharesOutstanding,reportedCurrency,investments,changeInLiabilities,cashflowFromInvestment,otherCashflowFromInvestment,netBorrowings,cashflowFromFinancing,otherCashflowFromFinancing,changeInOperatingActivities,netIncome_y,changeInCash,operatingCashflow,otherOperatingCashflow,depreciation,dividendPayout,stockSaleAndPurchase,changeInInventory,changeInAccountReceivables,changeInNetIncome,capitalExpenditures,changeInReceivables,changeInExchangeRate,changeInCashAndCashEquivalents,clossingVal,nextClossingVal
0,2020-06-30,USD,184576000,45390000,129579000,54997000,9607000,6907000,None,None,9041000,None,42450000,None,9607000,2940000,566000,2134000,155000,-566000,None,None,None,2134000,-353000,None,6907000,6907000,None,USD,660921000,53073000,None,11398000,166060000,494861000,None,None,16000,131597000,655000,275433000,1547000,158549000,93685000,948000,948000,None,14707000,296336000,None,494861000,None,126389000,59048000,None,92737000,None,None,16000,None,131597000,None,None,349878000,None,364585000,20074000,59048000,13327000,72375000,None,None,None,363248000,660921000,158549000,None,15665000,USD,-2131000,-724000,-2131000,None,-256000,-228000,None,4833000,6907000,28086000,30445000,None,2940000,None,None,None,14565000,1740000,2095000,None,None,None,92.56,
1,2020-03-31,USD,190216000,45174000,134381000,55835000,10661000,8658000,None,None,10087000,None,42287000,None,10661000,2887000,574000,1429000,334000,-574000,None,None,None,1429000,None,None,8658000,8658000,None,USD,644819000,55304000,None,6505000,158011000,486808000,None,None,16000,124690000,655000,275364000,1606000,130463000,84606000,956000,956000,None,34494000,278051000,None,486808000,None,141083000,59112000,None,83650000,None,None,16000,None,124690000,None,None,352977000,None,352977000,21063000,59112000,14293000,73405000,None,None,None,362102000,644819000,130463000,None,15660000,USD,-2834000,-2712000,-2834000,-87000,-10000,1141000,-10000,237000,8658000,18749000,20442000,973000,3073000,None,1151000,None,8777000,1673000,2747000,8777000,None,18749000,67.6,92.56
2,2019-12-31,USD,190042000,41692000,134834000,55208000,13516000,9990000,None,None,13002000,None,38140000,None,13516000,3209000,514000,3012000,427000,-514000,None,343000,None,3012000,None,None,9990000,9990000,None,USD,636748000,57079000,None,7993000,161156000,475592000,None,None,15000,116032000,163000,275368000,1647000,111714000,87528000,728000,728000,None,12156000,269387000,None,475592000,None,149680000,59164000,None,86800000,None,None,15000,None,116032000,None,None,355205000,None,367361000,21535000,59164000,14464000,73628000,None,None,None,359545000,636748000,111714000,None,15617000,USD,-132396000,8944000,-132396000,-130852000,-11000,566000,-499000,2548000,9990000,-127895000,3935000,-3614000,3392000,None,1076000,None,-15187000,410000,1544000,-15187000,None,-127895000,97.22,67.6
3,2019-09-30,USD,169803000,38706000,123817000,45986000,7280000,4867000,None,None,7200000,None,35950000,None,7280000,2756000,80000,1759000,786000,-80000,-574000,None,None,1759000,-580000,-574000,5441000,4867000,None,USD,619110000,41119000,None,8822000,149122000,469988000,866000,None,15000,113084000,1029000,162016000,None,239609000,76286000,970000,970000,None,11527000,386476000,None,469988000,None,138045000,59248000,None,75316000,None,None,15000,None,113084000,None,None,221107000,None,232634000,18487000,59248000,12722000,72836000,None,None,None,356889000,619110000,239609000,None,15559000,USD,-24497000,3523000,-24497000,-23416000,23097000,197152000,-254000,4802000,4867000,184817000,12162000,2494000,2942000,None,174309000,None,-3407000,1743000,1081000,-3407000,None,184817000,79.28,97.22
4,2019-06-30,USD,149692000,32757000,109222000,40470000,7713000,5518000,None,None,7128000,None,30222000,None,7713000,2535000,585000,1610000,95000,-585000,None,None,None,1610000,-985000,-574000,5518000,5518000,None,USD,408684000,36480000,None,9148000,119343000,289341000,617000,None,13000,108217000,859000,145812000,None,54792000,69324000,955000,955000,None,11428000,196704000,None,289341000,None,132764000,36231000,None,68369000,None,None,13000,None,108217000,None,None,200552000,None,211980000,18772000,36231000,13171000,50019000,None,None,None,181111000,408684000,54792000,None,13219000,USD,-30798000,-2541000,-30798000,-29808000,19600000,20301000,-12000,-6037000,5518000,-11378000,-881000,-2166000,2721000,None,713000,None,-5895000,1482000,990000,-5895000,None,-11378000,74.95,79.28
5,2019-03-31,USD,139254000,31331000,101680000,37574000,6243000,4862000,None,None,5840000,None,29257000,None,6243000,2074000,403000,978000,-403000,-403000,None,None,None,978000,-956000,-574000,4862000,4862000,None,USD,378923000,22531000,None,7146000,97295000,281628000,615000,5154000,13000,102699000,857000,135399000,None,66170000,67384000,5154000,5154000,None,10843000,193459000,None,281628000,None,120143000,17375000,None,67384000,None,None,13000,None,102699000,None,None,174621000,None,185464000,16833000,17375000,11921000,29911000,None,None,None,178916000,378923000,66170000,None,13178000,USD,-1006000,-1210000,-1006000,-1006000,-33000,-33000,-33000,1973000,4862000,-4236000,-3197000,2494000,2235000,None,None,None,-12989000,1411000,1006000,-12989000,None,-4236000,63.59,74.95
6,2018-12-31,USD,139803000,31001000,101859000,37944000,6943000,4802000,0,0,5887000,0,28940000,None,6943000,2003000,1056000,None,None,None,126000,58000,0,1211000,-1092000,126000,4676000,4802000,None,USD,355388000,23784000,None,7098000,79855000,275533000,494000,None,13000,97837000,1129000,135442000,None,70406000,61504000,62000,62000,None,10658000,185504000,None,275533000,None,108000000,17222000,None,61442000,None,None,13000,None,97837000,None,None,159226000,None,169884000,None,17222000,635000,18351000,None,None,None,177683000,355388000,70406000,None,13126000,USD,None,-1429000,-2058000,-93000,19089000,-83537000,-103170000,1973000,4802000,-77071000,8524000,-493000,2572000,None,544000,None,-12989000,-43000,1965000,3115000,None,-77071000,67.88,63.59
7,2018-09-30,USD,137631000,30802000,100926000,36705000,5903000,3546000,0,0,4473000,0,28218000,None,5903000,2535000,1430000,None,None,None,0,49000,0,927000,-3330000,126000,3546000,3546000,None,USD,430778000,26197000,None,6935000,162968000,267810000,1098000,847000,13000,91806000,1739000,134063000,160260000,147477000,62338000,2318000,2204000,None,9453000,261065000,None,267810000,0,106653000,98891000,0,59173000,0,0,13000,0,91806000,0,None,160260000,None,169713000,None,98891000,641000,100630000,None,None,None,175991000,430778000,147477000,None,13097000,USD,None,6168000,-2260000,-538000,-232000,76005000,-563000,5502000,3546000,78260000,4515000,-1128000,2535000,0,76800000,0,-7912000,1306000,1722000,-7912000,None,78260000,70.15,67.88
8,2018-06-30,USD,131237000,28830000,95515000,35722000,6892000,4297000,0,0,5542000,0,26408000,None,6892000,2335000,1350000,None,None,None,0,87000,0,1245000,-3150000,126000,4297000,4297000,None,USD,343426000,28090000,None,5918000,157067000,186359000,946000,847000,12000,88260000,1373000,133082000,161172000,69217000,56336000,2494000,2201000,None,8398000,173856000,None,186359000,0,98721000,99358000,0,52995000,0,0,12000,0,88260000,0,None,161172000,None,169570000,None,99358000,427000,100731000,None,None,None,98087000,343426000,69217000,None,11697000,USD,None,-1221000,-59772000,-58526000,60013000,59695000,-562000,539000,4297000,5811000,5888000,2277000,2334000,0,244000,0,-2999000,1200000,1246000,-2999000,None,5811000,57.25,70.15
9,2018-03-31,USD,109448000,23344000,81543000,27905000,4561000,4858000,0,0,5973000,0,21459000,None,4561000,1807000,-1412000,None,None,None,0,78000,0,1115000,860000,126000,4858000,4858000,None,USD,272853000,16480000,None,7250000,92032000,180821000,0,1055000,12000,83963000,1254000,93090000,1472000,63406000,51382000,2761000,2130000,None,7384000,154427000,None,180821000,0,83771000,39396000,0,48621000,0,0,12000,0,83963000,0,None,111042000,None,118426000,None,39396000,1254000,40650000,None,None,None,96846000,272853000,63406000,None,11691000,USD,None,-390000,-3699000,-3283000,-386000,-925000,-563000,-1321000,4858000,9652000,14276000,1308000,1807000,0,24000,0,5627000,1066000,416000,5627000,None,9652000,48.65,57.25
10,2017-12-31,USD,111958000,23165000,81243000,30715000,7602000,3241000,0,0,6775000,0,17632000,52000,7550000,1450000,827000,None,None,None,0,4083000,0,3681000,-4887000,-2205000,3094000,3241000,None,USD,267110000,106935000,None,8379000,92030000,175080000,0,44800000,12000,79105000,446000,90339000,108536000,53754000,52170000,3099000,3099000,None,7489000,151085000,None,175080000,0,88952000,39860000,0,49071000,0,0,12000,0,79105000,0,None,108536000,None,116025000,None,39860000,None,39860000,None,None,None,95963000,267110000,53754000,None,11632000,USD,1100000,-2291000,-1160000,-633000,-404000,-967000,-563000,-585000,3242000,8066000,10193000,-1936000,1852000,0,0,0,21023000,3754000,527000,5572000,None,8066000,34.8,48.65
11,2017-09-30,USD,108592000,23246000,79539000,29053000,5871000,3408000,0,0,5031000,0,19359000,64000,5807000,1781000,840000,None,None,None,0,2106000,0,1623000,0,3234000,3408000,3408000,None,USD,267901000,108064000,None,6267000,95631000,172270000,0,46942000,12000,77029000,None,91821000,112117000,45688000,55259000,3407000,3407000,None,7494000,148290000,None,172270000,0,96335000,40372000,0,51852000,0,0,12000,0,77029000,0,None,112117000,None,119611000,None,40372000,None,40372000,None,None,None,95229000,267901000,45688000,None,11634000,USD,None,7247000,-23737000,-22419000,19599000,-401000,-20000000,3412000,3407000,29815000,53953000,-2219000,1781000,0,0,0,15451000,3216000,1318000,40521000,None,29815000,35.3,34.8
12,2017-06-30,USD,103559000,22590000,75048000,28511000,5965000,2700000,0,0,3870000,0,19006000,44000,5921000,1514000,2095000,None,None,None,0,2070000,0,1170000,0,-1029000,2700000,2700000,None,USD,256194000,87226000,None,3884000,88058000,168136000,0,40590000,12000,73622000,None,73906000,91279000,15873000,47072000,3052000,44038000,None,7191000,157724000,None,168136000,0,137967000,40986000,0,44020000,0,0,12000,0,73622000,0,None,91279000,None,98470000,None,40986000,None,40986000,None,None,None,94502000,256194000,15873000,None,11625000,USD,None,-5648000,-609000,2400000,18112000,18316000,-2781000,-3550000,2700000,-3283000,-20990000,168000,2919000,0,204000,0,25070000,2734000,609000,-23863000,None,-3283000,37.2,35.3
13,2017-03-31,USD,101606000,20356000,74289000,27317000,7018000,4259000,0,0,6374000,0,20905000,57000,6961000,-549000,644000,None,None,None,0,4102000,0,2115000,0,147000,4259000,4259000,None,USD,238664000,88273000,None,3959000,74096000,164568000,0,44215000,12000,70922000,None,73906000,92326000,19156000,52219000,2551000,2551000,None,7049000,139289000,None,164568000,0,116174000,21877000,0,49668000,0,0,12000,0,70922000,0,None,92326000,None,99375000,None,21877000,None,21877000,None,None,None,93634000,238664000,19156000,None,11628000,USD,None,2569000,1238000,2400000,-664000,290000,-2781000,2005000,4259000,11143000,9615000,2005000,1595000,0,954000,0,1207000,394000,1162000,-1207000,None,11143000,32.0,37.2
14,2016-12-31,USD,103657000,20965000,74999000,28658000,7773000,7568000,0,0,9967000,0,19261000,80000,7693000,1704000,-2194000,None,None,None,0,10554000,0,2496000,-7332000,679000,7471000,7568000,None,USD,231030000,89319000,None,5998000,72102000,158928000,0,42603000,12000,66663000,None,73906000,93372000,8013000,49620000,2531000,2531000,None,6648000,131010000,900000,158928000,0,116999000,22482000,0,47089000,0,0,12000,0,66663000,0,None,93372000,None,100020000,None,22482000,None,22482000,None,None,None,92253000,231030000,8013000,None,11527000,USD,1100000,-2299000,-121000,423000,-668000,422000,1090000,4803000,7568000,-31433000,-31734000,-1418000,1800000,0,0,0,-33601000,761000,544000,-38146000,None,-31433000,35.05,32.0
15,2016-09-30,USD,103502000,24928000,76079000,27423000,2621000,1699000,0,0,1989000,0,23207000,126000,2495000,1721000,632000,None,None,None,0,-3181000,0,290000,0,-679000,1699000,1699000,None,USD,230440000,90522000,None,4485000,79979000,150461000,6815000,43929000,12000,59095000,None,73851000,91422000,39446000,50441000,2244000,2244000,None,5993000,133025000,None,150461000,0,89094000,22723000,0,48197000,0,0,12000,0,59095000,0,None,91422000,None,97415000,None,22723000,None,29538000,None,None,None,91354000,230440000,39446000,None,11464000,USD,None,2932000,-457000,0,-17593000,-17593000,None,35000,1699000,31206000,49256000,35000,922000,0,0,0,5540000,4906000,457000,38762000,None,31206000,26.16,35.05
16,2016-06-30,USD,100927000,21301000,75232000,25695000,4394000,2600000,0,0,3731000,0,19557000,None,4394000,1744000,663000,None,None,None,0,0,0,1131000,0,97000,2600000,2600000,None,USD,242902000,91844000,None,4520000,94584000,148318000,6815000,40715000,12000,57396000,None,73891000,92744000,8240000,47591000,2286000,2286000,None,7634000,142524000,None,148318000,0,129764000,40178000,0,45305000,0,0,12000,0,57396000,0,None,92744000,None,100378000,None,40178000,None,46993000,None,None,None,90910000,242902000,8240000,None,11455000,USD,None,-1281000,-369000,0,9089000,11835000,-100000,-587000,2600000,-840000,-12306000,-587000,1833000,0,2846000,0,33222000,2295000,369000,-17166000,None,-840000,17.43,26.16
17,2016-03-31,USD,92602000,23666000,68283000,24319000,653000,157000,0,0,234000,0,22188000,None,653000,1478000,419000,None,None,None,0,0,0,77000,0,0,157000,157000,None,USD,229218000,93211000,None,3933000,86828000,142390000,6815000,1250000,11000,54796000,None,73931000,94111000,9080000,48943000,2217000,None,None,7683000,127424000,None,142390000,0,114411000,31070000,0,45476000,0,0,11000,0,54796000,0,None,94111000,None,101794000,None,31070000,None,37885000,None,None,None,87583000,229218000,9080000,None,11136000,USD,None,4098000,-20791000,-20449000,31556000,31726000,None,None,157000,4976000,-5959000,1688000,2449000,0,170000,0,16056000,1705000,342000,-16056000,None,4976000,17.19,17.43
18,2015-12-31,USD,84760000,19178000,62567000,22193000,3015000,3321000,0,0,2781000,0,17835000,None,3015000,1213000,234000,None,None,None,0,4309000,0,-270000,-1769000,270000,3051000,3321000,None,USD,192612000,79195000,None,4858000,50886000,141726000,6815000,1250000,11000,54639000,None,68844000,81432000,4104000,42189000,1109000,1109000,None,8619000,102561000,900000,141726000,0,93599000,1882000,0,39830000,0,0,11000,0,54639000,0,None,81432000,None,90051000,1882000,1882000,None,8697000,None,None,None,87076000,192612000,4104000,None,11108000,USD,1100000,-7221000,-5012000,-4115000,-1350000,-1081000,269000,-239000,3321000,-10773000,-4680000,2786000,1264000,0,0,0,-19512000,2597000,897000,-7427000,None,-10773000,23.28,17.19
19,2015-09-30,USD,84331000,19238000,60809000,23522000,4284000,2887000,0,0,4121000,0,18041000,None,4284000,1197000,163000,None,None,None,0,0,0,1234000,0,0,2887000,2887000,None,USD,195056000,76141000,None,7644000,57331000,137725000,5832000,1250000,11000,51318000,None,65962000,77445000,14877000,49337000,1100000,None,None,8187000,109424000,None,137725000,0,86903000,2162000,0,46987000,0,0,11000,0,51318000,0,None,77445000,None,85632000,2162000,2162000,None,7994000,None,None,None,86396000,195056000,14877000,None,11108000,USD,None,3839000,-555000,0,-334000,-334000,None,None,2887000,-27147000,-26258000,-3265000,1214000,0,0,0,12085000,1348000,555000,-32281000,None,-27147000,31.15,23.28
