,fiscalDateEnding,reportedCurrency_x,totalRevenue,totalOperatingExpense,costOfRevenue,grossProfit,ebit,netIncome_x,researchAndDevelopment,effectOfAccountingCharges,incomeBeforeTax,minorityInterest,sellingGeneralAdministrative,otherNonOperatingIncome,operatingIncome,otherOperatingExpense,interestExpense,taxProvision,interestIncome,netInterestIncome,extraordinaryItems,nonRecurring,otherItems,incomeTaxExpense,totalOtherIncomeExpense,discontinuedOperations,netIncomeFromContinuingOperations,netIncomeApplicableToCommonShares,preferredStockAndOtherAdjustments,reportedCurrency_y,totalAssets,intangibleAssets,earningAssets,otherCurrentAssets,totalLiabilities,totalShareholderEquity,deferredLongTermLiabilities,otherCurrentLiabilities,commonStock,retainedEarnings,otherLiabilities,goodwill,otherAssets,cash,totalCurrentLiabilities,shortTermDebt,currentLongTermDebt,otherShareholderEquity,propertyPlantEquipment,totalCurrentAssets,longTermInvestments,netTangibleAssets,shortTermInvestments,netReceivables,longTermDebt,inventory,accountsPayable,totalPermanentEquity,additionalPaidInCapital,commonStockTotalEquity,preferredStockTotalEquity,retainedEarningsTotalEquity,treasuryStock,accumulatedAmortization,otherNonCurrrentAssets,deferredLongTermAssetCharges,totalNonCurrentAssets,capitalLeaseObligations,totalLongTermDebt,otherNonCurrentLiabilities,totalNonCurrentLiabilities,negativeGoodwill,warrants,preferredStockRedeemable,capitalSurplus,liabilitiesAndShareholderEquity,cashAndShortTermInvestments,accumulatedDepreciation,commonStockSharesOutstanding,reportedCurrency,investments,changeInLiabilities,cashflowFromInvestment,otherCashflowFromInvestment,netBorrowings,cashflowFromFinancing,otherCashflowFromFinancing,changeInOperatingActivities,netIncome_y,changeInCash,operatingCashflow,otherOperatingCashflow,depreciation,dividendPayout,stockSaleAndPurchase,changeInInventory,changeInAccountReceivables,changeInNetIncome,capitalExpenditures,changeInReceivables,changeInExchangeRate,changeInCashAndCashEquivalents,clossingVal,nextClossingVal
0,2020-06-30,USD,19982000,23579000,6453000,13529000,-9608000,-16554000,2895000,None,-16121000,-197000,12722000,442000,-10050000,7962000,6513000,630000,None,-6513000,None,None,None,630000,442000,None,-16751000,-16554000,None,USD,767437000,609545000,None,16740000,462165000,298050000,11677000,579000,5000,-219823000,13107000,6351000,16249000,35619000,46025000,4776000,4776000,-40831000,12890000,115896000,None,-317846000,None,38418000,397898000,25119000,41249000,None,None,5000,None,-219823000,-3885000,None,12191000,None,10564000,6700000,397898000,6565000,416140000,None,None,None,562584000,767437000,35619000,None,52213708,USD,-467000,-1344000,-467000,None,-1053000,-856000,None,-7376000,-16751000,6778000,8101000,6742000,586000,None,197000,-454000,19128000,194000,467000,19128000,None,6778000,3.03,
1,2020-03-31,USD,33023000,35836000,8528000,24495000,-679000,-3648000,2642000,None,-7645000,-166000,13709000,2134000,-2813000,19485000,6966000,-3831000,-6339000,-6966000,None,None,None,-3831000,2134000,None,-3814000,-3648000,None,USD,787176000,620225000,None,12889000,466605000,313152000,15156000,None,5000,-203269000,16867000,6246000,18948000,28300000,46656000,4966000,4966000,-41182000,12739000,122894000,None,-313319000,None,58551000,398157000,23154000,41690000,None,None,5000,None,-203269000,-3885000,None,11549000,None,13523000,6343000,398157000,6636000,419949000,None,None,None,561483000,787176000,28300000,None,51174607,USD,-438000,-1449000,-438000,None,-235000,-235000,None,-5172000,-3814000,381000,1054000,8400000,577000,None,None,-3503000,5773000,-4930000,438000,5773000,None,381000,1.64,3.03
2,2019-12-31,USD,60970000,76310000,13533000,47437000,20339000,-29233000,4392000,None,-34188000,7585000,12402000,None,-15340000,-2974000,7763000,-4613000,-9006000,-7763000,-952000,None,None,-4613000,-11085000,None,-29575000,-29233000,None,USD,805692000,631369000,None,3261000,471662000,326445000,None,15289000,5000,-199621000,18481000,6323000,15879000,29288000,49778000,4675000,4675000,-31060000,19776000,132345000,0,-311247000,None,68634000,398064000,22621000,15105000,None,None,None,None,None,-3885000,None,12161000,None,673347000,6832000,398064000,1907000,421884000,None,None,None,561006000,None,29288000,None,50000000,USD,-905000,2644000,-905000,-250000,-1229000,-16991000,-16003000,-3812000,-29233000,10544000,28743000,None,46764000,None,241000,4036000,1178000,38888000,905000,None,None,None,2.58,1.64
3,2019-09-30,USD,48972000,-5991000,13892000,35080000,5964000,3289000,2566000,None,-2642000,-278000,14769000,-27000,5991000,-23326000,8606000,-5653000,-8552000,-8606000,None,None,None,-5653000,202000,None,3011000,3289000,None,USD,858926000,676938000,None,14648000,517683000,333316000,17555000,19798000,5000,-170388000,52683000,6091000,25287000,18746000,60776000,4748000,4748000,-30491000,13643000,129667000,None,-349713000,None,72074000,398619000,24199000,56028000,None,None,5000,None,-170388000,-3885000,None,22492000,None,10095000,7139000,398619000,40733000,456907000,None,None,None,538075000,858926000,18746000,None,50931578,USD,-2000,-936000,-2000,-250000,-2251000,-2251000,None,1243000,3289000,-17119000,-14811000,12818000,12356000,None,None,-3286000,-22892000,-5570000,2000,-22892000,None,-17064000,2.63,2.58
4,2019-06-30,USD,21183000,37460000,6289000,14894000,-7706000,-22269000,3257000,None,-28651000,-92000,16148000,-2545000,-16277000,-3128000,8670000,-6290000,-11189000,-8670000,None,992000,None,-6290000,-3704000,None,-22361000,-22269000,None,USD,866788000,688452000,None,15316000,525354000,333229000,23110000,19833000,5000,-173677000,57208000,6322000,25111000,35866000,63365000,5860000,5860000,-26473000,14453000,125150000,None,-361545000,None,49054000,399272000,24914000,11528000,None,None,5000,None,-173677000,-3885000,None,15918000,None,741638000,7054000,399272000,34098000,461989000,None,None,None,537259000,866788000,35866000,None,50959389,USD,-683000,-7000000,-683000,-250000,-2083000,-2083000,None,-10650000,-22269000,-3603000,-2851000,12011000,12275000,None,None,-1961000,19234000,-4441000,683000,19234000,None,-5617000,1.51,2.63
5,2019-03-31,USD,38940000,-7339000,11335000,27605000,-4427000,-12619000,3897000,None,-13172000,34000,16088000,-431000,-3996000,-27324000,8745000,-587000,-9164000,-8745000,None,None,None,-587000,-621000,None,-12585000,-12619000,None,USD,893418000,700039000,None,13947000,537420000,347701000,28757000,23320000,5000,-151408000,61673000,6649000,32329000,39995000,70877000,6836000,6836000,-33418000,14095000,140306000,None,-358987000,None,63923000,399656000,22441000,64041000,None,None,5000,None,-151408000,-3885000,None,23968000,None,8361000,7300000,399656000,38130000,466543000,None,None,None,536407000,893418000,39995000,None,50764353,USD,-2836000,7595000,-2836000,-250000,-722000,-722000,None,5404000,-12585000,5420000,8978000,10818000,1514000,None,None,823000,2159000,-1346000,2586000,2159000,None,5420000,3.34,1.51
6,2018-12-31,USD,53316000,-26383000,13361000,39956000,7912000,-2179000,3580000,0,-289000,263000,12077000,-2184000,10096000,-44640000,8201000,None,None,None,-771000,2600000,0,1627000,-8024000,0,-1916000,-2179000,None,USD,899287000,711967000,None,15608000,526711000,364313000,30232000,29339000,5000,-138789000,62298000,6670000,24152000,34852000,64104000,6419000,6419000,-28837000,13289000,143209000,None,-354324000,None,67942000,400309000,24807000,57685000,None,None,5000,None,-138789000,-3885000,None,16820000,None,7332000,None,400309000,32066000,462607000,None,None,None,535819000,899287000,34852000,None,50410192,USD,-1587000,-17623000,-985000,-1587000,-2579000,-8711000,-6132000,-10267000,-1916000,9531000,19227000,12773000,1521000,None,None,-1841000,24762000,1551000,602000,24762000,-701000,8830000,3.79,3.34
7,2018-09-30,USD,68698000,-34686000,16662000,52036000,13104000,3470000,3491000,0,3972000,-516000,18519000,-4920000,18024000,-56696000,9132000,None,None,None,0,0,0,1018000,-16059000,0,2954000,3470000,None,USD,930040000,725653000,None,19247000,560870000,361169000,30806000,33451000,5000,-136611000,69324000,6528000,23877000,26022000,91586000,8717000,8717000,-33383000,13929000,160053000,None,-371012000,0,96477000,399960000,18307000,82869000,369170000,535043000,5000,0,-136611000,-3885000,None,16857000,None,7020000,None,399960000,38518000,469284000,None,None,None,535043000,930040000,26022000,None,50439210,USD,-1587000,15390000,-852000,0,-187000,-187000,-6132000,17711000,2954000,-13429000,-12390000,18736000,1479000,0,0,5343000,-57464000,1172000,852000,-57464000,-2325000,-15754000,6.23,3.79
8,2018-06-30,USD,18420000,12422000,5402000,13018000,-14014000,-18384000,3733000,0,-22777000,-18000,15707000,3810000,-17824000,-7018000,8763000,None,None,None,0,0,0,-4375000,-5051000,0,-18402000,-18384000,None,USD,915146000,736940000,None,25017000,538669000,367961000,30031000,24760000,5000,-140080000,67675000,5680000,24894000,41776000,69525000,6995000,6995000,-22834000,13645000,133987000,None,-374659000,0,39916000,401469000,27278000,62530000,376477000,534755000,5000,0,-140080000,-3885000,None,17289000,None,7605000,None,401469000,37644000,469144000,None,None,None,534755000,915146000,41776000,None,50486962,USD,-1587000,-1429000,-2009000,0,-1923000,-1923000,-6132000,-10911000,-18402000,-11174000,-7242000,-223000,2657000,0,0,-8580000,21522000,-2786000,2009000,21522000,-4012000,-15186000,7.01,6.23
9,2018-03-31,USD,38351000,41303000,10846000,27505000,-951000,-12967000,3069000,0,-9306000,91000,16449000,2001000,-2952000,21785000,8355000,None,None,None,0,0,0,3570000,-6792000,0,-12876000,-12967000,None,USD,949556000,746977000,None,21840000,540687000,400335000,33168000,21429000,5000,-121696000,72361000,5748000,17914000,56962000,66117000,7700000,7700000,-7613000,13737000,165180000,None,-352390000,0,65766000,402209000,20612000,58417000,408869000,533524000,5000,0,-121696000,-3885000,None,11308000,None,6606000,None,402209000,39193000,474570000,None,None,None,533524000,949556000,56962000,None,50394366,USD,-1587000,-15521000,-1905000,0,-1407000,-11407000,-10000000,-3577000,-12876000,-9895000,3417000,17122000,600000,0,0,3497000,5818000,4776000,1905000,5818000,2324000,-7571000,7.35,7.01
10,2017-12-31,USD,54135000,205056000,10611000,82219000,-51573000,23347000,3676000,0,30754000,91000,21195000,None,11075000,31465000,8260000,None,None,None,0,0,0,7316000,4848000,0,57924000,23347000,None,USD,983263000,757882000,None,18684000,567183000,407637000,31130000,60753000,5000,-108729000,38505000,9402000,792228000,64533000,94680000,7926000,7926000,-12769000,12200000,178835000,None,-359647000,0,71509000,402868000,24109000,86754000,878000,7080000,5000,0,-108729000,-3885000,None,16746000,None,8198000,None,402868000,38505000,472503000,None,None,None,533015000,983263000,64533000,None,50340853,USD,-11132000,-13889000,-36950000,0,-4015000,-14015000,-10000000,1473000,23347000,-12779000,35389000,None,44356000,0,0,-2496000,5981000,-28719000,7725000,None,None,None,7.4,7.35
11,2017-09-30,USD,60772000,38174000,11009000,49152000,21816000,9546000,3071000,0,13178000,25329000,13038000,-782000,22598000,22065000,8638000,None,None,None,0,0,0,3632000,0,0,9546000,9546000,None,USD,953305000,748793000,None,14319000,569382000,383923000,22790000,48094000,5000,-132076000,70397000,0,758530000,75418000,73862000,5313000,5313000,-12458000,9299000,185476000,None,-364870000,0,78787000,402333000,16952000,68549000,0,0,5000,0,-132076000,-3885000,None,2043000,None,7694000,None,402333000,70397000,495520000,None,None,None,532337000,953305000,75418000,None,50340014,USD,-10082000,20525000,-2356000,90000,-1890000,-12125000,-10000000,7600000,9546000,-3587000,-1231000,8978000,2382000,0,0,1395000,8699000,1876000,2446000,-45931000,413000,-3174000,7.03,7.4
12,2017-06-30,USD,16389000,30310000,3283000,12483000,-5738000,2607000,3735000,0,-14302000,-25329000,12224000,8183000,-13921000,14351000,8564000,None,None,None,0,0,0,-16909000,0,0,2607000,2607000,None,USD,917557000,757935000,None,13782000,546144000,371413000,20455000,32946000,5000,-141622000,70857000,0,768507000,78592000,51955000,4250000,407127000,-14658000,8186000,140864000,None,-386522000,0,30270000,402877000,18220000,47705000,0,0,5000,0,-141622000,-3885000,None,2193000,None,8379000,None,402877000,70857000,494189000,None,None,None,531573000,917557000,78592000,None,50337705,USD,-700000,-13532000,-2512000,-691000,-1062000,-11062000,-10000000,-2683000,2607000,-6260000,7314000,9656000,2432000,0,0,-2121000,37232000,-19778000,1821000,28084000,-6000,-6266000,7.18,7.03
13,2017-03-31,USD,32730000,36227000,5306000,26891000,-354000,-12029000,3297000,0,-10647000,8443000,16646000,3143000,-3497000,16284000,10293000,None,None,None,0,0,0,1382000,0,0,-12029000,-12029000,None,USD,954996000,766868000,None,13642000,633494000,321502000,0,67281000,5000,-144229000,145455000,0,777425000,84858000,84608000,4250000,4250000,-6243000,7748000,169823000,None,-445366000,0,55167000,403431000,16156000,80358000,0,0,5000,0,-144229000,-3885000,None,2330000,None,8227000,None,403431000,145455000,548886000,None,None,None,475854000,954996000,84858000,None,50280826,USD,-350000,-5738000,-1364000,-350000,-1063000,-1063000,-10000000,1815000,-12029000,6409000,8836000,12793000,4283000,0,0,-637000,9148000,1016000,1014000,9148000,1137000,7546000,4.37,7.18
14,2016-12-31,USD,51673000,140086000,10795000,137212000,-86353000,-118872000,3547000,0,-110528000,8443000,13209000,None,16596000,59944000,14389000,None,None,None,0,219504000,0,39259000,-118123000,0,-194364000,-118872000,None,USD,965844000,776584000,None,14047000,630699000,335145000,0,66366000,5000,-132200000,140833000,62400000,787295000,77312000,96870000,15250000,15250000,-4373000,8048000,170501000,None,-441439000,0,63675000,392996000,15467000,81620000,0,0,5000,0,-132200000,-3885000,None,2252000,None,8459000,None,392996000,140833000,533829000,None,None,None,475598000,965844000,77312000,None,50031547,USD,-600000,6357000,-6528000,0,-4250000,-6069000,-331000,-2667000,-111560000,19547000,30484000,None,42128000,0,0,-764000,-4101000,98470000,6004000,None,None,None,2.65,4.37
15,2016-09-30,USD,61200000,0,8547000,-9695000,132410000,7312000,2983000,0,11988000,0,12533000,None,29682000,-29516000,14526000,None,None,None,0,-219504000,0,4676000,0,0,107968000,7312000,None,USD,1080670000,857619000,None,30997000,673724000,406946000,0,65515000,5000,0,182826000,62373000,902771000,44677000,84824000,4250000,4250000,-940000,9746000,0,None,-450673000,0,75259000,404557000,17220000,12070000,0,0,0,0,0,-3885000,None,None,None,None,None,None,None,None,None,None,None,None,None,None,None,50000000,USD,-600000,1148000,0,0,-1063000,0,-331000,-10857000,7312000,-15636000,0,None,0,0,0,0,0,1206000,5449000,None,None,None,5.29,2.65
16,2016-06-30,USD,18385000,43786000,7735000,2552000,-26474000,-25164000,3808000,0,-40790000,0,14246000,-1073000,-25401000,25732000,14316000,None,None,None,0,73168000,0,-15626000,0,0,-25164000,-25164000,None,USD,1065592000,805251000,None,19123000,667058000,398534000,1575000,61299000,5000,-70941000,177706000,62373000,921711000,60313000,82654000,4250000,4250000,-826000,8778000,135103000,None,-469090000,0,37737000,405123000,17930000,78404000,0,0,5000,0,-70941000,-3885000,None,3173000,50914000,930489000,None,405123000,177706000,584404000,None,None,None,474181000,1065592000,60313000,None,49971436,USD,-600000,1177000,-3186000,0,-1063000,-3613000,-331000,-2787000,-50301000,-4642000,7947000,None,0,0,0,3764000,29617000,1008000,3194000,None,None,None,5.31,5.29
17,2016-03-31,USD,28411000,0,0,4591000,0,-25137000,4429000,0,0,0,15100000,None,-26303000,0,15008000,None,None,None,0,0,0,-15289000,0,0,0,0,None,USD,1080357000,877233000,None,10099000,662552000,417805000,0,60408000,5000,0,170292000,62079000,912936000,64955000,85557000,None,None,None,5799000,0,None,None,0,None,405702000,23826000,18204000,0,0,0,0,0,-3885000,None,None,None,None,None,None,None,None,None,None,None,None,None,None,None,50000000,USD,None,None,-842000,0,None,-2550000,None,None,-25137000,None,9950000,None,0,0,0,1845000,8704000,894000,850000,None,None,None,6.4,5.31
18,2015-12-31,USD,51431000,127673000,11681000,134435000,36090000,-28494000,3310000,0,-36877000,8443000,14935000,None,14886000,33399000,13889000,None,None,None,0,73168000,0,-8383000,-72967000,0,-28494000,-14437000,None,USD,1082674000,881062000,None,7197000,638771000,443903000,0,47595000,5000,-20640000,164630000,56006000,897412000,57765000,67570000,4250000,4250000,-5559000,4606000,180656000,None,-437159000,0,70881000,406286000,44176000,13924000,0,0,0,0,0,-2397000,None,None,None,None,None,None,None,None,None,None,None,None,None,None,None,50000000,USD,-600000,12987000,-406165000,220505000,423789000,452917000,-18475000,-5989000,-28494000,57681000,13182000,None,36813000,0,0,-3468000,-118000,36610000,1192000,None,None,None,6.33,6.4
19,2015-09-30,USD,61807000,0,7530000,0,0,0,3030000,0,0,0,11563000,None,33357000,0,9313000,None,None,None,0,0,0,-4985000,0,0,0,0,None,USD,1085744000,829229000,None,4666000,639870000,445874000,9779000,38173000,5000,-20223000,169978000,41555000,873948000,28755000,52950000,4250000,None,-1428000,4507000,207289000,None,-424910000,0,84053000,407163000,89815000,48700000,0,0,5000,0,-20223000,0,None,2763000,401000,878455000,None,407163000,169978000,586920000,None,None,None,467520000,1085744000,28755000,None,49940548,USD,None,None,0,220505000,None,458225000,None,None,0,None,0,None,0,0,0,0,0,None,895000,None,None,None,7.94,6.33
