,fiscalDateEnding,reportedCurrency_x,totalRevenue,totalOperatingExpense,costOfRevenue,grossProfit,ebit,netIncome_x,researchAndDevelopment,effectOfAccountingCharges,incomeBeforeTax,minorityInterest,sellingGeneralAdministrative,otherNonOperatingIncome,operatingIncome,otherOperatingExpense,interestExpense,taxProvision,interestIncome,netInterestIncome,extraordinaryItems,nonRecurring,otherItems,incomeTaxExpense,totalOtherIncomeExpense,discontinuedOperations,netIncomeFromContinuingOperations,netIncomeApplicableToCommonShares,preferredStockAndOtherAdjustments,reportedCurrency_y,totalAssets,intangibleAssets,earningAssets,otherCurrentAssets,totalLiabilities,totalShareholderEquity,deferredLongTermLiabilities,otherCurrentLiabilities,commonStock,retainedEarnings,otherLiabilities,goodwill,otherAssets,cash,totalCurrentLiabilities,shortTermDebt,currentLongTermDebt,otherShareholderEquity,propertyPlantEquipment,totalCurrentAssets,longTermInvestments,netTangibleAssets,shortTermInvestments,netReceivables,longTermDebt,inventory,accountsPayable,totalPermanentEquity,additionalPaidInCapital,commonStockTotalEquity,preferredStockTotalEquity,retainedEarningsTotalEquity,treasuryStock,accumulatedAmortization,otherNonCurrrentAssets,deferredLongTermAssetCharges,totalNonCurrentAssets,capitalLeaseObligations,totalLongTermDebt,otherNonCurrentLiabilities,totalNonCurrentLiabilities,negativeGoodwill,warrants,preferredStockRedeemable,capitalSurplus,liabilitiesAndShareholderEquity,cashAndShortTermInvestments,accumulatedDepreciation,commonStockSharesOutstanding,reportedCurrency,investments,changeInLiabilities,cashflowFromInvestment,otherCashflowFromInvestment,netBorrowings,cashflowFromFinancing,otherCashflowFromFinancing,changeInOperatingActivities,netIncome_y,changeInCash,operatingCashflow,otherOperatingCashflow,depreciation,dividendPayout,stockSaleAndPurchase,changeInInventory,changeInAccountReceivables,changeInNetIncome,capitalExpenditures,changeInReceivables,changeInExchangeRate,changeInCashAndCashEquivalents,clossingVal,nextClossingVal
0,2020-06-30,USD,37347000,126868000,675000,36672000,-88427000,-90478000,90917000,None,-88427000,None,35951000,1769000,-90196000,None,2051000,None,1769000,-282000,None,None,None,None,None,None,-88427000,-90478000,None,USD,976141000,None,None,44996000,417676000,558465000,None,109346000,69000,-1646839000,250958000,None,1575000,295858000,64353000,None,None,1636000,33925000,846355000,4285000,558465000,494270000,18037000,None,11231000,57372000,None,None,69000,None,-1646839000,None,None,91576000,None,129786000,109346000,None,250958000,250958000,None,None,None,2203599000,976141000,790128000,None,69058696,USD,26692000,857000,22459000,None,-86000,252103000,250451000,6869000,-90478000,206765000,-67797000,68000,2779000,None,1652000,-1453000,1686000,20430000,4233000,None,None,206765000,53.48,
1,2020-03-31,USD,87098000,129757000,533000,86565000,-40256000,-40256000,91256000,None,-40256000,None,38501000,2936000,-43192000,None,None,None,2936000,2936000,None,None,None,None,None,None,-40256000,-40256000,None,USD,799738000,None,None,48875000,174439000,625299000,571000,11520000,69000,-1556361000,None,None,1800000,89093000,69858000,None,None,74000,33840000,587274000,84503000,625299000,439528000,19723000,None,9778000,58338000,None,None,69000,None,-1556361000,None,None,94121000,None,212464000,111353000,571000,None,571000,None,None,None,2181517000,799738000,528621000,None,68789925,USD,112590000,-16976000,108135000,112590000,-80000,5385000,-80000,-23970000,-40256000,8162000,-105358000,-67969000,2600000,None,5465000,-2447000,-4404000,19690000,4455000,None,None,8162000,35.48,53.48
2,2019-12-31,USD,35440000,140052000,1317000,34123000,-102350000,-102350000,106248000,None,-102350000,None,34834000,3579000,-105929000,None,None,None,3579000,3579000,None,None,None,None,3579000,None,-102350000,-102350000,None,USD,890741000,None,None,39496000,250213000,640528000,None,17848000,68000,-1516105000,50580000,None,None,80931000,92886000,None,None,202000,31472000,611704000,152929000,640528000,483946000,15319000,None,7331000,75038000,None,None,68000,None,-1516105000,None,None,94636000,None,279037000,113662000,673000,157327000,157327000,None,None,None,2156363000,890741000,564877000,None,68401105,USD,-177949000,3698000,-184773000,103611000,-113000,277606000,-113000,-4230000,-102350000,-778000,-93611000,-12733000,1540000,None,277719000,-1482000,-2906000,17716000,6824000,None,None,-778000,47.75,35.48
3,2019-09-30,USD,26024000,135084000,393000,26024000,-106173000,-106173000,101672000,None,-106173000,None,33019000,2887000,-109060000,393000,None,None,2887000,2887000,None,None,None,None,2887000,None,-106173000,-106173000,None,USD,698616000,None,None,32398000,250325000,448291000,None,24171000,59000,-1413755000,49797000,None,None,81709000,92432000,None,None,464000,24060000,490144000,88579000,448291000,370188000,12413000,None,5849000,68261000,None,None,59000,None,-1413755000,None,None,95833000,None,208472000,115394000,None,None,157893000,None,None,None,1861523000,698616000,451897000,None,58877691,USD,82419000,2054000,80381000,281560000,-113000,3337000,250537000,-4045000,-106173000,-1871000,-85589000,-663000,1329000,None,3337000,-1190000,2180000,19054000,2038000,None,None,-1871000,32.4,47.75
4,2019-06-30,USD,26221000,140082000,303000,26221000,-109871000,-109871000,107389000,None,-109871000,None,32390000,3990000,-113861000,303000,None,None,3990000,3990000,None,None,None,None,3990000,None,-109871000,-109871000,None,USD,783870000,None,None,33656000,251193000,532677000,None,24851000,59000,-1307582000,51616000,None,None,83580000,89504000,None,None,490000,23016000,533705000,128649000,532677000,411810000,14593000,None,4659000,64653000,None,None,59000,None,-1307582000,None,None,98500000,None,250165000,116470000,None,None,161689000,None,None,None,1839710000,783870000,495390000,None,58749186,USD,65751000,15233000,64480000,199141000,-113000,3808000,None,10304000,-109871000,-19863000,-88151000,-10878000,1149000,None,3808000,-2331000,-4079000,18547000,1271000,None,None,-19863000,49.88,32.4
5,2019-03-31,USD,30227000,127710000,334000,30227000,-93078000,-93078000,95585000,None,-93078000,None,31791000,4405000,-97483000,334000,None,None,4405000,4405000,None,None,None,None,4405000,None,-93078000,-93078000,None,USD,822131000,None,None,30210000,201874000,620257000,None,152262000,59000,-1197711000,54961000,None,60000,103443000,80907000,9128000,9128000,-484000,23974000,557095000,183234000,620257000,421114000,6555000,66006000,2328000,49612000,None,None,59000,None,-1197711000,None,None,57828000,None,265036000,75134000,None,None,120967000,None,None,None,1818393000,822131000,524557000,None,58659821,USD,133390000,-10036000,131352000,133390000,-113000,4860000,None,-9399000,-93078000,32941000,-103271000,-17680000,874000,None,4860000,-1459000,-72000,18108000,2038000,None,None,32941000,67.44,49.88
6,2018-12-31,USD,30013000,126369000,94511000,30013000,-91794000,-91794000,93809000,0,-91794000,0,31858000,4562000,-96356000,702000,0,None,None,None,0,0,0,0,4562000,0,-91794000,-91794000,None,USD,858457000,None,None,27609000,170920000,687537000,17608000,33476000,58000,-1104633000,77417000,None,238000,70502000,93503000,None,None,-2171000,24320000,613780000,220119000,687537000,514800000,10442000,None,869000,60027000,None,None,58000,None,-1104633000,None,None,238000,None,244677000,None,None,59809000,77417000,None,None,None,1794283000,858457000,585302000,None,58218653,USD,-11752000,17502000,-12805000,-266839000,None,1016000,-391000,16459000,-91794000,-85976000,-74187000,-18730000,614000,None,1016000,-6000,-2113000,18227000,1053000,None,None,-85976000,46.11,67.44
7,2018-09-30,USD,15198000,114360000,83256000,15198000,-94664000,-94664000,82561000,0,-94664000,0,31104000,4498000,-99162000,695000,0,None,None,None,0,0,0,0,4498000,0,-94664000,-94664000,None,USD,929079000,None,None,24787000,168866000,760213000,17826000,42827000,58000,-1012839000,84120000,None,416000,156478000,84746000,None,None,-2119000,24613000,695542000,208508000,760213000,513414000,8329000,None,863000,41919000,None,None,58000,None,-1012839000,None,None,416000,None,233537000,None,None,66294000,84120000,None,None,None,1775113000,929079000,669892000,None,58167932,USD,5911000,10316000,2771000,None,None,7223000,None,-1326000,-94664000,-53845000,-63839000,-3369000,548000,None,7223000,-863000,13010000,24193000,3140000,None,None,-53845000,77.12,46.11
8,2018-06-30,USD,40414000,113363000,86730000,40414000,-68745000,-68745000,86730000,0,-68745000,0,26633000,4204000,-72949000,0,0,None,None,None,0,0,0,0,4204000,0,-68745000,-68745000,None,USD,998235000,None,None,36877000,175093000,823142000,90223000,41757000,58000,-918175000,90223000,None,595000,210323000,84870000,None,None,-2398000,24134000,753782000,219724000,823142000,506582000,21339000,None,None,43113000,None,None,58000,None,-918175000,None,None,595000,None,244453000,None,None,None,90223000,None,None,None,1743657000,998235000,716905000,None,57932639,USD,-94898000,71000,-96259000,None,None,9508000,-203000,9703000,-68745000,-154146000,-67395000,-16010000,854000,None,9508000,-863000,-16410000,16435000,1361000,None,None,-154146000,84.23,77.12
9,2018-03-31,USD,8762000,102774000,78224000,8762000,-90825000,-90825000,78224000,0,-90825000,0,24550000,3187000,-94012000,0,0,None,None,None,0,0,0,0,3187000,0,-90825000,-90825000,None,USD,1040126000,0,None,20543000,174532000,865594000,99833000,39762000,58000,-849430000,99833000,0,1104000,364469000,74699000,None,None,-2643000,23732000,802993000,212297000,865594000,417981000,4929000,0,0,34937000,0,0,58000,0,-849430000,0,None,1104000,None,237133000,None,None,None,99833000,None,None,None,1717609000,1040126000,782450000,None,57541613,USD,-166100000,-24754000,-167532000,0,None,528277000,-188000,-15147000,-90825000,261745000,-99000000,738000,1319000,0,528277000,-863000,-1259000,14522000,1432000,None,None,261745000,81.78,84.23
10,2017-12-31,USD,9799000,99929000,98275000,9799000,-88285000,-88285000,77216000,0,-88285000,0,22713000,1845000,-90130000,0,0,None,None,None,0,0,0,0,6124000,0,-88285000,-88285000,None,USD,614397000,0,None,21156000,238894000,375503000,143953000,38143000,49000,-798061000,143953000,0,144705000,102724000,94941000,None,None,-1389000,24431000,445261000,143814000,375503000,321212000,169000,0,0,56798000,0,0,49000,0,-798061000,0,None,891000,None,169136000,None,None,None,143953000,None,None,None,1174904000,614397000,423936000,None,48826153,USD,43128000,922000,41848000,0,None,2589000,638000,-4807000,-88285000,-30017000,-74454000,-1762000,1618000,0,2589000,-869000,4146000,12681000,1280000,372000,None,-30017000,57.17,81.78
11,2017-09-30,USD,11358000,90375000,88761000,11358000,-77137000,-77137000,72917000,0,-77137000,0,17458000,1880000,-79017000,0,0,None,None,None,0,0,0,0,0,0,-77137000,-77137000,None,USD,687200000,0,None,19520000,237394000,449806000,149282000,39453000,49000,-709776000,149282000,0,134874000,132741000,88112000,None,None,-515000,24019000,528307000,133804000,449806000,375187000,859000,0,0,48659000,0,0,49000,0,-709776000,0,None,1070000,None,158893000,None,None,None,149282000,None,None,None,1160048000,687200000,507928000,None,48617989,USD,68436000,-11995000,66417000,0,None,5322000,-193000,-1823000,-77137000,-5976000,-77715000,-2211000,1545000,0,5322000,0,3240000,12207000,2019000,-124000,None,-5976000,66.75,57.17
12,2017-06-30,USD,11346000,95946000,94373000,11346000,-83082000,-83082000,79816000,0,-83082000,0,16130000,1518000,-84600000,0,0,None,None,None,0,0,0,0,0,0,-83082000,-83082000,None,USD,760600000,0,None,13018000,251608000,508992000,157960000,40598000,48000,-632639000,157960000,0,131148000,138717000,93648000,None,None,-650000,24771000,604681000,129899000,508992000,447325000,5621000,0,0,53050000,0,0,48000,0,-632639000,0,None,1249000,None,155919000,None,None,None,157960000,None,None,None,1142233000,760600000,586042000,None,48346297,USD,-274690000,1161000,-275725000,0,None,273153000,104000,7315000,-83082000,-61561000,-58989000,156000,1504000,0,273153000,0,2682000,12187000,1035000,9085000,None,-61561000,51.45,66.75
13,2017-03-31,USD,10508000,77555000,75964000,10508000,-66166000,-66166000,62732000,0,-66166000,0,14823000,881000,-67047000,0,0,None,None,None,0,0,0,0,0,0,-66166000,-66166000,None,USD,557316000,0,None,12391000,249936000,307380000,167507000,41163000,42000,-549557000,167507000,0,26311000,200278000,82429000,None,None,-212000,24139000,506866000,23423000,307380000,279480000,14717000,0,0,41266000,0,0,42000,0,-549557000,0,None,2888000,None,50450000,None,None,None,167507000,None,None,None,857107000,557316000,479758000,None,42382901,USD,109845000,-9807000,109552000,0,None,4046000,-100000,-4226000,-66166000,39524000,-74074000,-4226000,1754000,0,4046000,0,0,10774000,293000,-6403000,None,39524000,58.4,51.45
14,2016-12-31,USD,22648000,80057000,78335000,22648000,-56486000,-56486000,64678000,0,-56486000,0,15379000,923000,-57409000,0,0,None,None,None,0,0,0,0,2514000,0,-56486000,-56486000,None,USD,619094000,0,None,10264000,260503000,358591000,172070000,39325000,42000,-483151000,172070000,0,33865000,160754000,88433000,None,None,-313000,25337000,559892000,32250000,358591000,380560000,8314000,0,0,49108000,0,0,42000,0,-483151000,0,None,1615000,None,59202000,None,None,None,172070000,None,None,None,842013000,619094000,541314000,None,42220444,USD,-76296000,-8787000,-77518000,0,None,3993000,-230000,15780000,-56486000,-124748000,-51223000,-1051000,1961000,0,3993000,-869000,3614000,9840000,1222000,3300000,None,-124748000,41.73,58.4
15,2016-09-30,USD,8985000,72497000,71061000,8985000,-62834000,-62834000,60643000,0,-62834000,0,11854000,678000,-63512000,0,0,None,None,None,0,0,0,0,0,0,-62834000,-62834000,None,USD,672042000,0,None,10277000,270593000,401449000,192590000,39771000,42000,-426665000,192590000,0,44838000,285502000,78003000,None,None,29000,26261000,600943000,43499000,401449000,293595000,11569000,0,0,38232000,0,0,42000,0,-426665000,0,None,1339000,None,71099000,None,None,None,192590000,None,None,None,828043000,672042000,579097000,None,42013995,USD,-59318000,1421000,-62744000,0,None,163228000,None,18000,-62834000,51454000,-49030000,18000,1640000,0,163228000,0,314000,12143000,3426000,-1418000,None,51454000,52.82,41.73
16,2016-06-30,USD,6978000,63448000,62144000,6978000,-55953000,-55953000,50804000,0,-55953000,0,12644000,517000,-56470000,0,0,None,None,None,0,0,0,0,0,0,-55953000,-55953000,None,USD,557601000,0,None,8923000,268523000,289078000,201259000,34402000,38000,-363831000,201259000,0,48308000,234048000,67264000,None,None,297000,25134000,484159000,46926000,289078000,231321000,9867000,0,0,32862000,0,0,38000,0,-363831000,0,None,1382000,None,73442000,None,None,None,201259000,None,None,None,652574000,557601000,465369000,None,38029510,USD,38474000,202654000,35740000,0,None,1449000,None,1101000,-55953000,195013000,157824000,1101000,1508000,0,1449000,0,1732000,10996000,2734000,-2482000,None,195013000,41.895,52.82
17,2016-03-31,USD,31281000,54875000,53629000,31281000,-23198000,-23198000,44038000,0,-23198000,0,10837000,396000,-23594000,0,0,None,None,None,0,0,0,0,0,0,-23198000,-23198000,None,USD,396117000,0,None,9190000,63744000,332373000,18689000,19062000,38000,-307878000,18689000,0,43698000,39035000,45055000,None,None,89000,22950000,329469000,42860000,332373000,273859000,7385000,0,0,25993000,0,0,38000,0,-307878000,0,None,838000,None,66648000,None,None,None,18689000,None,None,None,640124000,396117000,312894000,None,37899242,USD,-12295000,-9087000,-14828000,0,None,1108000,None,-1417000,-23198000,-32729000,-19009000,-1417000,1372000,0,1108000,0,4214000,9107000,2533000,4214000,None,-32729000,40.6,41.895
18,2015-12-31,USD,6218000,47115000,45971000,6218000,-40621000,-40621000,36933000,0,-40621000,0,10182000,276000,-40897000,0,0,None,None,None,0,0,0,0,968000,0,-40621000,-40621000,None,USD,420065000,0,None,8728000,74947000,345118000,22059000,22144000,38000,-284680000,22059000,0,59516000,71764000,52888000,None,None,-318000,23220000,337329000,58905000,345118000,245238000,11599000,0,0,30744000,0,0,38000,0,-284680000,0,None,611000,None,82736000,None,None,None,22059000,None,None,None,630078000,420065000,317002000,None,37696502,USD,23144000,178000,20958000,0,None,1287000,-207000,12630000,-40622000,-8284000,-30529000,-1195000,1253000,0,1080000,-869000,-1733000,9386000,2186000,471000,None,-8284000,64.92,40.6
19,2015-09-30,USD,5480000,45955000,44907000,5480000,-40257000,-40257000,36028000,0,-40257000,0,9927000,218000,-40475000,0,0,None,None,None,0,0,0,0,0,0,-40257000,-40257000,None,USD,449086000,0,None,7225000,73429000,375657000,23673000,24800000,38000,-244057000,23673000,0,56299000,80048000,49756000,None,None,225000,21127000,371660000,55621000,375657000,272317000,12070000,0,0,24956000,0,0,38000,0,-244057000,0,None,678000,None,77426000,None,None,None,23673000,None,None,None,619451000,449086000,352365000,None,37605377,USD,33456000,1805000,30157000,0,None,2173000,None,None,-40256000,7515000,-24815000,-582000,1159000,0,2173000,0,0,9373000,3299000,3686000,None,7515000,70.59,64.92
