,fiscalDateEnding,reportedCurrency_x,totalRevenue,totalOperatingExpense,costOfRevenue,grossProfit,ebit,netIncome_x,researchAndDevelopment,effectOfAccountingCharges,incomeBeforeTax,minorityInterest,sellingGeneralAdministrative,otherNonOperatingIncome,operatingIncome,otherOperatingExpense,interestExpense,taxProvision,interestIncome,netInterestIncome,extraordinaryItems,nonRecurring,otherItems,incomeTaxExpense,totalOtherIncomeExpense,discontinuedOperations,netIncomeFromContinuingOperations,netIncomeApplicableToCommonShares,preferredStockAndOtherAdjustments,reportedCurrency_y,totalAssets,intangibleAssets,earningAssets,otherCurrentAssets,totalLiabilities,totalShareholderEquity,deferredLongTermLiabilities,otherCurrentLiabilities,commonStock,retainedEarnings,otherLiabilities,goodwill,otherAssets,cash,totalCurrentLiabilities,shortTermDebt,currentLongTermDebt,otherShareholderEquity,propertyPlantEquipment,totalCurrentAssets,longTermInvestments,netTangibleAssets,shortTermInvestments,netReceivables,longTermDebt,inventory,accountsPayable,totalPermanentEquity,additionalPaidInCapital,commonStockTotalEquity,preferredStockTotalEquity,retainedEarningsTotalEquity,treasuryStock,accumulatedAmortization,otherNonCurrrentAssets,deferredLongTermAssetCharges,totalNonCurrentAssets,capitalLeaseObligations,totalLongTermDebt,otherNonCurrentLiabilities,totalNonCurrentLiabilities,negativeGoodwill,warrants,preferredStockRedeemable,capitalSurplus,liabilitiesAndShareholderEquity,cashAndShortTermInvestments,accumulatedDepreciation,commonStockSharesOutstanding,reportedCurrency,investments,changeInLiabilities,cashflowFromInvestment,otherCashflowFromInvestment,netBorrowings,cashflowFromFinancing,otherCashflowFromFinancing,changeInOperatingActivities,netIncome_y,changeInCash,operatingCashflow,otherOperatingCashflow,depreciation,dividendPayout,stockSaleAndPurchase,changeInInventory,changeInAccountReceivables,changeInNetIncome,capitalExpenditures,changeInReceivables,changeInExchangeRate,changeInCashAndCashEquivalents,clossingVal,nextClossingVal
0,2020-06-30,USD,447000000,-24000000,134000000,447000000,471000000,718000000,None,None,766000000,None,-24000000,None,471000000,11000000,-295000000,None,429000000,295000000,None,None,None,None,None,None,766000000,693000000,25000000,USD,89853000000,None,None,2098000000,79503000000,10350000000,None,None,6000000,-6100000000,None,526000000,72691000000,77653000000,1682000000,69685000000,None,764000000,None,89853000000,1181000000,8861000000,1893000000,8209000000,207000000,None,1682000000,None,None,6000000,1489000000,-6100000000,None,None,None,None,None,None,207000000,69685000000,69892000000,None,None,None,14191000000,89853000000,79546000000,None,None,USD,-5420000000,-50000000,-4268000000,1152000000,3132000000,2737000000,None,-19000000,718000000,-1102000000,429000000,-313000000,223000000,-248000000,-147000000,None,None,-149000000,0,None,None,-1102000000,20.54,
1,2020-03-31,USD,-2463000000,-23000000,426000000,-2463000000,-2440000000,-2421000000,None,None,-2375000000,None,-23000000,None,-2440000000,10000000,-65000000,None,491000000,65000000,None,None,None,None,None,None,-2375000000,-2442000000,21000000,USD,85137000000,None,None,2100000000,75339000000,9798000000,None,None,6000000,-6592000000,None,526000000,69275000000,73559000000,3561000000,66540000000,None,561000000,None,85137000000,3721000000,8309000000,4295000000,5183000000,5238000000,None,3561000000,None,None,6000000,1489000000,-6592000000,None,None,None,None,None,None,5238000000,66540000000,71778000000,None,None,None,14334000000,85137000000,77854000000,None,567700000,USD,14403000000,-160000000,23577000000,9174000000,-22658000000,-21939000000,None,78000000,-2421000000,1985000000,347000000,3035000000,384000000,-277000000,996000000,None,None,-491000000,0,None,None,1985000000,17.75,20.54
2,2019-12-31,USD,896000000,25000000,481000000,896000000,None,871000000,None,None,871000000,None,16000000,None,871000000,8500000,481000000,None,768000000,287000000,None,None,None,None,None,None,871000000,847000000,None,USD,113082000000,None,None,451000000,102041000000,11041000000,None,9647000000,5000000,-3886000000,None,526000000,93749000000,831000000,99488000000,86857000000,86760000000,97000000,None,11653000000,97000000,9583000000,10181000000,None,228000000,None,424000000,None,None,None,None,None,None,None,None,None,None,None,2553000000,None,None,None,None,None,13893000000,None,831000000,None,None,USD,773000000,22000000,773000000,5141000000,-1443000000,-1504000000,None,78000000,871000000,-358000000,373000000,None,0,-276000000,-175000000,None,None,-520000000,0,None,None,None,nan,17.75
3,2019-09-30,USD,-104000000,-19000000,557000000,-104000000,-85000000,-4000000,None,None,34000000,None,-19000000,None,-85000000,9000000,-119000000,None,676000000,119000000,None,None,None,None,None,None,34000000,-17000000,13000000,USD,109761000000,526000000,None,734000000,99548000000,10213000000,None,5288000000,5000000,-4473000000,None,526000000,94925000000,100217000000,3562000000,88087000000,87699000000,82000000,None,107659000000,754000000,8976000000,1349000000,6093000000,5374000000,None,3562000000,None,None,5000000,711000000,-4473000000,None,None,822000000,None,2102000000,None,5374000000,90612000000,95986000000,None,None,None,13888000000,109761000000,101566000000,None,540900000,USD,-10696000000,-53000000,-4215000000,6481000000,4332000000,3953000000,None,1000000,-4000000,-19000000,243000000,194000000,192000000,-276000000,-103000000,None,None,-86000000,0,None,None,-19000000,nan,nan
4,2019-06-30,USD,-547000000,-20000000,570000000,-547000000,-527000000,-444000000,None,None,-404000000,None,-20000000,None,-527000000,9000000,-123000000,None,693000000,123000000,None,None,None,None,None,None,-404000000,-457000000,13000000,USD,106576000000,526000000,None,789000000,96230000000,10346000000,None,7884000000,5000000,-4194000000,None,526000000,789000000,92799000000,1896000000,86266000000,82791000000,-164000000,None,103916000000,719000000,9109000000,2269000000,8848000000,8068000000,None,1896000000,None,None,5000000,711000000,-4194000000,None,None,1415000000,None,2660000000,None,8068000000,86266000000,94334000000,None,None,None,13988000000,106576000000,95068000000,None,547800000,USD,-14224000000,-53000000,511000000,14735000000,-434000000,-533000000,-289000000,-1000000,-444000000,213000000,235000000,678000000,183000000,-289000000,190000000,None,None,-129000000,0,None,None,213000000,nan,nan
5,2019-03-31,USD,120000000,-19000000,541000000,120000000,139000000,265000000,None,None,303000000,None,-19000000,None,139000000,9000000,-164000000,None,705000000,164000000,None,None,None,None,None,None,303000000,255000000,10000000,USD,118807000000,526000000,None,517000000,108306000000,10501000000,None,19431000000,5000000,-3467000000,None,526000000,90526000000,94490000000,2027000000,83499000000,83499000000,168000000,None,116170000000,925000000,9975000000,1250000000,20430000000,19594000000,None,2027000000,None,None,5000000,None,-3467000000,None,None,1186000000,None,2637000000,None,19594000000,86685000000,106279000000,None,None,None,13795000000,118807000000,95740000000,None,536300000,USD,-14505000000,75000000,-11287000000,3218000000,10955000000,10884000000,-289000000,-35000000,265000000,-74000000,329000000,-95000000,142000000,-298000000,227000000,None,None,-58000000,0,None,None,-74000000,nan,nan
6,2018-12-31,USD,-971000000,-19000000,418000000,-971000000,-952000000,-804000000,None,None,-766000000,None,-19000000,None,-952000000,None,-186000000,None,None,None,None,None,None,None,None,None,-766000000,-813000000,9000000,USD,109241000000,526000000,None,None,99335000000,9906000000,None,None,5000000,-3433000000,None,526000000,599000000,83811000000,1828000000,None,None,-459000000,None,106682000000,821000000,9380000000,1058000000,21813000000,21790000000,None,1828000000,None,None,5000000,None,-3433000000,None,None,1212000000,None,2559000000,None,21790000000,75717000000,97507000000,None,None,None,13793000000,109241000000,84869000000,None,536300000,USD,-7329000000,27000000,-10979000000,-3650000000,9968000000,10699000000,None,None,-804000000,-7000000,273000000,921000000,107000000,-275000000,1006000000,None,None,22000000,0,None,None,-7000000,nan,nan
7,2018-09-30,USD,73000000,-45000000,None,73000000,118000000,216000000,None,None,306000000,None,-45000000,None,118000000,None,-188000000,None,None,None,None,None,None,None,None,None,306000000,207000000,9000000,USD,92031000000,526000000,None,None,82404000000,9627000000,None,None,5000000,-2343000000,None,None,None,71935000000,768000000,None,None,-820000000,None,89350000000,919000000,9101000000,1106000000,16309000000,15902000000,None,768000000,None,None,5000000,None,-2343000000,None,None,1236000000,None,2681000000,None,15902000000,65734000000,81636000000,None,None,None,12785000000,92031000000,73041000000,None,477800000,USD,-16148000000,66000000,-17652000000,-1504000000,16874000000,17439000000,None,None,216000000,217000000,430000000,1000000,105000000,-252000000,817000000,None,None,42000000,0,None,None,217000000,nan,nan
8,2018-06-30,USD,134000000,-18000000,None,134000000,152000000,293000000,None,None,329000000,None,-18000000,None,152000000,None,-177000000,None,None,None,None,None,None,None,None,None,329000000,284000000,9000000,USD,73138000000,550000000,None,None,64096000000,9042000000,None,None,4000000,-2299000000,None,None,None,56880000000,2040000000,None,None,-627000000,None,71122000000,518000000,8492000000,936000000,13306000000,13217000000,None,2040000000,None,None,4000000,None,-2299000000,None,None,948000000,None,2016000000,None,13217000000,48839000000,62056000000,None,None,None,11964000000,73138000000,57816000000,None,434100000,USD,176000000,25000000,-592000000,-768000000,-139000000,422000000,None,None,293000000,-48000000,122000000,-346000000,74000000,-227000000,788000000,None,None,76000000,0,None,None,-48000000,nan,nan
9,2018-03-31,USD,217000000,-18000000,None,217000000,235000000,424000000,None,None,460000000,None,-18000000,None,235000000,None,-225000000,None,None,None,None,None,None,None,None,None,460000000,415000000,9000000,USD,69221000000,550000000,None,None,60883000000,8338000000,None,None,4000000,-2358000000,None,None,None,55541000000,1207000000,None,None,-482000000,None,67419000000,446000000,7788000000,1108000000,10770000000,10720000000,None,1207000000,None,None,4000000,None,-2358000000,None,None,806000000,None,1802000000,None,10720000000,48956000000,59676000000,None,None,None,11174000000,69221000000,56649000000,None,391300000,USD,-598000000,3000000,1287000000,1885000000,-1360000000,-1580000000,None,None,424000000,-5000000,288000000,-212000000,70000000,-220000000,None,None,None,3000000,0,None,None,-5000000,nan,nan
10,2017-09-30,USD,125000000,-17000000,None,125000000,142000000,286000000,None,None,320000000,None,-17000000,None,142000000,None,-178000000,None,None,None,None,None,None,None,None,None,320000000,271000000,9000000,USD,65490000000,552000000,None,None,56699000000,8791000000,None,None,4000000,-2729000000,None,None,None,53034000000,1633000000,None,None,344000000,None,62977000000,219000000,8239000000,717000000,9226000000,9561000000,None,1633000000,None,None,4000000,None,-2729000000,None,None,1742000000,None,2513000000,None,9561000000,45505000000,55066000000,None,None,None,11172000000,65490000000,53751000000,None,391300000,USD,-6991000000,14000000,-7352000000,-361000000,6379000000,7072000000,19000000,None,286000000,-24000000,256000000,-122000000,98000000,-203000000,877000000,None,None,-20000000,0,None,None,-24000000,nan,nan
11,2017-06-30,USD,-141000000,-16000000,None,-141000000,-125000000,24000000,None,None,56000000,None,-16000000,None,-125000000,None,-181000000,None,None,None,None,None,None,None,None,None,56000000,17000000,7000000,USD,56711000000,553000000,None,None,48966000000,7745000000,None,None,4000000,-2800000000,None,None,None,46613000000,2209000000,None,None,-230000000,None,54674000000,245000000,6856000000,572000000,7489000000,7699000000,None,2209000000,None,None,4000000,336000000,-2800000000,None,None,1239000000,None,2037000000,None,7699000000,39058000000,46757000000,None,None,None,10435000000,56711000000,47185000000,None,355600000,USD,-3238000000,26000000,-210000000,3028000000,-342000000,-30000000,None,None,24000000,49000000,289000000,156000000,97000000,-191000000,503000000,None,None,-14000000,0,None,None,49000000,nan,nan
12,2017-03-31,USD,-105000000,-17000000,None,-105000000,-88000000,76000000,None,None,110000000,None,-17000000,None,-88000000,None,-198000000,None,None,None,None,None,None,None,None,None,110000000,69000000,7000000,USD,56838000000,554000000,None,None,49546000000,7292000000,None,None,3000000,-2628000000,None,None,None,45148000000,876000000,None,None,-351000000,None,54439000000,236000000,6402000000,383000000,8908000000,9295000000,None,876000000,None,None,3000000,336000000,-2628000000,None,None,1609000000,None,2399000000,None,9295000000,39375000000,48670000000,None,None,None,9932000000,56838000000,45531000000,None,331000000,USD,894000000,-9000000,1168000000,274000000,-1507000000,-1693000000,None,None,76000000,-135000000,390000000,149000000,90000000,-186000000,None,None,None,84000000,0,None,None,-135000000,nan,nan
13,2016-09-30,USD,307000000,-15000000,None,307000000,322000000,511000000,None,None,541000000,None,-15000000,None,322000000,None,-219000000,None,None,None,None,None,None,None,None,None,541000000,504000000,7000000,USD,55889000000,555000000,None,None,47958000000,7931000000,None,None,3000000,-3350000000,None,None,None,48263000000,388000000,None,None,1010000000,None,53785000000,163000000,7040000000,81000000,5441000000,6865000000,None,388000000,None,None,3000000,336000000,-3350000000,None,None,1386000000,None,2104000000,None,6865000000,40705000000,47570000000,None,None,None,9932000000,55889000000,48344000000,None,331000000,USD,4321000000,1000000,4296000000,-25000000,-4315000000,-4514000000,None,None,511000000,123000000,341000000,-221000000,111000000,-199000000,None,None,None,-61000000,0,None,None,123000000,nan,nan
14,2016-06-30,USD,-312000000,-40000000,None,-312000000,-272000000,-135000000,None,None,-55000000,None,-40000000,None,-272000000,None,-217000000,None,None,None,None,None,None,None,None,None,-55000000,-142000000,7000000,USD,60475000000,None,None,None,52773000000,7702000000,None,None,3000000,-3669000000,None,None,None,55967000000,2725000000,None,None,1100000000,None,59011000000,218000000,7366000000,62000000,2982000000,5064000000,None,2725000000,None,None,3000000,336000000,-3669000000,None,None,1246000000,None,1464000000,None,5064000000,44984000000,50048000000,None,None,None,9932000000,60475000000,56029000000,None,331000000,USD,709000000,-3000000,3259000000,2550000000,-3358000000,-3563000000,None,None,-135000000,22000000,326000000,384000000,134000000,-205000000,None,None,None,-54000000,0,None,None,22000000,nan,nan
15,2016-03-31,USD,-935000000,-33000000,None,-935000000,-902000000,-772000000,None,None,-706000000,None,-33000000,None,-902000000,None,-196000000,None,None,None,None,None,None,None,None,None,-706000000,-779000000,7000000,USD,62396000000,None,None,None,54736000000,7660000000,None,None,3000000,-3329000000,None,None,None,57783000000,1034000000,None,None,718000000,None,60946000000,167000000,7324000000,None,3163000000,5389000000,None,1034000000,None,None,3000000,336000000,-3329000000,None,None,1283000000,None,1450000000,None,5389000000,48313000000,53702000000,None,None,None,9932000000,62396000000,57783000000,None,331000000,USD,-2563000000,12000000,-2833000000,-270000000,2794000000,2470000000,None,None,-772000000,-1000000,362000000,970000000,150000000,-208000000,-116000000,None,None,2000000,0,None,None,-1000000,nan,nan
16,2015-09-30,USD,-817000000,34000000,None,-817000000,-851000000,-633000000,None,None,-633000000,None,34000000,None,-851000000,None,-218000000,None,None,None,None,None,None,None,None,None,-633000000,-640000000,7000000,USD,60609000000,None,None,None,52293000000,8316000000,None,None,3000000,-2727000000,None,None,None,56681000000,4306000000,None,None,495000000,None,59078000000,143000000,7980000000,787000000,1610000000,3471000000,None,4306000000,None,None,3000000,336000000,-2727000000,None,None,1388000000,None,1531000000,None,3471000000,44516000000,47987000000,None,None,None,10209000000,60609000000,57468000000,None,346500000,USD,3061000000,-5000000,5760000000,2699000000,-5703000000,-5964000000,None,None,-633000000,-5000000,199000000,673000000,125000000,-216000000,-45000000,None,None,39000000,0,None,None,-5000000,nan,nan
