,fiscalDateEnding,reportedCurrency_x,totalRevenue,totalOperatingExpense,costOfRevenue,grossProfit,ebit,netIncome_x,researchAndDevelopment,effectOfAccountingCharges,incomeBeforeTax,minorityInterest,sellingGeneralAdministrative,otherNonOperatingIncome,operatingIncome,otherOperatingExpense,interestExpense,taxProvision,interestIncome,netInterestIncome,extraordinaryItems,nonRecurring,otherItems,incomeTaxExpense,totalOtherIncomeExpense,discontinuedOperations,netIncomeFromContinuingOperations,netIncomeApplicableToCommonShares,preferredStockAndOtherAdjustments,reportedCurrency_y,totalAssets,intangibleAssets,earningAssets,otherCurrentAssets,totalLiabilities,totalShareholderEquity,deferredLongTermLiabilities,otherCurrentLiabilities,commonStock,retainedEarnings,otherLiabilities,goodwill,otherAssets,cash,totalCurrentLiabilities,shortTermDebt,currentLongTermDebt,otherShareholderEquity,propertyPlantEquipment,totalCurrentAssets,longTermInvestments,netTangibleAssets,shortTermInvestments,netReceivables,longTermDebt,inventory,accountsPayable,totalPermanentEquity,additionalPaidInCapital,commonStockTotalEquity,preferredStockTotalEquity,retainedEarningsTotalEquity,treasuryStock,accumulatedAmortization,otherNonCurrrentAssets,deferredLongTermAssetCharges,totalNonCurrentAssets,capitalLeaseObligations,totalLongTermDebt,otherNonCurrentLiabilities,totalNonCurrentLiabilities,negativeGoodwill,warrants,preferredStockRedeemable,capitalSurplus,liabilitiesAndShareholderEquity,cashAndShortTermInvestments,accumulatedDepreciation,commonStockSharesOutstanding,reportedCurrency,investments,changeInLiabilities,cashflowFromInvestment,otherCashflowFromInvestment,netBorrowings,cashflowFromFinancing,otherCashflowFromFinancing,changeInOperatingActivities,netIncome_y,changeInCash,operatingCashflow,otherOperatingCashflow,depreciation,dividendPayout,stockSaleAndPurchase,changeInInventory,changeInAccountReceivables,changeInNetIncome,capitalExpenditures,changeInReceivables,changeInExchangeRate,changeInCashAndCashEquivalents,clossingVal,nextClossingVal
0,2020-03-31,USD,0,11442000,None,None,-11168000,-11189000,8308000,None,-11157000,None,3134000,274000,-11442000,None,None,21000,281000,None,None,None,None,21000,285000,None,-11178000,-11189000,None,USD,105104000,1176000,None,2942000,20285000,84819000,None,1101000,25000,-166937000,2357000,None,544000,58491000,13548000,None,None,-88000,4216000,87459000,8115000,83643000,26026000,None,None,None,12447000,None,None,25000,None,-166937000,-88000,None,4138000,None,17645000,5481000,51000,6737000,6737000,None,None,None,251819000,105104000,84517000,None,25764000,USD,19000000,2105000,14011000,-4611000,-11000,35222000,-33000,76000,-11189000,40415000,-8818000,-1030000,242000,None,35233000,None,169000,885000,378000,169000,None,40415000,3.28,
1,2019-12-31,USD,2453000,11383000,3645000,2453000,-8602000,-8623000,8375000,None,-8596000,None,3008000,328000,-8930000,None,None,21000,336000,None,None,None,None,21000,334000,None,-8617000,-8623000,None,USD,82251000,1127000,None,1993000,22212000,60039000,None,705000,18000,-155748000,2336000,None,6741000,18076000,14931000,None,None,-88000,4053000,64717000,1930000,58912000,44479000,169000,None,None,14226000,None,None,18000,None,-155748000,-88000,None,10424000,None,17534000,5650000,63000,7281000,7281000,None,None,None,215857000,82251000,62555000,None,18219000,USD,23000000,1755000,10136000,-12674000,-11000,-11000,-3000,1171000,-8623000,1804000,-8321000,-2214000,222000,None,34000,None,-156000,695000,190000,-156000,None,1804000,4.52,3.28
2,2019-09-30,USD,0,11990000,2886000,-2886000,-11554000,-11577000,8642000,None,-11546000,None,3348000,436000,-11990000,None,2000,21000,446000,-2000,None,None,None,21000,446000,None,-11567000,-11577000,None,USD,84625000,1062000,None,2054000,16652000,67973000,None,687000,18000,-147125000,2315000,None,544000,16272000,9210000,None,None,-88000,4137000,73178000,1936000,66911000,54839000,13000,None,None,8523000,None,None,18000,None,-147125000,-88000,None,4312000,None,11447000,5814000,75000,7442000,7442000,None,None,None,215168000,84625000,71111000,None,18218000,USD,17500000,-257000,264000,-16992000,-11000,20000,-3000,-366000,-11577000,-10431000,-10715000,150000,149000,None,34000,None,0,820000,244000,None,None,-10431000,4.16,4.52
3,2019-06-30,USD,406000,11846000,3180000,406000,-10495000,-10514000,8332000,None,-10488000,None,3514000,945000,-11440000,None,-2000,19000,505000,None,None,None,None,19000,951000,None,-10507000,-10514000,None,USD,92216000,1013000,None,2276000,13507000,78709000,None,None,18000,-135548000,4152000,None,544000,26703000,9355000,None,None,-85000,4430000,84284000,1945000,77696000,55292000,13000,None,None,9355000,None,None,18000,None,-135548000,-85000,None,544000,None,7932000,None,None,4152000,4152000,None,None,None,214324000,92216000,81995000,None,18207000,USD,22500000,611000,12503000,-9915000,-13000,167000,-36000,2122000,-10514000,5133000,-7537000,1334000,104000,None,216000,None,113000,815000,82000,113000,None,5133000,3.79,4.16
4,2019-03-31,USD,21318000,10313000,2657000,21318000,11508000,11489000,7203000,None,11517000,None,3110000,503000,11005000,None,-2000,19000,512000,None,None,None,None,19000,512000,None,11498000,11489000,None,USD,100915000,994000,None,3942000,12613000,88302000,None,None,18000,-125034000,4139000,None,1260000,21570000,8474000,None,None,-77000,4500000,92209000,1952000,88302000,69617000,1286000,None,None,12613000,None,None,18000,None,-125034000,-77000,None,1260000,None,4500000,None,None,4139000,4139000,None,None,None,213395000,100915000,91187000,None,18168000,USD,25000000,951000,4577000,-20423000,-13000,-41000,-168000,1176000,11489000,-2408000,-6944000,-20422000,93000,None,-28000,None,90000,855000,229000,90000,None,-2408000,4.19,3.79
5,2018-12-31,USD,5934000,10605000,7583000,5934000,-4162000,-4181000,7583000,None,-4151000,None,3022000,509000,-4671000,None,-2000,19000,None,None,None,None,None,19000,509000,None,-4170000,-4181000,None,USD,108103000,954000,None,3913000,32128000,75975000,None,20432000,18000,-136523000,11940000,None,1260000,23978000,20188000,None,None,-70000,4778000,99150000,1961000,75975000,74058000,1376000,None,None,11696000,None,None,18000,None,-136523000,-70000,None,None,None,4778000,None,None,None,None,None,None,None,212550000,108103000,98036000,None,18164000,USD,21883000,-1268000,6997000,-14846000,-13000,68000,-55000,-335000,-4181000,-2494000,-9559000,-5425000,107000,None,81000,None,-8000,1216000,40000,-8000,None,-2494000,2.49,4.19
6,2018-09-30,USD,14034000,13278000,10065000,14034000,1219000,1200000,10065000,None,1227000,None,3213000,463000,756000,None,0,None,None,None,None,None,None,19000,463000,None,1208000,1200000,None,USD,117328000,949000,None,2527000,38389000,78939000,0,16319000,18000,-132342000,13364000,0,1205000,26472000,25025000,None,None,-57000,5016000,108186000,1972000,77990000,78968000,219000,0,0,8706000,0,0,18000,0,-132342000,-57000,None,1205000,None,9142000,None,None,13364000,13364000,None,None,None,211320000,117328000,105440000,None,18130000,USD,24736000,637000,-5050000,-29745000,-13000,-126000,-113000,-724000,1200000,-4593000,583000,-2244000,179000,0,-113000,0,-9000,820000,41000,-9000,None,-4593000,7.3,2.49
7,2018-06-30,USD,5416000,12195000,-7989000,5416000,-6474000,-6612000,8826000,0,-6459000,0,7075000,305000,-6779000,0,0,None,None,None,0,0,0,138000,305000,0,-6597000,-6612000,None,USD,118532000,968000,None,4009000,19350000,99182000,610000,6295000,18000,-110926000,4955000,0,1206000,31065000,14395000,None,None,None,5254000,109124000,1980000,98214000,73840000,210000,0,0,8100000,0,0,18000,0,-110926000,-49000,None,1206000,None,9408000,None,None,4345000,4955000,None,None,None,210139000,118532000,104905000,None,18126425,USD,12717000,-1611000,-9735000,-22444000,-14000,-90000,-85000,1004000,-6612000,-16568000,-6743000,43000,265000,0,-76000,0,-77000,1249000,8000,-77000,None,-16568000,3.7,7.3
8,2018-03-31,USD,3603000,11299000,7353000,3603000,-7376000,-8101000,7353000,0,-7371000,0,3946000,320000,-7696000,0,0,None,None,None,0,0,0,725000,320000,0,-8096000,-8101000,None,USD,125447000,0,None,3968000,20751000,104696000,912000,8188000,18000,-104314000,3206000,0,2025000,47633000,17545000,None,None,None,5526000,115901000,1995000,104696000,64167000,133000,0,0,9357000,0,0,18000,0,-104314000,-23000,None,2025000,None,9546000,None,None,2294000,3206000,None,None,None,209015000,125447000,111800000,None,18121000,USD,29895000,-1021000,-15404000,-44779000,-11000,-31000,-17000,1339000,-8101000,-22712000,-7277000,-199000,308000,0,-20000,0,70000,1666000,520000,70000,None,-22712000,3.85,3.7
9,2017-12-31,USD,4852000,11094000,10784000,4852000,-5981000,-5190000,7726000,0,-5981000,0,3368000,261000,-6242000,0,0,None,None,None,0,0,0,-791000,-9000,0,-5190000,-5190000,None,USD,131333000,0,None,4012000,19750000,111583000,0,11945000,18000,-96213000,653000,0,4226000,70345000,19097000,None,None,None,3235000,123872000,2000000,111583000,49312000,203000,0,0,7152000,0,0,18000,0,-96213000,0,None,2226000,None,7461000,None,None,653000,653000,None,None,None,207778000,131333000,119657000,None,18105000,USD,31481000,-4601000,31477000,0,-18000,-17000,-17000,-1173000,-5190000,21611000,-9849000,-1739000,371000,0,1000,0,-21000,1331000,4000,-21000,None,21611000,3.6,3.85
10,2017-09-30,USD,10315000,11982000,11748000,10315000,-1397000,-1397000,8276000,0,-1397000,0,0,270000,-1667000,3706000,0,None,None,None,0,0,0,0,270000,0,-1397000,-1397000,None,USD,138974000,0,None,3228000,23571000,115403000,1029000,14651000,18000,-91023000,1029000,0,7740000,48734000,22542000,None,None,None,2621000,128613000,6385000,115403000,76469000,182000,0,0,7891000,0,0,18000,0,-91023000,0,None,1355000,None,10361000,None,None,None,1029000,None,None,None,206408000,138974000,125203000,None,18093000,USD,26807000,-9023000,26677000,0,-18000,2000,-17000,-747000,-1397000,18028000,-8651000,-8000,316000,0,2000,0,0,1469000,130000,-8000,None,18028000,3.95,3.6
11,2017-06-30,USD,8346000,11149000,10893000,8346000,-2597000,-4478000,8302000,0,-2597000,0,8508000,206000,-2803000,0,0,None,None,None,0,0,0,1881000,668000,0,-4478000,-4478000,None,USD,147923000,1219000,None,3361000,32594000,115329000,4438000,20996000,18000,-89626000,4438000,0,15027000,30706000,28156000,None,None,None,2661000,130235000,13749000,114110000,95994000,174000,0,0,7160000,0,0,18000,0,-89626000,0,None,59000,None,17688000,None,None,None,4438000,None,None,None,204937000,147923000,126700000,None,18087785,USD,22423000,-7824000,5199000,-17045000,-43000,1000,-102000,-592000,-4479000,-4794000,-9994000,485000,657000,0,1000,0,780000,1172000,179000,-5000,None,-4794000,5.1,3.95
12,2017-03-31,USD,8388000,9224000,9002000,8388000,-600000,-821000,6303000,0,-600000,0,0,236000,-836000,2921000,0,None,None,None,0,0,0,221000,10000,0,-821000,-821000,None,USD,158780000,1264000,None,3797000,40418000,118362000,8411000,24818000,18000,-85148000,8411000,0,20366000,35500000,32007000,None,None,None,2720000,135694000,16995000,117098000,96228000,169000,0,0,7189000,0,0,18000,0,-85148000,0,None,2107000,None,23086000,None,None,None,8411000,None,None,None,203492000,158780000,131728000,None,18077000,USD,14552000,-7603000,1217000,-13338000,-18000,3000,None,-1281000,-820000,-6999000,-8219000,-1497000,223000,0,3000,0,785000,1569000,3000,-91000,None,-6999000,6.9,5.1
13,2016-12-31,USD,10933000,8781000,8548000,10933000,2379000,2081000,6041000,0,2379000,0,0,227000,2152000,2740000,0,None,None,None,0,0,0,298000,-9000,0,2081000,2081000,None,USD,165952000,1288000,None,2574000,48021000,117931000,5103000,36033000,18000,-84327000,5103000,0,43094000,42499000,42918000,None,None,None,2881000,119977000,41754000,116643000,74826000,78000,0,0,6885000,0,0,18000,0,-84327000,0,None,52000,None,45975000,None,None,None,5103000,None,None,None,202240000,165952000,117325000,None,18074000,USD,28911000,-10845000,-6493000,-34862000,None,5000,None,290000,2081000,-13481000,-6993000,90000,233000,0,5000,0,876000,1492000,542000,-44000,None,-13481000,9.35,6.9
14,2016-09-30,USD,11806000,8417000,8216000,11806000,3625000,3625000,5571000,0,3625000,0,2846000,236000,3389000,0,0,None,None,None,0,0,0,600000,236000,0,3625000,3625000,None,USD,173218000,1308000,None,2510000,58866000,114352000,8214000,43725000,18000,-86408000,8214000,0,34847000,55980000,50652000,None,None,None,2509000,135862000,33440000,113044000,77338000,34000,0,0,6927000,0,0,18000,0,-86408000,0,None,99000,None,37356000,None,None,None,8214000,None,None,None,200742000,173218000,133318000,None,18053000,USD,35358000,-12643000,32888000,-2449000,None,19000,None,None,3625000,27112000,-5795000,682000,201000,0,19000,0,920000,1420000,21000,920000,None,27112000,9.78,9.35
15,2016-06-30,USD,12113000,9626000,9434000,12113000,2728000,2728000,6756000,0,2728000,0,2870000,241000,2487000,0,0,None,None,None,0,0,0,0,681000,0,2728000,2728000,None,USD,180797000,1321000,None,3089000,71509000,109288000,16766000,46898000,18000,-90033000,16766000,0,75595000,28868000,54743000,None,None,None,2627000,102575000,74183000,107967000,69664000,954000,0,0,7845000,0,0,18000,0,-90033000,0,None,91000,None,78222000,None,None,None,16766000,None,None,None,199303000,180797000,98532000,None,18047956,USD,78544000,-11433000,18335000,-59977000,-43000,48000,-102000,1501000,2728000,10984000,-7399000,-345000,192000,0,48000,0,409000,1402000,232000,57000,None,10984000,14.13,9.78
16,2016-03-31,USD,11997000,10230000,10051000,11997000,1969000,1969000,7868000,0,1969000,0,2362000,202000,1767000,0,0,None,None,None,0,0,0,0,-58000,0,1969000,1969000,None,USD,188052000,1366000,None,2071000,82942000,105110000,28491000,46898000,18000,-92761000,28491000,0,48746000,17884000,54451000,None,None,None,2529000,136777000,46778000,103744000,115811000,1011000,0,0,7553000,0,0,18000,0,-92761000,0,None,602000,None,51275000,None,None,None,28491000,None,None,None,197853000,188052000,133695000,None,18033000,USD,11080000,-11110000,-18664000,-27611000,None,19446000,None,None,1969000,-26518000,-7854000,107000,179000,0,19211000,0,352000,1116000,2133000,-115000,None,-26518000,13.98,14.13
17,2015-12-31,USD,12189000,9319000,9220000,12189000,3045000,3045000,7203000,0,3045000,0,2116000,175000,2870000,0,0,None,None,None,0,0,0,0,-5000,0,3045000,3045000,None,USD,196077000,1408000,None,1890000,94052000,102025000,40215000,46898000,18000,-94730000,40215000,0,42762000,44402000,53837000,None,None,None,513000,152802000,40591000,100617000,105614000,896000,0,0,6939000,0,0,18000,0,-94730000,0,None,763000,None,43275000,None,None,None,40215000,None,None,None,196737000,196077000,150016000,None,18033000,USD,7314000,-18709000,-87378000,-94586000,None,235000,None,None,3045000,-95858000,-8715000,5017000,99000,0,235000,0,467000,1366000,106000,467000,None,-95858000,20.4,13.98
18,2015-09-30,USD,11062000,20275000,20178000,11062000,-9123000,-9123000,17037000,0,-9123000,0,3238000,90000,-9213000,0,0,None,None,None,0,0,0,0,90000,0,-9123000,-9123000,None,USD,210126000,1428000,None,6929000,112747000,97379000,51939000,46898000,18000,-97775000,51939000,0,35885000,140260000,60808000,None,None,None,443000,173798000,33367000,95951000,25694000,915000,0,0,13910000,0,0,18000,0,-97775000,0,None,1090000,None,36328000,None,None,None,51939000,None,None,None,195136000,210126000,165954000,None,17979000,USD,13030000,108119000,-13097000,-26127000,None,19211000,None,None,-9123000,101073000,94959000,-5257000,97000,0,19211000,0,0,1123000,0,None,None,101073000,13.14,20.4
19,2015-06-30,USD,713000,8743000,8646000,713000,-7961000,-7961000,4553000,0,-7961000,0,4190000,69000,-8030000,0,0,None,None,None,0,0,0,0,201000,0,-7961000,-7961000,None,USD,90174000,1448000,None,1608000,4642000,85532000,0,3451000,16000,-88652000,None,0,25564000,39187000,4642000,None,None,None,478000,64132000,23629000,84084000,22454000,883000,0,0,4642000,0,0,16000,0,-88652000,0,None,487000,None,26042000,None,None,None,None,None,None,None,174168000,90174000,61641000,None,16476000,USD,12949000,836000,1113000,-11836000,-43000,32157000,-102000,2127000,-7961000,-5296000,-6409000,27000,97000,0,32009000,0,-876000,700000,225000,-108000,None,-5296000,15.34,13.14
