,fiscalDateEnding,reportedCurrency_x,totalRevenue,totalOperatingExpense,costOfRevenue,grossProfit,ebit,netIncome_x,researchAndDevelopment,effectOfAccountingCharges,incomeBeforeTax,minorityInterest,sellingGeneralAdministrative,otherNonOperatingIncome,operatingIncome,otherOperatingExpense,interestExpense,taxProvision,interestIncome,netInterestIncome,extraordinaryItems,nonRecurring,otherItems,incomeTaxExpense,totalOtherIncomeExpense,discontinuedOperations,netIncomeFromContinuingOperations,netIncomeApplicableToCommonShares,preferredStockAndOtherAdjustments,reportedCurrency_y,totalAssets,intangibleAssets,earningAssets,otherCurrentAssets,totalLiabilities,totalShareholderEquity,deferredLongTermLiabilities,otherCurrentLiabilities,commonStock,retainedEarnings,otherLiabilities,goodwill,otherAssets,cash,totalCurrentLiabilities,shortTermDebt,currentLongTermDebt,otherShareholderEquity,propertyPlantEquipment,totalCurrentAssets,longTermInvestments,netTangibleAssets,shortTermInvestments,netReceivables,longTermDebt,inventory,accountsPayable,totalPermanentEquity,additionalPaidInCapital,commonStockTotalEquity,preferredStockTotalEquity,retainedEarningsTotalEquity,treasuryStock,accumulatedAmortization,otherNonCurrrentAssets,deferredLongTermAssetCharges,totalNonCurrentAssets,capitalLeaseObligations,totalLongTermDebt,otherNonCurrentLiabilities,totalNonCurrentLiabilities,negativeGoodwill,warrants,preferredStockRedeemable,capitalSurplus,liabilitiesAndShareholderEquity,cashAndShortTermInvestments,accumulatedDepreciation,commonStockSharesOutstanding,reportedCurrency,investments,changeInLiabilities,cashflowFromInvestment,otherCashflowFromInvestment,netBorrowings,cashflowFromFinancing,otherCashflowFromFinancing,changeInOperatingActivities,netIncome_y,changeInCash,operatingCashflow,otherOperatingCashflow,depreciation,dividendPayout,stockSaleAndPurchase,changeInInventory,changeInAccountReceivables,changeInNetIncome,capitalExpenditures,changeInReceivables,changeInExchangeRate,changeInCashAndCashEquivalents,clossingVal,nextClossingVal
0,2020-06-30,USD,36970000,37238000,29709000,7261000,514000,-841000,None,None,-1256000,6540000,7529000,None,-268000,None,1161000,-300000,None,-1161000,None,None,None,-300000,173000,None,-956000,-841000,None,USD,153150000,878000,None,7453000,128649000,23501000,None,None,756000,22927000,1107000,4227000,626000,7095000,60158000,None,37249000,-630000,38366000,103620000,5433000,18396000,2845000,10274000,53703000,63879000,7722000,None,None,None,None,None,None,None,626000,None,49530000,8433000,None,1435000,68491000,None,None,None,None,None,None,None,None,USD,-548000,-3141000,-548000,-78000,5057000,5040000,-17000,-2123000,-841000,1085000,-3335000,None,609000,None,None,-663000,2570000,254000,646000,None,None,None,11.75,
1,2020-03-31,USD,57129465,55194164,52351000,57129465,407719,588648,None,None,13341,127693,9910680,-1485582,1893301,45300243,394378,-492000,-668000,-394000,-2000,-16759,None,-540000,-1475000,121000,553341,588648,None,USD,151427000,749000,None,5279000,120336000,24006000,579000,8647000,756000,23768000,1067000,4227000,609000,16656000,67746000,42684000,42684000,-537000,5272000,98486000,6023000,25110000,1677000,14251000,43136000,60623000,25290000,None,None,756000,None,23768000,-2617000,None,36670000,None,52941000,8647000,43136000,1402000,43715000,None,6080000,None,2636000,151427000,18333000,None,2881853,USD,84000,-241000,16003000,17341000,-8169000,-6924000,-1236000,3421000,716000,-6304000,-15383000,-28006000,1072000,None,2481000,-21748000,2466000,-1089000,1422000,None,260000,-6044000,12.51,11.75
2,2019-12-31,USD,73078000,69580000,60100000,73078000,2424000,-430000,None,None,1197000,789000,9499000,-1296000,3720000,60100000,1227000,616000,-1509000,-1227000,-222000,-19000,None,616000,-1277000,-222000,581000,-430000,None,USD,158375000,826000,None,7302000,126784000,22388000,1604000,1134000,756000,23180000,2195000,4227000,740000,22613000,76367000,91499000,51504000,-420000,4172000,117208000,6919000,25525000,1845000,17332000,39995000,68116000,23729000,None,None,756000,None,23180000,-2157000,None,24762000,None,261000,8913000,39995000,8818000,10422000,None,8190000,None,1029000,158375000,24458000,None,2912599,USD,-3096000,1753000,-9331000,-5793000,15402000,13837000,-2199000,785000,360000,-5788000,-10294000,582000,992000,None,634000,7866000,2623000,772000,442000,4708000,None,-5788000,20.15,12.51
3,2019-09-30,USD,59052000,50227000,40931000,59052000,-371000,5715000,None,None,-2418000,287000,9288000,-837000,466000,40931000,2047000,-296000,-2081000,-2047000,8124000,8000,None,-296000,-845000,-235000,-2122000,5715000,None,USD,142657000,898000,None,9232000,109310000,26315000,None,11422000,756000,23610000,631931,4227000,1145000,28554000,56118000,75380000,29836000,-461000,4310000,99073000,4831000,27190000,1423000,19494000,45544000,40370000,14860000,None,None,756000,None,23610000,None,None,7518000,None,781000,7577000,45544000,7648000,7648000,None,6000000,None,2410000,142657000,29977000,None,3022745,USD,5713514,0,-9331000,-478000,15402000,10318805,-2199000,785000,5715000,11271125,-4784556,-2708000,1614714,None,5407000,3516164,-3076936,913000,14592690,None,None,11247763,18.78,20.15
4,2019-06-30,USD,55704535,54484077,43564757,12139778,6888567,1782352,None,None,3831659,7730927,10919320,3643582,1220458,43564757,1023622,-324000,-1345000,-1023622,165000,8759,None,-372000,3634823,165000,4155659,1782000,None,USD,133650942,1161111,None,8036080,112663135,19941880,None,10880542,753770,17970387,773495,4417605,999069,16196626,60391189,64060061,27774151,-411479,32806038,88916032,5351087,14363164,1752727,23723077,36285910,36528777,13296498,None,None,753770,None,17970387,None,None,398766,None,44734910,10558383,36285910,1229495,52271946,None,6685000,None,1629200,133650942,17949350,None,3015087,USD,-3780514,2801237,-3780514,-478000,277614,2008195,-161319,2623725,1782352,3617875,5387556,None,2033286,-115000,-126317,2374836,-4254064,-1204951,3596310,None,None,3615237,17.49,18.78
5,2019-03-31,USD,76003561,70387520,50415000,76003561,6522523,2547437,0,None,4995861,1114240,10348063,906482,5616041,60036178,1526662,1520000,-849000,-819463,150000,3279,None,1334184,216698,165000,3661677,2547437,None,USD,115142137,998000,None,8875604,86308373,24358392,None,1520000,505657,21191126,596598,4417605,2134000,19089529,52794010,24735224,24735224,-205086,25164497,71348113,311000,25416787,1760052,19727022,32917765,29967037,27135384,None,None,505657,None,21191126,None,None,463892,None,547987,None,32917765,596598,32917765,None,5476000,None,2866695,115142137,20849581,None,2022637,USD,-46672,1594001,-258178,97882,-9211113,-10374114,-1102129,2950473,3661678,9029361,19661653,None,7686070,-9835,-60872,9605714,-1241819,15999975,309388,None,-18368,9010993,30.19,17.49
6,2018-12-31,USD,63622671,62157708,49513296,63622671,-956517,-2714951,0,None,-2142866,398085,10373194,-2421480,1464963,51766587,1186349,198000,None,None,-376000,17927,None,174000,-3625756,165000,-2316866,-2714951,None,USD,116903386,1271688,None,33533857,91587857,23275584,None,47000,506084,18694300,1557314,4417605,1471436,9438458,56572672,66799117,33437246,-120284,4904741,71616212,311000,20584452,2457609,20420083,33457871,39585915,23776506,None,None,506084,None,18694300,None,None,562430,None,11467464,None,33361870,1012234,1012234,None,2998161,None,4195484,116903386,11896067,None,2024331,USD,836510,-3769546,4830082,-14969307,7342892,6662680,-52133,-2732108,-2316867,-2103760,-13596522,None,2232598,-9835,-680212,-10044373,744034,-11279655,18962879,None,109160,-1994600,24.5,30.19
7,2018-09-30,USD,49340777,50960778,40063820,49340777,-1105899,-1321185,0,None,-1819990,-105805,9070053,514102,-1620001,41890725,714091,None,None,None,None,None,None,-393000,-199989,None,-1426990,-1321185,None,USD,117713811,1347606,None,10555411,89364504,26704245,689655,1550312,511152,22075937,1464701,4417605,1480737,6693576,43776794,15242526,15242526,-70677,37071213,64543095,8510936,27939801,2341786,21055172,44123009,29450138,28534268,25766145,4187833,511152,0,22075937,0,None,687973,None,47617728,None,44123009,775046,45587710,None,2583162,None,4187833,117713811,9035362,None,2044614,USD,-1295438,-679226,-20859072,-50000,18474942,20567947,1896788,2695346,-1426990,-136830,154295,None,1826905,-8786,196217,-1350283,519833,1581285,19513634,None,2814,-134016,33.7,24.5
8,2018-06-30,USD,60867469,58263767,48183563,60867469,3669111,2828694,0,None,3669111,453417,8584803,1065409,2603702,49678964,-609862,None,None,None,None,None,None,387000,1065409,None,3282111,2828694,None,USD,97114952,1371561,None,15029558,67596210,27977053,681000,1523000,510901,23418334,1400252,4417605,3455398,6884843,34873860,40866830,9544732,-124051,19417752,60059453,5238982,30422616,1055075,21554865,31322098,27619851,26048380,27073179,4171869,510901,0,23418334,0,None,314026,None,24970760,None,None,None,681000,None,2445563,None,4171869,97114952,7939918,None,2043607,USD,-2981975,3942185,-6716648,-3275098,-7262851,-7309902,-82753,-3840516,3282111,690384,14716934,None,1495401,-47051,-47051,11319597,29564,11434823,459575,None,2072,692456,33.35,33.7
9,2018-03-31,USD,53459236,52453619,43481224,53459236,1062701,1558958,195653,0,1062701,-96257,8054140,57084,1005617,44399479,-583604,None,None,None,0,0,0,-400000,73732,0,1462701,1558958,None,USD,97146886,1312472,None,2114196,70910863,25117851,0,2669019,510901,20695981,877797,4417605,3088488,6308302,31177806,48084950,9229690,-260900,20273171,61671108,6370188,21380713,290449,18727156,38855260,34231005,22825913,24243084,4171869,510901,0,20695981,0,None,3102342,None,35475778,None,None,None,None,None,1992939,None,4171869,97146886,6598751,None,2043607,USD,-3955228,605235,-7800870,1122708,13195159,13203797,-248730,3161042,1462701,-3175140,-8578067,None,934902,0,8638,-10981211,-279062,-10040768,4968350,None,-6710,-3181850,25.3,33.35
10,2017-12-31,USD,44501246,43949566,35862000,44501246,-774441,-671939,0,0,-774441,-42502,7252381,-1326121,551680,36697185,-1059581,None,None,None,0,0,0,-60000,-1627669,0,-714441,-671939,None,USD,80011851,5575000,None,6043326,54868256,23928735,0,8113000,510696,19137023,2375000,4417605,11624000,8875457,20188384,2500000,2500000,117580,18138660,50249738,2495072,21508689,1363540,17725269,32304523,19667205,17688384,23146036,4163436,510696,0,19137023,0,None,3625487,155302,26337054,None,32304523,2375349,34679872,None,1997559,None,4163436,80011851,10238997,None,2042789,USD,265355,-2423431,-6722674,620710,12947205,12099205,-1100000,254023,-714441,6640689,1264158,None,815590,0,252000,4223000,4065000,1978599,6988029,None,-14520,6626169,24.6922,25.3
11,2017-09-30,USD,48861490,48385832,40583000,48861490,759467,421701,-196000,0,759467,56766,7276486,283809,475658,41109346,322000,None,None,None,0,0,0,281000,892497,0,478467,421701,None,USD,70463941,1225163,None,12017841,45295414,24152920,81566,9207000,510696,19851437,2131000,4418000,10781000,2249288,22835064,21872748,21872748,-381199,12675063,47007900,1966791,24723781,2210389,21055093,20247000,18131734,21210064,23372503,4171986,510696,0,19851437,0,None,899370,None,14799596,None,None,2131036,2212602,None,1796024,None,4171986,70463941,4459677,None,2042789,USD,-704124,1176722,-8473344,0,-13569219,-1248977,-1004115,540311,478467,-541738,9180583,None,0,0,0,4901000,236911,8702116,7769220,None,11833,-529905,17.6589,24.6922
12,2017-06-30,USD,47697373,45484805,38304000,47697373,1603880,968389,195653,0,1603880,261491,6585759,-608688,2212568,38703393,150000,None,None,None,0,0,0,374000,-608688,0,1229880,968389,None,USD,69728069,1300890,None,5185669,44852102,23949558,0,8821000,510696,19429736,2086000,4417605,10495000,2779193,21874492,23088922,23088922,-171410,5359386,53874000,1724175,19943216,1979686,21629089,20864000,25352376,21763180,23163814,4180536,510696,0,19429736,0,None,None,None,12802056,None,None,None,None,None,1712153,None,4180536,69728069,4758879,None,2042789,USD,-30476,-1047556,-3418610,-2898139,17002765,4682523,-1004115,31959,1229880,-880598,-2144511,None,0,0,0,1896441,1071687,-3374391,489995,None,6057,-874541,21.2,17.6589
13,2017-03-31,USD,43687000,42374693,35504000,43686246,731711,-1461891,184000,0,873000,1761979,6432000,-579842,1324000,35942855,-430274,None,None,None,0,0,0,573000,-2678288,0,300088,-1461891,None,USD,65335189,1376699,None,6090080,41728894,22965532,0,8673000,510696,18461347,3039000,4418000,11152000,3653734,20268971,25000,18437521,-212047,5324488,48859078,2529894,23032734,2130544,21623482,18412521,19778843,23291373,22162394,4205536,510696,0,18461347,0,None,2623425,204000,12058506,None,18412521,None,18412521,None,1443901,None,4205536,65335189,5784278,None,2042789,USD,7750,5765000,-890392,-69718,15812749,-1052837,-1252845,-636865,300088,1175259,3118488,None,1796845,0,0,-7845801,-5524446,2818400,828424,None,-33784,1141475,20.17,21.2
14,2016-12-31,USD,35769170,34129753,28636000,35769170,1814292,1220037,107598,0,1814292,445255,4960263,174875,1639417,29061892,-218743,None,None,None,0,0,0,149000,-258200,0,1665292,1220037,None,USD,62028049,1139922,None,4068674,38822365,23011299,0,6707000,510696,18227554,2992000,4185265,10869000,2442541,16925188,19522319,1163577,4513,5168905,45990430,2876399,18813131,3196810,18212084,18359000,20946720,19300046,22078665,4260030,510696,0,18227554,0,None,2667128,None,13161220,None,None,None,None,None,1127019,None,4268536,62028049,5639351,None,2042789,USD,526915,1298000,-621438,-541386,12094374,-3054041,None,-36964,1665292,-569850,3080456,None,0,0,0,8569464,1350470,1415164,606967,None,25173,-569850,23.0,20.17
15,2016-09-30,USD,38522990,37501251,31765000,38522990,1454814,1084102,239922,0,1454814,-4288,5143446,433075,1021739,32117883,13355,None,None,None,0,0,0,375000,1720973,0,1079814,1084102,None,USD,65931550,863132,None,11206652,44295066,21828279,0,7830000,510696,17007516,2933000,3987000,11282000,3015802,20054544,1815185,None,41531,4899771,49749408,3934385,22044919,2526208,25752584,20761175,17667401,21718706,20556712,4260030,510696,0,17007516,0,None,None,None,5762903,None,20761175,None,20761175,None,1079772,None,4268536,65931550,5542010,None,2042789,USD,2458085,3802000,-1956008,-4022622,37047314,9160821,None,None,1084000,-1790299,-8995112,None,0,0,7917009,6084943,8362763,-10074926,391471,None,12063,-1778236,20.421,23.0
16,2016-06-30,USD,30493253,37566735,29237000,30493253,-8361380,-5751471,510960,0,-8361380,-2237909,5828946,-1287898,-7073482,31226829,64011,None,None,None,0,0,0,-372000,-1287898,0,-7989380,-5751471,None,USD,50373955,0,None,4796558,23000836,28617896,546000,8036000,593131,23070354,24000,0,6015000,4794038,19109637,2177827,None,-1760,4813305,39546440,3603764,28617896,4780300,13871410,3320701,15199716,16931810,27373119,4947665,593131,0,23070354,0,None,2118628,None,6931933,None,3320701,24498,3891199,None,None,None,4956171,50373955,9574338,None,2372527,USD,290482,2609000,-232498,-3411,12047913,3634395,None,None,-7989380,-1356029,-4757926,None,0,0,0,5704755,710000,3231454,519569,None,-19450,-1375479,21.5,20.421
17,2016-03-31,USD,34580916,36894922,29610000,34580916,-2217712,-1369720,561942,0,-2217712,-376443,6089351,96294,-2314006,30243628,-80743,None,None,None,0,0,0,-471548,-132286,0,-1746164,-1369720,None,USD,52154752,1109112,None,4043469,16883222,34230608,546000,6843000,593131,28821825,615000,275000,8617000,6166106,15717146,1859300,1864135,-140519,4577774,38959534,4711343,33121496,4944572,14328272,4835,12274104,13857846,35271530,4947665,593131,0,28821825,0,None,None,None,10398229,None,4835,615241,1166076,None,None,None,4956171,52154752,11110678,None,2372527,USD,-1030763,1825000,-1255273,-29494,22146108,1848826,7000,893522,-1746163,819584,226031,None,1107207,0,1712935,-877993,-1530289,1972194,195016,None,14908,834492,24.16,21.5
18,2015-12-31,USD,46618573,42728456,37687000,46618573,3945200,2725710,216000,0,3945200,-279510,4585364,55083,3890117,37927092,0,None,None,None,0,0,0,1499000,0,0,2446200,2725710,None,USD,49757287,0,None,5933641,12646286,35683451,416000,5630000,593131,30191545,53000,0,7145000,5287316,12165596,208000,None,-37743,4516440,38095644,4744406,35683451,3921690,16139811,11000,11557592,11957596,37111001,37111001,593131,37111001,30191545,-37111001,None,2400797,None,6917237,None,11000,53690,480690,None,None,None,4936518,49757287,9209006,None,2372527,USD,-5087129,None,-1652842,244667,-4231640,-4224212,7428,None,2446200,1092439,6969493,None,0,0,0,383000,0,-2510253,1564488,None,-12985,1079454,24.47,24.16
19,2015-09-30,USD,44653929,39149278,35288000,44653929,5494961,3793960,0,0,5494961,0,3658187,-9690,5504651,35491092,0,None,None,None,0,0,0,1701000,0,0,3793961,3793960,None,USD,46120525,0,None,4586407,13821897,32298628,0,3388000,593131,27465835,None,0,6413000,4207862,12024000,None,None,-689428,3832902,35875065,4136127,32298628,2139815,19447408,13821897,9900883,7733000,0,0,593131,0,27465835,0,None,2005246,None,5838148,None,13821897,None,13821897,None,None,None,4929090,46120525,6347677,None,2372527,USD,2934077,2959000,-1087102,0,-3599656,-3599656,None,None,3793960,-4152889,533869,-3260091,0,0,0,0,0,-10405,732929,None,None,-4152889,17.8,24.47
