,fiscalDateEnding,reportedCurrency_x,totalRevenue,totalOperatingExpense,costOfRevenue,grossProfit,ebit,netIncome_x,researchAndDevelopment,effectOfAccountingCharges,incomeBeforeTax,minorityInterest,sellingGeneralAdministrative,otherNonOperatingIncome,operatingIncome,otherOperatingExpense,interestExpense,taxProvision,interestIncome,netInterestIncome,extraordinaryItems,nonRecurring,otherItems,incomeTaxExpense,totalOtherIncomeExpense,discontinuedOperations,netIncomeFromContinuingOperations,netIncomeApplicableToCommonShares,preferredStockAndOtherAdjustments,reportedCurrency_y,totalAssets,intangibleAssets,earningAssets,otherCurrentAssets,totalLiabilities,totalShareholderEquity,deferredLongTermLiabilities,otherCurrentLiabilities,commonStock,retainedEarnings,otherLiabilities,goodwill,otherAssets,cash,totalCurrentLiabilities,shortTermDebt,currentLongTermDebt,otherShareholderEquity,propertyPlantEquipment,totalCurrentAssets,longTermInvestments,netTangibleAssets,shortTermInvestments,netReceivables,longTermDebt,inventory,accountsPayable,totalPermanentEquity,additionalPaidInCapital,commonStockTotalEquity,preferredStockTotalEquity,retainedEarningsTotalEquity,treasuryStock,accumulatedAmortization,otherNonCurrrentAssets,deferredLongTermAssetCharges,totalNonCurrentAssets,capitalLeaseObligations,totalLongTermDebt,otherNonCurrentLiabilities,totalNonCurrentLiabilities,negativeGoodwill,warrants,preferredStockRedeemable,capitalSurplus,liabilitiesAndShareholderEquity,cashAndShortTermInvestments,accumulatedDepreciation,commonStockSharesOutstanding,reportedCurrency,investments,changeInLiabilities,cashflowFromInvestment,otherCashflowFromInvestment,netBorrowings,cashflowFromFinancing,otherCashflowFromFinancing,changeInOperatingActivities,netIncome_y,changeInCash,operatingCashflow,otherOperatingCashflow,depreciation,dividendPayout,stockSaleAndPurchase,changeInInventory,changeInAccountReceivables,changeInNetIncome,capitalExpenditures,changeInReceivables,changeInExchangeRate,changeInCashAndCashEquivalents,clossingVal,nextClossingVal
0,2020-06-30,USD,None,None,None,None,None,None,None,None,None,None,None,None,None,-3448000,None,None,None,None,None,None,None,-605000,None,None,None,-49577000,None,USD,None,None,None,None,None,None,None,None,102000,-573697000,183000,None,3096000,None,None,None,None,1481000,16541000,None,None,398901000,None,None,None,None,None,None,None,None,None,None,None,None,None,None,None,None,None,None,None,None,None,None,None,None,None,None,None,USD,None,-6726000,4069000,None,None,None,None,8271000,None,None,-33423000,None,None,None,None,None,None,16556000,0,None,None,None,13.7,
1,2020-03-31,USD,16074000,61333000,4783000,11291000,-43359000,-42850000,17355000,None,-43618000,None,46246000,None,-45259000,-7051000,None,-768000,1771000,None,None,None,None,-768000,1641000,None,-42850000,-42850000,None,USD,559921000,81589000,None,10813000,50230000,509691000,None,4001000,101000,-524120000,None,None,3084000,163320000,36332000,None,None,391000,16305000,458943000,None,428102000,257982000,10673000,None,13723000,10372000,None,None,None,None,None,None,None,100978000,None,100978000,13898000,None,None,13898000,None,None,None,1033319000,None,421302000,None,101000000,USD,-101319000,-1177000,-101319000,-101110000,None,1869000,-76000,-6112000,-42850000,-143546000,-44105000,None,1900000,0,1945000,-2382000,-177000,7593000,209000,None,None,None,14.3,13.7
2,2019-12-31,USD,277479000,194316000,5030000,272449000,89933000,82406000,148165000,None,84047000,None,51434000,None,83163000,-10313000,None,1641000,1223000,None,None,None,None,1641000,884000,None,82406000,68914000,None,USD,599250000,83051000,None,10689000,56246000,543004000,None,2633000,101000,-481270000,None,None,2939000,306866000,41998000,None,None,5000,16355000,496905000,None,459953000,156806000,10496000,None,8817000,10216000,None,None,None,None,None,None,None,102345000,None,102345000,14248000,None,None,14248000,None,None,None,1024168000,None,463672000,None,95000000,USD,-33703000,-4171000,-33703000,10024000,None,2389000,-10015000,-5552000,82406000,177537000,208734000,None,1880000,0,11574000,-176000,157000,132685000,178000,None,None,None,16.94,14.3
3,2019-09-30,USD,20624000,53214000,2401000,18223000,-30685000,-31498000,24797000,None,-31239000,None,34905000,None,-32590000,-8889000,None,259000,1487000,None,None,None,None,259000,1351000,None,-31498000,-31498000,None,USD,383167000,84529000,None,5809000,57679000,325488000,None,1977000,94000,-563676000,None,None,3620000,129329000,43121000,None,None,-63000,16577000,278441000,None,240959000,123362000,10653000,None,8641000,5711000,None,None,None,None,None,None,None,104726000,None,104726000,14558000,None,None,14558000,None,None,None,889133000,None,252691000,None,93000000,USD,22083000,-7214000,22083000,43549000,None,-8239000,-10015000,7149000,-31498000,-20905000,-34732000,None,1905000,0,9185000,-355000,-1460000,-3500000,29000,None,None,None,15.39,16.94
4,2019-06-30,USD,26623000,65329000,5783000,20840000,-36550000,-37323000,20271000,None,-37163000,None,50740000,None,-38706000,-11465000,None,160000,1571000,None,None,None,None,160000,1543000,None,-37323000,-37323000,None,USD,434120000,86006000,None,6713000,65478000,368642000,None,1713000,93000,-532178000,None,None,3426000,150234000,50569000,None,None,-110000,16977000,327711000,None,282636000,145374000,9193000,None,8286000,7936000,None,None,None,None,None,None,None,106409000,None,106409000,14909000,None,None,14909000,None,None,None,900837000,None,295608000,None,93000000,USD,-24752000,-5651000,-24752000,21437000,None,2821000,None,942000,-37323000,-50793000,-28769000,None,2156000,0,7409000,-4014000,1076000,14158000,358000,None,None,None,23.45,15.39
5,2019-03-31,USD,163816000,137609000,2444000,161372000,27860000,27187000,99619000,None,27319000,None,44602000,None,26207000,-9056000,None,132000,1224000,None,None,None,None,132000,1112000,None,27187000,27187000,None,USD,458717000,87468000,None,11618000,69853000,388864000,None,1863000,93000,-494855000,1725000,None,3426000,201027000,53110000,1306000,1306000,-27000,16938000,350885000,None,301396000,120765000,10269000,15018000,None,6153000,None,None,None,None,None,None,None,107832000,None,107832000,15018000,None,None,16743000,None,None,None,883653000,None,321792000,None,94000000,USD,44800000,-10197000,44800000,45831000,None,-8904000,None,-27654000,27187000,114573000,78592000,None,207000,-13492000,4588000,-4014000,-5672000,93331000,1031000,None,None,None,28.33,23.45
6,2018-12-31,USD,10197000,82405000,34343000,-24146000,-72208000,-70557000,24797000,0,-70557000,0,46050000,None,-72208000,-9056000,0,None,None,None,0,0,0,214000,1651000,0,-70557000,-78349000,None,USD,365261000,88914000,None,10029000,88537000,276724000,None,26322000,89000,-522042000,7876000,None,3416000,86454000,80661000,None,None,-324000,5696000,267235000,None,187810000,166155000,4597000,None,None,12068000,None,None,None,None,None,None,None,None,None,None,None,None,None,None,None,None,None,799001000,None,252609000,None,81000000,USD,38175000,2121000,37172000,71664000,None,1834000,None,-11414000,-70557000,-29752000,-68722000,None,2253000,-13492000,162831000,-4014000,-3961000,12823000,1003000,None,None,None,30.14,28.33
7,2018-09-30,USD,19241000,81951000,37088000,-17847000,-62710000,-63591000,20271000,0,-63358000,0,44162000,None,-62710000,-9056000,0,None,None,None,0,0,0,233000,-648000,0,-63591000,-63591000,None,USD,379128000,40969000,None,8397000,97717000,281411000,0,33642000,87000,-451485000,7117000,0,3054000,116206000,90600000,None,None,-289000,5757000,329348000,None,240442000,204109000,636000,0,0,3071000,0,0,0,0,0,0,None,None,None,None,None,None,None,None,None,None,None,None,None,None,None,87000000,USD,-39050000,-6766000,-39161000,0,None,1410000,None,-8842000,-63591000,-100634000,-62854000,None,800000,0,0,-4014000,2659000,12719000,111000,None,None,None,35.02,30.14
8,2018-06-30,USD,18321000,81744000,39457000,-21136000,-63423000,-62046000,99619000,0,-61832000,0,42287000,None,-63423000,-9056000,0,None,None,None,0,0,0,214000,1591000,0,-62046000,-62046000,None,USD,395005000,1714000,None,3575000,104601000,290404000,0,36851000,86000,-387894000,7390000,0,3047000,216840000,97211000,None,None,-297000,1523000,388721000,None,288690000,165011000,3295000,0,0,2706000,0,0,0,0,0,0,None,None,None,None,None,None,None,None,None,None,None,None,None,None,None,82000000,USD,45998000,-15045000,45993000,0,None,157863000,None,14369000,-62046000,149317000,-54549000,None,67000,0,0,0,-3295000,12184000,5000,None,None,None,23.71,35.02
9,2018-03-31,USD,17108000,47435000,27970000,-10862000,-30327000,-29627000,27970000,0,-29627000,0,19465000,None,-30327000,0,0,None,None,None,0,0,0,0,700000,0,-29627000,-29627000,None,USD,252465000,1191000,None,5628000,106165000,146300000,0,50795000,67000,-325848000,7869000,0,661000,69907000,98296000,None,None,-468000,50000,250563000,None,145109000,175028000,None,0,0,2578000,0,0,0,0,0,0,None,None,None,None,None,None,None,None,None,None,None,None,None,None,None,67000000,USD,26541000,-13771000,26541000,0,None,1724000,None,14569000,-29627000,11540000,-16763000,None,57000,0,0,0,5413000,6533000,5000,None,None,None,25.61,23.71
10,2017-12-31,USD,18036000,188660000,42930000,-83489000,-70642000,-174046000,25969000,0,-35960000,0,36981000,None,-141967000,0,-1955000,None,None,None,0,0,0,-791000,186000,0,-70998000,32721000,None,USD,268804000,1221000,None,1302000,89171000,179633000,8306000,78472000,67000,-296221000,8318000,0,1882000,58367000,80853000,None,None,-451000,77000,266845000,None,166604000,201763000,5413000,0,0,2381000,55267000,56936000,0,100000000,-91445000,0,None,None,None,None,None,None,None,None,None,None,None,None,None,None,None,30000000,USD,-202599000,10070000,-202608000,0,106000000,289401000,-2037000,-36996000,-121559000,50510000,-36190000,None,228000,0,0,0,-5413000,53163000,9000,None,None,None,17.36,25.61
11,2017-09-30,USD,9905000,-50190000,25957000,9597000,-158178000,64430000,17639000,0,-144677000,0,4676000,None,32771000,0,224000,None,None,None,0,0,0,2066000,61000,0,-159324000,-272188000,None,USD,289349000,1251000,None,1249000,91506000,197843000,0,71445000,67000,-261052000,18049000,0,1365000,110366000,73457000,None,None,-222000,104000,287880000,None,196592000,175765000,500000,0,0,2012000,0,0,0,0,0,0,None,None,None,None,None,None,None,None,None,None,None,None,None,None,None,37000000,USD,-132802000,3081000,-176200000,0,None,290381000,-26000,-32779000,-19809000,34921000,-3806000,None,0,0,0,0,0,2049000,9000,None,None,None,27.67,17.36
12,2017-06-30,USD,5713000,25401000,25345000,-19194000,168162000,48410000,18488000,0,120706000,0,-9352000,None,48599000,0,966000,None,None,None,0,0,0,0,-122000,0,169116000,206646000,None,USD,124104000,1281000,None,3939000,207087000,-82983000,30515000,68904000,0,-246958000,30533000,0,1383000,75445000,69047000,107507000,107507000,-84000,114000,122607000,None,-184264000,43223000,None,107507000,0,143000,0,0,0,100000000,0,0,None,None,None,None,None,None,None,None,None,None,None,None,None,None,None,None,USD,3326000,-47859000,6475000,0,15000000,104969000,-572000,1161000,-72296000,-2413000,6008000,None,0,0,0,0,0,38417000,0,None,None,None,nan,27.67
13,2017-03-31,USD,6094000,0,69411000,9597000,-59812000,-60353000,64794000,0,-60353000,0,4676000,None,-59873000,0,541000,None,None,None,0,0,0,0,61000,0,-60353000,-60353000,None,USD,132981000,1311000,None,6900000,207923000,-74942000,36882000,79171000,None,-235015000,36882000,None,1418000,77858000,79500000,91541000,91541000,-43000,141000,131422000,None,-76253000,46664000,None,91541000,None,329000,None,None,None,100000000,None,None,None,None,None,None,None,None,None,None,None,None,None,None,None,None,None,None,USD,-46715000,87653000,-46715000,None,91000000,90541000,-459000,-4929000,-60353000,70001000,26175000,None,83000,None,-459000,None,-500000,3721000,9000,None,None,None,nan,nan
14,2016-12-31,USD,0,83512000,68459000,-68459000,-83512000,-83217000,28713000,0,-83217000,0,33818000,None,-83512000,0,-1731000,None,None,None,0,0,0,0,295000,0,-83217000,-83217000,None,USD,10684000,1341000,None,1209000,28431000,-117747000,21000,27934000,None,-174662000,21000,None,1441000,7857000,28410000,None,None,-21000,177000,9066000,None,-119088000,None,None,None,None,476000,None,None,None,100000000,None,None,None,None,None,None,None,None,None,None,None,None,None,None,None,None,None,None,USD,34826000,2165000,34647000,None,106000000,-818000,-818000,17460000,-83217000,-21532000,-55361000,None,131000,None,-818000,None,-5413000,10319000,179000,None,None,None,nan,nan
15,2016-09-30,USD,0,0,0,0,0,0,17012000,0,0,0,19877000,None,0,0,0,None,None,None,0,0,0,0,0,0,0,0,None,USD,None,None,None,None,None,None,None,None,None,None,None,None,None,None,None,None,None,None,None,None,None,None,None,None,None,None,None,None,None,None,None,None,None,None,None,None,None,None,None,None,None,None,None,None,None,None,None,None,None,USD,None,None,None,None,None,None,None,None,None,None,None,None,None,None,None,None,None,None,0,None,None,None,nan,nan
16,2016-06-30,USD,0,0,0,0,0,0,10944000,0,0,0,13679000,None,0,0,0,None,None,None,0,0,0,0,0,0,0,0,None,USD,None,None,None,None,None,None,None,None,None,None,None,None,None,None,None,None,None,None,None,None,None,None,None,None,None,None,None,None,None,None,None,None,None,None,None,None,None,None,None,None,None,None,None,None,None,None,None,None,None,USD,None,None,None,None,None,None,None,None,None,None,None,None,None,None,None,None,None,None,0,None,None,None,nan,nan
17,2016-03-31,USD,0,0,0,0,0,0,11790000,0,0,0,16007000,None,0,0,0,None,None,None,0,0,0,0,0,0,0,0,None,USD,None,None,None,None,None,None,None,None,None,None,None,None,None,None,None,None,None,None,None,None,None,None,None,None,None,None,None,None,None,None,None,None,None,None,None,None,None,None,None,None,None,None,None,None,None,None,None,None,None,USD,None,None,None,None,None,None,None,None,None,None,None,None,None,None,None,None,None,None,0,None,None,None,nan,nan
18,2015-12-31,USD,0,61438000,50885000,-50885000,-61438000,-61422000,50885000,0,-61422000,0,61319000,None,-61438000,0,-1731000,None,None,None,0,0,0,0,16000,0,-61422000,-61422000,None,USD,66067000,1460000,None,218000,10800000,55267000,33000,10528000,None,-91445000,33000,None,1529000,29389000,10767000,None,None,-75000,10000,64528000,None,-46193000,34921000,None,None,None,239000,None,None,None,100000000,None,None,None,None,None,None,None,None,None,None,None,None,None,None,None,None,None,None,USD,-35015000,1567000,-35025000,None,106000000,108689000,8689000,10275000,-61422000,29389000,-44275000,None,119000,None,8689000,None,-5413000,6514000,10000,None,None,None,nan,nan
19,2015-09-30,USD,0,0,0,0,0,0,0,0,0,0,0,None,0,0,0,None,None,None,0,0,0,0,0,0,0,0,None,USD,None,None,None,None,None,None,None,None,None,None,None,None,None,None,None,None,None,None,None,None,None,None,None,None,None,None,None,None,None,None,None,None,None,None,None,None,None,None,None,None,None,None,None,None,None,None,None,None,None,USD,None,None,None,None,None,None,None,None,None,None,None,None,None,None,None,None,None,None,0,None,None,None,nan,nan
