,fiscalDateEnding,reportedCurrency_x,totalRevenue,totalOperatingExpense,costOfRevenue,grossProfit,ebit,netIncome_x,researchAndDevelopment,effectOfAccountingCharges,incomeBeforeTax,minorityInterest,sellingGeneralAdministrative,otherNonOperatingIncome,operatingIncome,otherOperatingExpense,interestExpense,taxProvision,interestIncome,netInterestIncome,extraordinaryItems,nonRecurring,otherItems,incomeTaxExpense,totalOtherIncomeExpense,discontinuedOperations,netIncomeFromContinuingOperations,netIncomeApplicableToCommonShares,preferredStockAndOtherAdjustments,reportedCurrency_y,totalAssets,intangibleAssets,earningAssets,otherCurrentAssets,totalLiabilities,totalShareholderEquity,deferredLongTermLiabilities,otherCurrentLiabilities,commonStock,retainedEarnings,otherLiabilities,goodwill,otherAssets,cash,totalCurrentLiabilities,shortTermDebt,currentLongTermDebt,otherShareholderEquity,propertyPlantEquipment,totalCurrentAssets,longTermInvestments,netTangibleAssets,shortTermInvestments,netReceivables,longTermDebt,inventory,accountsPayable,totalPermanentEquity,additionalPaidInCapital,commonStockTotalEquity,preferredStockTotalEquity,retainedEarningsTotalEquity,treasuryStock,accumulatedAmortization,otherNonCurrrentAssets,deferredLongTermAssetCharges,totalNonCurrentAssets,capitalLeaseObligations,totalLongTermDebt,otherNonCurrentLiabilities,totalNonCurrentLiabilities,negativeGoodwill,warrants,preferredStockRedeemable,capitalSurplus,liabilitiesAndShareholderEquity,cashAndShortTermInvestments,accumulatedDepreciation,commonStockSharesOutstanding,reportedCurrency,investments,changeInLiabilities,cashflowFromInvestment,otherCashflowFromInvestment,netBorrowings,cashflowFromFinancing,otherCashflowFromFinancing,changeInOperatingActivities,netIncome_y,changeInCash,operatingCashflow,otherOperatingCashflow,depreciation,dividendPayout,stockSaleAndPurchase,changeInInventory,changeInAccountReceivables,changeInNetIncome,capitalExpenditures,changeInReceivables,changeInExchangeRate,changeInCashAndCashEquivalents,clossingVal,nextClossingVal
0,2020-06-30,USD,-1888,3113672,377169,-379057,-3103618,-3628131,1916161,None,-3628131,None,811615,None,-3115560,None,None,0,29045,29045,None,None,None,None,-541616,None,-3628131,-3628131,None,USD,18677738,None,None,None,2705590,15972148,None,None,142330116,-126749797,None,None,115094,11446717,2705590,None,None,-21153,84725,18477919,None,15559166,6856805,2301,None,0,561578,None,None,None,None,None,None,None,115094,None,199819,80018,None,None,0,None,None,None,None,None,None,None,None,USD,-30534,567448,-30534,None,None,12580930,None,130559,-3628131,10634278,-1916118,None,11942,None,None,-448,342293,660219,0,None,None,None,3.48,
1,2020-03-31,USD,363515,3664126,172871,190644,-3465108,-3538536,2483057,None,-3538536,None,1172195,80465,-3545573,8874,None,0,46703,46703,None,None,None,None,-39666,None,-3538536,-3538536,None,USD,9121799,158597,None,339486,2304348,7235930,None,146070,129743689,-123121666,None,None,370757,812439,2179953,None,None,-223051,26678,8296430,None,6240375,6629434,321626,None,193445,2033883,None,None,129743689,418479,-123121666,None,None,640094,None,825369,270465,None,124395,124395,None,None,None,None,9121799,7441873,None,2915240,USD,2261901,505246,2261901,2261900,None,77,77,48240,-3538536,294995,-1966983,1275456,15770,None,80,1710,-278745,52116,0,-278745,None,294995,2.135,3.48
2,2019-12-31,USD,79585,1051486,346975,-267390,-1323406,-1339374,69986,None,-1339374,None,905020,-4530,-1318876,10002,None,0,20466,20466,None,66478,None,None,-107442,None,-1339374,-1339374,None,USD,10884935,170423,None,387231,1529765,9355170,None,None,128920414,-119583130,None,None,370124,517444,1529765,None,None,17886,33574,10310814,None,9184747,9164273,42881,None,198985,1529765,None,None,128920414,None,-119583130,None,None,370124,None,574121,None,None,None,0,None,None,None,None,10884935,9681717,None,1738837,USD,-6316088,156802,-6309838,6250,None,6965693,58,89955,-1339374,154150,-501705,-53334,19542,None,6965635,-32501,188019,539989,0,188019,None,154150,3.2,2.135
3,2019-09-30,USD,420812,1000791,285510,135302,-849922,-837026,57502,None,-837026,None,933288,15567,-865489,10001,None,0,22015,22015,None,None,None,None,6448,None,-837026,-837026,None,USD,4971158,213405,None,463869,1372963,3598195,None,None,121822267,-118243756,None,None,383441,363294,1372963,None,None,19684,58940,4315372,None,3384790,2845250,230900,None,412059,1372963,None,None,121822267,None,-118243756,None,None,383441,None,655786,None,None,None,0,None,None,None,None,4971158,3208544,None,12516458,USD,1077081,-244755,1077081,-100000,None,0,4817915,-287384,-837026,114855,-962226,-161717,19543,None,None,5760,34882,221087,0,34882,None,114855,0.44,3.2
4,2019-06-30,USD,464513,1066359,219864,244649,-793367,-794891,60909,None,-794891,None,995448,28343,-821710,10002,None,0,27581,27581,None,None,None,None,-762,None,-794891,-794891,None,USD,5931852,223407,None,169591,1617718,4314134,None,None,121699375,-117406730,None,None,390335,248439,1617718,None,None,21489,68481,5249629,None,4090727,4020498,266860,None,544241,1617718,None,None,121699375,None,-117406730,None,None,390335,None,682223,None,None,None,0,None,None,None,None,5931852,4268937,None,12508958,USD,469628,-462941,469628,-100000,None,0,4817915,127206,-794891,-391989,-861617,257692,19542,None,None,57059,57664,4258,0,57664,None,-391989,0.45,0.44
5,2019-03-31,USD,612123,1306188,245937,366186,-900204,-916958,88391,None,-916958,None,1132794,39798,-940002,10003,None,0,23040,31421,None,75000,None,None,-83377,None,-916958,-916958,None,USD,7042339,233409,None,283435,2076421,4965918,None,None,121574327,-116611839,None,None,768600,275522,2076421,None,None,3430,78021,5962306,None,4732509,4477525,324524,None,601300,2076421,None,None,121574327,None,-116611839,None,None,768603,None,1080033,None,None,None,0,None,None,None,None,7042339,4753047,None,12497708,USD,822502,107159,822502,822500,None,0,4817915,192002,-916958,73767,-748735,200511,15437,None,None,-16033,-152445,4247,0,-143098,None,73767,0.97,0.45
6,2018-12-31,USD,279405,4663779,461506,-182101,-3528601,-3837641,257634,0,-3837641,0,2024128,-599146,-2929455,-52983,0,None,None,None,0,2435000,0,0,-1441767,0,-3837641,-3837641,None,USD,7807253,243411,None,444435,1973500,5833753,None,None,121554547,-115694881,None,None,810258,181755,1973500,None,None,-25913,83456,6670128,None,5590342,5272998,185673,None,585267,1973500,None,None,121554547,None,-115694881,None,None,810258,None,1137125,None,None,None,None,None,None,None,None,7807253,5454753,None,12482708,USD,-426957,-327887,-426957,-100000,None,1950000,-50000,172890,-3837640,-1119663,-2642706,234190,61439,None,1950000,-4154,47067,877582,68214,68146,None,-1119663,1.13,0.97
7,2018-09-30,USD,557089,1288511,476453,80636,-3078317,-3083949,160867,0,-3083949,0,2032220,45983,-3124300,25424,0,None,None,None,0,-930000,0,0,-872296,0,-3083949,-3083949,None,USD,10020622,1002336,None,621091,2301386,7719236,0,1570000,119582020,-111857241,None,0,849504,1301418,2301386,None,None,-5543,258611,7910171,None,6716900,4866033,313654,0,807975,2301386,0,0,119582020,0,-111857241,0,None,849504,None,2110451,None,None,None,None,None,None,None,None,10020622,6167451,None,11779584,USD,3112743,449505,3082227,0,None,1950000,-50000,174384,-3083950,1025455,-2056772,366737,60144,0,3413311,20058,129395,1477,30516,129257,None,1025455,0.284,1.13
8,2018-06-30,USD,526601,2336972,302826,223775,-2056994,-2067453,253371,0,-2067453,0,2007989,56203,-2113197,75612,0,None,None,None,0,0,0,0,18662,0,-2067453,-2067453,None,USD,12646690,1045113,None,860626,1851881,10794809,0,811000,119580543,-108773291,None,0,784491,275963,1851881,None,None,-12443,245462,10571624,None,9749696,7977575,442911,0,1014549,1851881,0,0,119580543,0,-108773291,0,None,784491,None,2075066,None,None,None,None,None,None,None,None,12646690,8253538,None,94106292,USD,708212,472343,708341,0,None,1437875,-50000,-442899,-2067453,128696,-2017520,-436660,56451,0,1437875,-48425,-92725,-94258,129,-93518,None,128696,0.3872,0.284
9,2018-03-31,USD,302475,1898432,297500,4975,-1854241,-1859991,391381,0,-1859991,0,1383996,39216,-1893457,123055,0,None,None,None,0,0,0,0,1777,0,-1859991,-1859991,None,USD,12796783,1087890,None,417144,1379538,11417245,0,762000,118139926,-106705838,None,0,285867,647267,1379538,None,None,-16843,259265,11163761,None,10329355,8679010,446393,0,973947,1379538,0,0,118139926,0,-106705838,0,None,285867,None,1633022,None,None,None,None,None,None,None,None,12796783,9326277,None,86437624,USD,-3670291,-405499,-3708118,0,None,5717325,-50000,-122718,-1859991,208835,-1800372,-81588,59921,0,5717325,-50795,547773,2712,37827,534868,None,208835,0.8299,0.3872
10,2017-12-31,USD,938770,2658876,1533293,-594523,-3997578,-4021388,307654,0,-4021388,0,2234428,-744179,-3253399,116794,0,None,None,None,0,0,0,0,-749497,0,-4021388,-4021388,None,USD,9337890,1130667,None,396987,1785037,7552853,0,797000,110647169,-104845847,None,0,1327000,438432,1785037,None,None,-3469,235113,7775899,64091,4667186,5011607,981261,0,947612,1785037,0,0,110647169,1755000,-104845847,0,None,196211,None,1561991,None,None,None,None,None,None,None,None,9337890,5450039,None,44220552,USD,-5000165,114744,-5017481,0,None,6746334,-50000,121767,-4021378,303299,-1425554,2652265,72347,0,6746334,-8127,-781508,2772,17316,-238177,None,303299,0.134,0.8299
11,2017-09-30,USD,675831,1529880,323527,352304,-1177644,-1177644,290447,0,-1177644,0,1162328,-68,-1177576,77105,0,None,None,None,0,0,0,0,-5182,0,-1177644,-1177644,None,USD,5465472,1173444,None,480268,1670292,3795180,0,12500,104628437,-100824469,None,0,1303000,135133,1670292,None,None,-8788,242048,3920431,None,2621736,10178,1146845,0,2148007,1657792,0,0,104628437,0,-100824469,0,None,129549,None,1545041,None,None,None,None,None,None,None,None,5465472,145311,None,8901245,USD,-2665197,134741,999585,0,None,3714000,-1596263,25985,-1177653,-62042,-1061627,49784,77269,0,0,102374,275541,-41921,74382,-206221,None,-62042,0.81,0.134
12,2017-06-30,USD,1072861,1602932,290591,782270,-816052,-818008,290841,0,-818008,0,1184818,4610,-820662,127273,0,None,None,None,0,0,0,0,10188,0,-818008,-818008,None,USD,6499701,1216221,None,464965,1535552,4964149,0,680000,104624119,-99646816,None,0,1396000,197175,1535552,None,None,-13154,260756,4843228,None,3747928,1011625,940624,0,2228839,1535552,0,0,104624119,0,-99646816,0,None,179496,None,1656473,None,None,None,None,None,None,None,None,6499701,1208800,None,8901245,USD,2812160,176365,-873039,0,None,16700,-1596263,-22758,-818009,-1887907,-1031568,43286,60663,0,16700,-112982,79906,10528,53965,-391419,None,-1887907,1.25,0.81
13,2017-03-31,USD,667250,1770682,258721,408529,-1375036,-1349270,348442,0,-1349270,0,1347184,-12883,-1362153,75056,0,None,None,None,0,0,0,0,-8029,0,-1349270,-1349270,None,USD,7105800,1258998,None,362254,1359187,5746613,0,613000,104594633,-98828807,None,0,1519000,2085082,1359187,None,None,-19213,258225,5329128,None,4487615,157475,554585,0,2169732,1359187,0,0,104594633,0,-98828807,0,None,259449,None,1776672,None,None,None,None,None,None,None,None,7105800,2242557,None,8853745,USD,-106992,-338243,-123766,0,None,3697811,-1596263,96762,-1349270,2012382,-1561663,58614,60718,0,3697811,-100878,172513,45895,16774,61501,None,2012382,1.8,1.25
14,2016-12-31,USD,653205,1381831,369511,283694,-1100442,-1095832,256009,0,-1095832,0,929191,-2305,-1098137,196631,0,None,None,None,0,-1299609,0,0,1158559,0,-1095832,-1095832,None,USD,5085107,1301775,None,370777,1697430,3387677,0,592000,100891786,-97479537,None,0,1639000,72700,1697430,None,None,-24572,259392,3186944,64091,2085902,50001,656945,0,2036521,1697430,0,0,100891786,0,-97479537,0,None,336996,None,1898163,None,None,None,None,None,None,None,None,5085107,122701,None,5452545,USD,551617,388024,516339,0,None,10460845,-50000,166411,-1095831,-123160,-639499,-15542,39382,0,0,-126338,-138652,27977,35278,142829,None,-123160,1.9,1.8
15,2016-09-30,USD,613198,75236,236700,376498,292369,310155,247578,0,310155,0,1084490,-8893,301262,-1256832,0,None,None,None,0,0,0,0,43105,0,310155,310155,None,USD,5779906,1344552,None,308511,1309406,4470500,0,711000,100886637,-96383706,None,0,1687000,195860,1309406,None,None,-32431,245553,3846603,None,3125948,599942,799774,0,1942516,1309406,0,0,100886637,0,-96383706,0,None,343198,None,1933303,None,None,None,None,None,None,None,None,5779906,795802,None,5452545,USD,940797,-256296,934236,0,None,0,None,None,310154,-183671,-1117907,131220,132874,0,0,24726,-45063,-1299609,6561,-160976,None,-183671,3.3589,1.9
16,2016-06-30,USD,956486,1694440,276848,679638,-1020672,-1008932,321989,0,-1008932,0,1329674,-5870,-1014802,42777,0,None,None,None,0,0,0,0,-30812,0,-1008932,-1008932,None,USD,5684031,1387329,None,142034,1565702,4118329,0,731000,100848374,-96693860,None,0,1454000,379531,1565702,None,None,-36185,304255,3925634,None,2731000,1548029,638798,0,1217242,1565702,0,0,100848374,0,-96693860,0,None,66813,None,1758397,None,None,None,None,None,None,None,None,5684031,1927560,None,5452545,USD,892718,22529,895028,0,None,0,None,None,-2517861,199141,-695887,1532371,57427,0,0,-5084,747629,136983,2310,77748,None,199141,3.22,3.3589
17,2016-03-31,USD,738023,2054953,200028,537995,-1524987,-1508929,363292,0,-1508929,0,1648884,-8029,-1516958,42777,0,None,None,None,0,0,0,0,0,0,-1508929,-1508929,None,USD,6654197,1430106,None,138306,1543173,5111024,0,848000,100793649,-95684928,None,0,1497000,180390,1543173,None,None,2303,321215,4836063,None,3680918,2442467,862742,0,1212158,1543173,0,0,100793649,0,-95684928,0,None,66813,None,1818134,None,None,None,None,None,None,None,None,6654197,2622857,None,5425045,USD,1581958,-125558,1498186,0,None,0,None,None,0,-221669,-1719855,-1453027,56479,0,0,-80504,0,9213,83772,-126458,None,-221669,1.68,3.22
18,2015-12-31,USD,468608,4122714,205474,263134,-3949620,-3576992,403450,0,-3576992,0,3676487,-90040,-3859580,42777,0,None,None,None,0,2630085,0,269344,-1665112,0,-3846336,-3576992,None,USD,8271909,1472883,None,185967,1668731,6603178,0,1131000,100785408,-94175999,None,0,1540000,402059,1668731,None,None,-6231,251145,6481068,64091,5130295,4025104,736284,0,1131654,1668731,0,0,100785408,0,-94175999,0,None,66813,None,1790841,None,None,None,None,None,None,None,None,8271909,4427163,None,5425045,USD,1193238,412438,1140541,6000,None,10460845,-50000,45241,-9311913,8687,-1131854,-3196225,58483,0,0,-176491,636000,1295421,52697,474520,None,8687,1.21,1.68
19,2015-09-30,USD,169473,2336933,177952,-8479,-2363931,-2326893,319646,0,-2326893,0,1486168,-18519,-2345412,531119,0,None,None,None,0,0,0,0,0,0,-2326893,-2326893,None,USD,11054522,1515660,None,169722,1256293,9798229,0,851000,100388396,-90599007,None,0,2583000,393372,1256293,None,None,8840,214154,8257337,1000558,8282569,5229225,1509855,0,955163,1256293,0,0,100388396,0,-90599007,0,None,66813,None,2797185,None,None,None,None,None,None,None,None,11054522,5622597,None,5144837,USD,1184546,91314,1168801,6000,None,0,None,None,0,132138,-1036663,-1853110,80581,0,0,-133175,161000,1736164,15745,769563,None,132138,3.15,1.21
