,fiscalDateEnding,reportedCurrency_x,totalRevenue,totalOperatingExpense,costOfRevenue,grossProfit,ebit,netIncome_x,researchAndDevelopment,effectOfAccountingCharges,incomeBeforeTax,minorityInterest,sellingGeneralAdministrative,otherNonOperatingIncome,operatingIncome,otherOperatingExpense,interestExpense,taxProvision,interestIncome,netInterestIncome,extraordinaryItems,nonRecurring,otherItems,incomeTaxExpense,totalOtherIncomeExpense,discontinuedOperations,netIncomeFromContinuingOperations,netIncomeApplicableToCommonShares,preferredStockAndOtherAdjustments,reportedCurrency_y,totalAssets,intangibleAssets,earningAssets,otherCurrentAssets,totalLiabilities,totalShareholderEquity,deferredLongTermLiabilities,otherCurrentLiabilities,commonStock,retainedEarnings,otherLiabilities,goodwill,otherAssets,cash,totalCurrentLiabilities,shortTermDebt,currentLongTermDebt,otherShareholderEquity,propertyPlantEquipment,totalCurrentAssets,longTermInvestments,netTangibleAssets,shortTermInvestments,netReceivables,longTermDebt,inventory,accountsPayable,totalPermanentEquity,additionalPaidInCapital,commonStockTotalEquity,preferredStockTotalEquity,retainedEarningsTotalEquity,treasuryStock,accumulatedAmortization,otherNonCurrrentAssets,deferredLongTermAssetCharges,totalNonCurrentAssets,capitalLeaseObligations,totalLongTermDebt,otherNonCurrentLiabilities,totalNonCurrentLiabilities,negativeGoodwill,warrants,preferredStockRedeemable,capitalSurplus,liabilitiesAndShareholderEquity,cashAndShortTermInvestments,accumulatedDepreciation,commonStockSharesOutstanding,reportedCurrency,investments,changeInLiabilities,cashflowFromInvestment,otherCashflowFromInvestment,netBorrowings,cashflowFromFinancing,otherCashflowFromFinancing,changeInOperatingActivities,netIncome_y,changeInCash,operatingCashflow,otherOperatingCashflow,depreciation,dividendPayout,stockSaleAndPurchase,changeInInventory,changeInAccountReceivables,changeInNetIncome,capitalExpenditures,changeInReceivables,changeInExchangeRate,changeInCashAndCashEquivalents,clossingVal,nextClossingVal
0,2020-06-30,USD,0,7105878,None,None,-7034168,-7520216,4885875,None,-7520216,None,2220003,71710,-7105878,None,486048,0,71710,-414338,None,None,None,None,None,None,-7520216,-7520216,None,USD,71627295,None,None,65921551,18837629,52789666,None,116124,32997,-216750375,None,None,None,60688834,4920449,894042,894042,4754,101695,71422526,None,52789666,5500975,None,13917180,None,3910283,None,None,32997,None,-216750375,None,None,103074,None,204769,116124,13917180,None,13917180,None,None,None,269502290,71627295,5500975,None,32997346,USD,17300000,-860455,17300000,None,None,12424917,None,-1138939,-7520216,22145863,-7579054,-1134692,193920,None,12424917,None,None,1742389,0,None,None,22145863,4.17,
1,2020-03-31,USD,0,9638444,None,None,-9428344,-9868160,6633603,None,-9868160,None,3004841,210100,-9638444,None,439816,0,210100,-229716,None,None,None,None,None,None,-9868160,-9868160,None,USD,63029099,None,None,39918100,19556579,43472520,None,172241,29507,-209230159,None,None,None,38542971,4886862,None,None,57594,124750,62751683,None,43472520,22833583,None,14669717,None,4714621,None,None,29507,None,-209230159,None,None,152666,None,277416,172241,14669717,None,14669717,None,None,None,252615578,63029099,22833583,None,29506829,USD,6223910,-8020890,6223910,6223910,None,3252983,69890,-7856164,-9868160,-5882859,-15359752,429321,146325,None,3252983,None,None,8553652,0,None,None,-5882859,2.47,4.17
2,2019-12-31,USD,0,12895515,None,None,-12616543,-13160624,9614431,None,-13160624,None,3213931,278972,-12895515,None,544081,0,278971,-265109,None,67153,None,None,-67152,None,-13160624,-13160624,None,USD,75518281,None,None,46230280,27435964,48082317,None,226328,28657,-199361999,None,None,None,44425830,12907752,None,None,5866,148449,75168825,None,48082317,28938545,28000000,14528212,None,12681424,None,None,28657,None,-199361999,None,None,201007,None,349456,226328,14528212,None,14528212,None,None,None,247409793,75518281,28938545,None,28656832,USD,-4262530,673188,-4285156,-22626,None,8333106,71660,-421444,-13160623,-7178373,-11226323,-858693,103892,None,8333106,None,None,2015913,9530,None,None,-7178373,5.81,2.47
3,2019-09-30,USD,0,19016189,None,None,-18685860,-18715014,16223972,None,-18715014,None,2839319,330329,-19016189,None,29154,0,330329,301175,None,-47102,None,None,47102,None,-18715014,-18715014,None,USD,77440999,None,None,52453290,26561705,50879294,None,218953,27152,-186201376,None,None,None,51604203,12116279,None,None,5766,172470,77020364,None,50879294,24567074,26000000,14386706,None,11897326,None,None,27152,None,-186201376,None,None,248165,None,420635,277673,14386706,58720,14445426,None,None,None,237047752,77440999,24567074,None,27151775,USD,5605799,5831728,5675527,69728,14728470,14844158,278470,10500003,-18715015,12204639,-8315046,2542368,-79964,None,115688,None,None,2105837,9530,None,None,12204639,5.27,5.81
4,2019-06-30,USD,0,13731424,None,None,-13298516,-13327165,10664858,None,-13327165,None,3116414,432908,-13731424,None,28649,0,432908,404259,None,-49848,None,None,49848,None,-13327165,-13327165,None,USD,73839014,None,None,42798494,6505644,67333370,492448,211744,26987,-167486361,None,None,492448,39399564,6389520,None,None,13453,196491,72855902,None,67333370,30057408,32000000,None,None,6177776,None,None,26987,None,-167486361,None,None,786621,None,983112,327868,None,116124,116124,None,None,None,234779291,73839014,30057408,None,26986936,USD,7926630,-2904001,7922026,69728,-1656,-9138,-1656,-100172,-13327165,-4897991,-12810879,1488737,-113565,None,-7482,None,None,2045115,4604,None,None,-4897991,6.0,5.27
5,2019-03-31,USD,0,17431179,None,None,-16932039,-15624028,7848590,None,-16934001,None,2985038,499140,-17431179,None,1962,-1309970,497180,497178,None,6597551,None,-1309973,-6597551,None,-15624028,-15624028,None,USD,88128123,None,None,49169622,9648353,78479770,538038,221112,26910,-154159196,None,None,538040,44297560,9491545,221112,221112,6812,215908,86996257,None,78479770,37826635,39000000,156808,None,9270433,None,None,26910,None,-154159196,None,None,915958,None,1131866,377920,None,156808,156808,None,None,None,232605244,88128123,37826635,None,26910355,USD,8607017,-405584,9164454,562362,-400000,407607,-400000,-4391343,-15624028,-3059917,-12631978,-3626841,-149192,None,807607,None,None,7173667,4925,None,None,-3059917,9.03,6.0
6,2018-12-31,USD,0,11094975,0,0,-10569638,-10633182,8549105,0,-10633182,0,2545870,525337,-11094975,0,63544,None,None,None,0,0,0,0,461793,0,-10633182,-10633182,None,USD,95091155,None,None,48527066,8473176,86617979,86644,None,26244,-138535168,None,None,86644,3357472,8473176,None,None,-9224,235225,94769286,None,86617979,46242220,44000000,None,None,8473176,None,None,26244,None,-138535168,None,None,None,None,86644,None,None,None,None,None,None,None,225136127,95091155,46242220,None,26244435,USD,-28957778,1198125,-28972362,562362,-1395833,66289357,43000,2122889,-10633184,29348820,-7968175,532939,-83989,None,67642190,None,None,1017934,14584,None,None,29348820,8.3,9.03
7,2018-09-30,USD,0,10946734,0,0,-10783719,-10812565,7880822,0,-10812565,0,3065912,163015,-10946734,0,28846,None,None,None,0,0,0,0,134169,0,-10812565,-10812565,None,USD,37131593,0,None,1702533,8536526,28595067,43000,3746000,20989,-127901984,None,0,43000,18008652,7653685,465278,465278,-5196,243483,36845110,None,28595067,17133925,11000000,882841,0,7188407,0,0,20989,0,-127901984,0,None,None,None,43000,None,882841,None,882841,None,None,None,156481258,37131593,35142577,None,20989302,USD,26317,2227211,-21302,562362,-1395833,1112952,-43000,-722662,-10812565,-6597022,-7688672,-309628,-67410,0,1155952,0,0,1273720,47619,None,None,-6597022,13.8,8.3
8,2018-06-30,USD,0,9166033,0,0,-9024077,-9050435,6792974,0,-9050435,0,2373059,141956,-9166033,0,26358,None,None,None,0,0,0,0,115598,0,-9050435,-9050435,None,USD,43286042,0,None,1392905,6305445,36980597,0,4159000,20842,-117089419,None,0,0,24605674,5310154,348958,348958,-2559,214743,43071299,None,36980597,17072720,17000000,995291,0,4961196,0,0,20842,0,-117089419,0,None,None,None,214743,None,995291,None,995291,None,None,None,154051733,43286042,41678394,None,20842198,USD,918364,1526879,856607,562362,-1395833,9031217,-43000,2617636,-9050433,3642133,-6245691,273993,19086,0,9031217,0,0,984784,61757,None,None,3642133,7.95,13.8
9,2018-03-31,USD,0,8491409,0,0,-8369019,-8397063,6600106,0,-8397063,0,1891303,122390,-8491409,0,28044,None,None,None,0,0,0,0,94346,0,-8397063,-8397063,None,USD,40775901,0,None,1666898,4774697,36001204,0,1815000,19665,-108038985,None,0,0,20963541,3666956,232639,232639,-16385,170862,40605039,None,36001204,17974600,None,1107741,0,3434317,0,0,19665,0,-108038985,0,None,None,None,170862,None,1107741,None,1107741,None,None,None,144036909,40775901,38938141,None,19664921,USD,4940487,196889,4801481,0,-1395833,4093316,-43000,-1068968,-8397063,940204,-7954593,-647931,25097,0,4093316,0,0,868415,139006,None,None,940204,7.5,7.95
10,2017-12-31,USD,0,7046534,0,0,-6921934,-6954509,5545288,0,-6954509,0,1501246,124600,-7046534,0,32575,None,None,None,0,0,0,0,140647,0,-6954509,-6954509,None,USD,44174958,0,None,1018967,4573939,39601019,165930,2237000,19138,-99641923,None,0,166000,20023337,3353747,116319,116319,-17831,43262,43965766,None,39601019,22923462,18000000,1220192,0,3237428,0,0,19138,0,-99641923,0,None,None,None,165930,None,1220192,None,1220192,None,None,None,139241635,44174958,42946799,None,19137639,USD,-8096808,1244703,-8109975,0,-1395833,47980,-27269,-510071,-6954510,-13080512,-5018517,122760,-23642,0,75249,0,0,592172,13167,None,None,-13080512,6.8,7.5
11,2017-09-30,USD,0,5015272,0,0,-4958621,-4986199,3539368,0,-4986199,0,1475904,56651,-5015272,0,27578,None,None,None,0,0,0,0,-9989,0,-4986199,-4986199,None,USD,49229420,0,None,1141727,3324483,45904937,0,1507000,19118,-92687413,None,0,138000,33103849,2419230,426505,426505,-1002,38017,49052742,None,45904937,14807166,None,905253,0,1992725,0,0,19118,0,-92687413,0,None,None,None,138661,None,905253,None,905253,None,None,None,138574234,49229420,47911015,None,19117676,USD,-3627932,191139,-3627932,0,None,26827643,-60719,-151691,-4986198,18494107,-4705604,-620244,50360,0,26888362,0,0,659339,12000,None,None,18494107,7.2,6.8
12,2017-06-30,USD,0,5330681,0,0,-5282297,-5308760,3848889,0,-5308760,0,1481792,48384,-5330681,0,26463,None,None,None,0,0,0,0,12361,0,-5308760,-5308760,None,USD,26467944,0,None,521483,3128148,23339796,0,1039000,15150,-87701215,None,0,78000,14609742,2111771,310185,1326562,-4640,47981,26342021,None,23339796,11210796,None,1016377,0,1801586,0,0,15150,0,-87701215,0,None,None,None,77942,None,1016377,None,1016377,None,None,None,111030501,26467944,25820538,None,15150176,USD,648524,-413658,648524,0,None,-29734,-77942,-742217,-5308760,-4693108,-5311898,-260800,66086,0,48208,0,0,605234,12000,None,None,-4693108,4.65,7.2
13,2017-03-31,USD,0,5095901,0,0,-5064284,-5091121,3369023,0,-5091121,0,1726878,31617,-5095901,0,26837,None,None,None,0,0,0,0,4780,0,-5091121,-5091121,None,USD,31531617,0,None,260683,3536610,27995007,0,1520000,15132,-82392455,None,0,0,19302850,2409110,193866,193866,-4747,58284,31473333,None,27995007,11909800,None,1127500,0,2215244,0,0,15132,0,-82392455,0,None,None,None,58284,None,1127500,None,1127500,None,None,None,110377077,31531617,31212650,None,15131880,USD,903133,-6448,891541,0,None,10583091,-77942,-42001,-5091121,7287789,-4186843,-42001,94631,0,10583091,0,0,858096,11592,None,None,7287789,5.0,4.65
14,2016-12-31,USD,0,4655747,0,0,-4628172,-4654175,3449959,0,-4654175,0,1205788,27575,-4655747,0,26003,None,None,None,0,0,0,0,-10476,0,-4654175,-4654175,None,USD,25187679,0,None,218682,3537862,21649817,0,1946000,12576,-77301334,None,0,0,12015061,2299238,77546,77546,129,56352,25131327,None,21649817,12897584,None,1238624,0,2221692,0,0,12576,0,-77301334,0,None,None,None,56352,None,1238624,None,1238624,None,None,None,98938446,25187679,24912645,None,12576325,USD,1319947,11540,1319947,0,-1395833,36068,12702705,1038692,-4651429,-2553447,-3909462,31524,98864,0,0,0,0,600039,12000,None,None,-2553447,5.35,5.0
15,2016-09-30,USD,0,4776445,0,0,-4748653,-4775307,3379711,0,-4775307,0,1396734,27792,-4776445,0,26654,None,None,None,0,0,0,0,12554,0,-4775307,-4775307,None,USD,29191477,0,None,250206,3519939,25671538,0,1476000,12569,-72649905,None,0,0,14568508,2636657,426505,None,6528,65690,29125787,None,25671538,14307073,None,883282,0,2210152,0,0,12569,0,-72649905,0,None,None,None,65690,None,883282,None,883282,None,None,None,98302346,29191477,28875581,None,12568563,USD,566662,302260,566662,0,None,-102108,None,None,-4778052,-3039014,-3503568,9881,85316,0,-65872,0,0,877027,12000,None,None,-3039014,7.82,5.35
16,2016-06-30,USD,0,4296750,0,0,-4274799,-4302616,2834523,0,-4302616,0,1462227,21951,-4296750,0,27817,None,None,None,0,0,0,0,-5234,0,-4302616,-4302616,None,USD,32883548,0,None,260087,3365824,29517724,0,155122,12473,-67871854,None,0,0,17607522,2373199,310185,None,4703,75027,32808521,None,29517724,14940912,None,992625,0,1907892,0,0,12473,0,-67871854,0,None,None,None,75027,None,992625,None,992625,None,None,None,97372402,32883548,32548434,None,12472521,USD,-2100033,297196,-2102609,0,None,12814731,45986,None,-4302617,7458998,-3253124,-51234,129952,0,12768745,0,0,673579,21044,None,None,7458998,5.69,7.82
17,2016-03-31,USD,0,4967036,0,0,-4942317,-4967352,3511477,0,-4967352,0,1455559,24719,-4967036,0,25035,None,None,None,0,0,0,0,-316,0,-4967352,-4967352,None,USD,23436766,0,None,283509,2909739,20527027,0,1036000,9713,-63569236,None,0,46000,10148524,1807771,193866,None,1800,81466,23309314,None,20527027,12877281,None,1101968,0,1613905,0,0,9713,0,-63569236,0,None,None,None,45986,None,1101968,None,1101968,None,None,None,84084750,23436766,23025805,None,9712521,USD,None,-426893,-9234,0,None,-9750,-9750,None,-4967352,-4500342,-4481358,288699,15080,0,0,0,0,609108,9234,None,None,-4500342,4.19,5.69
18,2015-12-31,USD,0,4338990,0,0,-4327864,-4355855,3112457,0,-4355855,0,1226533,11126,-4338990,0,27991,None,None,None,0,0,0,0,-73100,0,-4355855,-4355855,None,USD,28204764,0,None,497552,3326445,24878319,36236,1186000,9713,-58601884,None,0,36000,14648866,2115135,77546,77546,-8361,80334,28088194,None,24878319,12941776,None,1211310,0,2037589,0,0,9713,0,-58601884,0,None,None,None,36236,None,1211310,None,1211310,None,None,None,83478851,28204764,27590642,None,9712521,USD,-12950137,677881,-12950137,0,-1395833,-36237,-36236,26959,-4355856,-15969499,-2983125,131781,15897,0,-1,0,0,547172,172238,None,None,-15969499,6.78,4.19
19,2015-09-30,USD,0,3337606,0,0,-3337606,-3365687,2076410,0,-3365687,0,1261196,None,-3337606,0,28081,None,None,None,0,0,0,0,130,0,-3365687,-3365687,None,USD,31350399,0,None,607335,2655036,28695363,0,630000,9712,-54246028,None,0,36000,30618365,1373948,None,None,None,88463,31225700,None,28695363,0,None,1281088,0,1373948,0,0,9712,0,-54246028,0,None,None,None,36236,None,1281088,None,1281088,None,None,None,82931679,31350399,30618365,None,9712521,USD,None,292961,-54243,0,None,-14238,None,None,-3365686,-2951419,-2882938,-362483,16001,0,-14238,0,0,536269,54243,None,None,-2951419,5.83,6.78
