,fiscalDateEnding,reportedCurrency_x,totalRevenue,totalOperatingExpense,costOfRevenue,grossProfit,ebit,netIncome_x,researchAndDevelopment,effectOfAccountingCharges,incomeBeforeTax,minorityInterest,sellingGeneralAdministrative,otherNonOperatingIncome,operatingIncome,otherOperatingExpense,interestExpense,taxProvision,interestIncome,netInterestIncome,extraordinaryItems,nonRecurring,otherItems,incomeTaxExpense,totalOtherIncomeExpense,discontinuedOperations,netIncomeFromContinuingOperations,netIncomeApplicableToCommonShares,preferredStockAndOtherAdjustments,reportedCurrency_y,totalAssets,intangibleAssets,earningAssets,otherCurrentAssets,totalLiabilities,totalShareholderEquity,deferredLongTermLiabilities,otherCurrentLiabilities,commonStock,retainedEarnings,otherLiabilities,goodwill,otherAssets,cash,totalCurrentLiabilities,shortTermDebt,currentLongTermDebt,otherShareholderEquity,propertyPlantEquipment,totalCurrentAssets,longTermInvestments,netTangibleAssets,shortTermInvestments,netReceivables,longTermDebt,inventory,accountsPayable,totalPermanentEquity,additionalPaidInCapital,commonStockTotalEquity,preferredStockTotalEquity,retainedEarningsTotalEquity,treasuryStock,accumulatedAmortization,otherNonCurrrentAssets,deferredLongTermAssetCharges,totalNonCurrentAssets,capitalLeaseObligations,totalLongTermDebt,otherNonCurrentLiabilities,totalNonCurrentLiabilities,negativeGoodwill,warrants,preferredStockRedeemable,capitalSurplus,liabilitiesAndShareholderEquity,cashAndShortTermInvestments,accumulatedDepreciation,commonStockSharesOutstanding,reportedCurrency,investments,changeInLiabilities,cashflowFromInvestment,otherCashflowFromInvestment,netBorrowings,cashflowFromFinancing,otherCashflowFromFinancing,changeInOperatingActivities,netIncome_y,changeInCash,operatingCashflow,otherOperatingCashflow,depreciation,dividendPayout,stockSaleAndPurchase,changeInInventory,changeInAccountReceivables,changeInNetIncome,capitalExpenditures,changeInReceivables,changeInExchangeRate,changeInCashAndCashEquivalents,clossingVal,nextClossingVal
0,2020-06-30,USD,352314000,425314000,127986000,224328000,-49455000,-40602000,40361000,None,-73493000,None,256967000,-493000,-73000000,None,None,-32891000,473000,473000,None,None,None,-32891000,-966000,None,-40602000,-40602000,None,USD,4025857000,127675000,None,140295000,1180812000,2845045000,None,601831000,8000,1917441000,188601000,415536000,1593773000,404359000,941592000,None,None,9101000,737529000,1149244000,None,2301834000,0,473314000,None,131276000,94987000,None,None,8000,None,1917441000,None,None,27580000,None,2876613000,71479000,None,73344000,239220000,None,None,None,918495000,4025857000,404359000,None,78781000,USD,-448537000,41952000,-448537000,6668000,None,-1643000,-1643000,-31283000,-40602000,-386445000,59900000,12675000,23545000,None,0,-10902000,50884000,25953000,34417000,50884000,3835000,-386445000,274.44,
1,2020-03-31,USD,550963000,481045000,156607000,394356000,90656000,1518131000,41532000,None,53355000,None,282906000,-16563000,69918000,None,None,-1464776000,1986000,1986000,None,None,None,-1464776000,-18549000,None,1518131000,1518131000,None,USD,3964840000,10467000,None,131848000,1111851000,2852989000,None,578537000,8000,1958043000,147420000,63284000,1577707000,790696000,910686000,None,None,-193000,733857000,1576525000,None,2779238000,0,533004000,None,120977000,72690000,None,None,8000,None,1958043000,None,None,29566000,None,2388315000,73970000,None,38292000,201165000,None,None,None,895131000,3964840000,790696000,None,78759000,USD,276211000,10858000,276211000,6179000,None,-34733000,-45395000,-106347000,1518131000,240255000,9784000,-28798000,20738000,None,0,-10496000,13761000,-1443215000,46085000,13761000,-11007000,240255000,173.95,274.44
2,2019-12-31,USD,649787000,498637000,177829000,471958000,172946000,121262000,41327000,None,155797000,None,279481000,4647000,151150000,None,None,34535000,2906000,2906000,None,None,None,34535000,1741000,None,121262000,121262000,None,USD,2500702000,11768000,None,102450000,1154533000,1346169000,None,563762000,8000,439912000,140100000,63924000,97730000,550425000,970970000,None,None,-688000,687974000,1633419000,0,1270477000,318202000,550291000,None,112051000,87250000,None,None,8000,None,439912000,None,None,39610000,64007000,867283000,59200000,None,37306000,183563000,None,None,None,906937000,2500702000,868627000,None,78433000,USD,-60111000,71759000,-60111000,7993000,45773000,-102377000,-485540000,12448000,121262000,60069000,218177000,-15803000,21796000,None,-100495000,-17494000,-25448000,26768000,42550000,-25448000,4380000,60069000,279.04,173.95
3,2019-09-30,USD,607341000,486981000,169787000,437554000,131385000,102524000,39680000,None,128419000,None,277514000,1267000,120360000,None,None,25895000,3478000,3478000,None,-6792000,None,25895000,4581000,None,102524000,102524000,None,USD,2350380000,13257000,None,96595000,1044831000,1305549000,None,520712000,8000,415159000,131322000,63755000,101398000,490362000,870144000,None,None,-1927000,660504000,1505579000,0,1228537000,292011000,531816000,None,94795000,63300000,None,None,8000,None,415159000,None,None,44135000,63150000,844801000,57071000,None,29408000,174687000,None,None,None,892309000,2350380000,782373000,None,78809000,USD,30687000,42394000,30687000,7027000,45773000,-194782000,-485540000,63891000,102524000,66872000,234532000,47723000,11025000,None,-200000000,-14094000,-6511000,31486000,26559000,-6511000,-3565000,66872000,180.92,279.04
4,2019-06-30,USD,600697000,475207000,168408000,432289000,148981000,147142000,38851000,None,193847000,None,267948000,13773000,125490000,None,None,43121000,3465000,3465000,None,-51000000,None,43121000,64892000,None,147142000,147142000,None,USD,2346017000,78852000,None,135234000,972335000,1373682000,None,481462000,8000,501275000,124149000,64023000,102055000,423500000,789046000,None,None,-1876000,599611000,1457374000,44969000,1294830000,297422000,520094000,59140000,81124000,61950000,None,None,8000,None,501275000,None,None,48892000,59050000,888643000,75284000,None,25967000,183289000,None,None,None,874275000,2346017000,720922000,None,79865000,USD,-246602000,64361000,-246602000,-12135000,-45773000,-95619000,-46120000,-7412000,147142000,-164489000,177354000,-13916000,23491000,None,-49504000,-13401000,-46312000,15989000,45337000,-46312000,378000,-164489000,273.7,180.92
5,2019-03-31,USD,548971000,314395000,146875000,402096000,80644000,71848000,37503000,None,84588000,None,247110000,-7057000,87701000,None,None,8796000,2633000,2633000,None,29782000,None,8796000,-35528000,None,75792000,71848000,None,USD,2234430000,80329000,None,158802000,978726000,1255704000,10747000,489618000,8000,402021000,114535000,64007000,77450000,588001000,804884000,15592000,15592000,-2281000,575267000,1439113000,5887000,1175375000,144540000,479281000,59307000,68489000,315266000,None,None,8000,None,402021000,None,None,82570000,57151000,795317000,130999000,None,173842000,173842000,None,None,None,855956000,2234430000,732541000,None,80000000,USD,-36790000,43589000,-74418000,-2367000,-45773000,-92762000,-52371000,-40216000,71848000,-49973000,117207000,-31058000,22678000,None,-40391000,-13280000,-42743000,66173000,35261000,-42743000,1089000,-48884000,284.33,273.7
6,2018-12-31,USD,534020000,262623000,150924000,383096000,119909000,97392000,35804000,0,121992000,0,226819000,-564000,120473000,0,0,None,None,None,0,0,0,22517000,-564000,0,99475000,97392000,None,USD,2052458000,81949000,None,72470000,799567000,1252891000,9185000,393138000,8000,378143000,107494000,64029000,81814000,636899000,692073000,None,None,-2774000,521329000,1302479000,55025000,1170942000,98460000,439009000,None,55641000,298935000,None,None,8000,None,378143000,None,None,26987000,64689000,749979000,None,None,107494000,107494000,None,None,None,877514000,2052458000,735359000,None,79778000,USD,80066000,105916000,30948000,5161000,-45773000,-54283000,-4311000,100339000,97392000,217960000,241295000,38653000,16542000,None,-49972000,-6917000,-19381000,9090000,54279000,-19381000,-1843000,216117000,209.43,284.33
7,2018-09-30,USD,505289000,246573000,133508000,371781000,125473000,100872000,32700000,0,126605000,0,213873000,265000,125208000,0,0,None,None,None,0,0,0,24601000,265000,0,102004000,100872000,None,USD,1928405000,83607000,None,149891000,735422000,1192983000,8651000,356109000,8000,328432000,117213000,64072000,63037000,420860000,618209000,None,None,-728000,491630000,1224182000,56087000,1109376000,184297000,420276000,0,48858000,262100000,0,0,8000,0,328432000,0,None,25464000,47435000,704223000,None,None,117213000,117213000,None,None,None,865271000,1928405000,605157000,None,79983000,USD,-19222000,41336000,-78024000,-5064000,-45773000,-144406000,-2426000,-10403000,100872000,-126165000,96265000,-38409000,14119000,0,-141980000,-1606000,-45577000,25530000,53738000,-45577000,-967000,-127132000,391.22,209.43
8,2018-06-30,USD,490259000,242891000,124677000,365582000,113808000,106105000,30804000,0,117509000,0,212087000,-8883000,122691000,0,0,None,None,None,0,0,0,7703000,-8883000,0,109806000,106105000,None,USD,1916589000,85307000,None,126754000,697630000,1218959000,7947000,321148000,8000,373441000,130984000,64180000,60299000,547993000,566646000,None,None,911000,447933000,1260999000,57161000,1133652000,164629000,374371000,0,47252000,245498000,0,0,8000,0,373441000,0,None,19302000,45859000,655562000,None,None,130984000,130984000,None,None,None,844599000,1916589000,712622000,None,80313000,USD,2245000,10111000,-55266000,206000,None,-30923000,-31488000,-11469000,106105000,53600000,139789000,6507000,12632000,0,565000,-11584000,-8240000,24258000,57717000,-8240000,-3638000,49962000,342.14,391.22
9,2018-03-31,USD,436924000,229216000,109516000,327408000,98768000,95866000,29591000,0,100545000,0,199625000,576000,98192000,0,0,None,None,None,0,0,0,2902000,576000,0,97643000,95866000,None,USD,1782731000,87629000,None,108708000,655271000,1127460000,7681000,296011000,8000,267336000,137286000,64621000,213427000,498003000,517985000,None,None,1484000,400528000,1168776000,63041000,1039831000,164740000,361459000,0,35866000,221974000,0,0,8000,0,267336000,0,None,17233000,45524000,613955000,None,None,137286000,137286000,None,None,None,858632000,1782731000,662743000,None,80144000,USD,166385000,3783000,109269000,462000,None,-139822000,-47842000,-51339000,95866000,46779000,77332000,-15873000,11434000,0,-91980000,-4002000,-36026000,22150000,57578000,-36026000,1715000,48494000,251.13,342.14
10,2017-12-31,USD,421323000,208311000,103406000,317917000,113918000,10264000,26170000,0,112187000,0,182141000,4312000,109606000,0,0,None,None,None,0,0,0,103654000,4219000,0,8533000,10264000,None,USD,1777856000,89068000,None,80948000,627486000,1150370000,0,266842000,8000,263356000,128878000,64614000,272060000,449511000,497816000,None,None,571000,348793000,1157003000,94554000,1061302000,272031000,322825000,0,31688000,230974000,0,0,8000,0,263356000,0,None,38379000,50059000,620853000,None,None,129670000,129670000,None,None,None,886435000,1777856000,721542000,None,80040000,USD,49682000,104617000,-19693000,170000,None,-56464000,-7075000,15566000,10264000,86169000,162326000,-2821000,11024000,0,-49389000,5228000,-90990000,40567000,69545000,-6553000,729000,86898000,222.19,251.13
11,2017-09-30,USD,385267000,193725000,92779000,292488000,100899000,82555000,24201000,0,102513000,0,169524000,2136000,98763000,0,0,None,None,None,0,0,0,18344000,538000,0,84169000,82555000,None,USD,1697623000,90070000,None,63667000,515665000,1181958000,0,241576000,8000,301117000,54296000,90070000,300719000,362613000,461369000,None,None,788000,295901000,1101003000,111717000,1091888000,316454000,321328000,0,36941000,219793000,0,0,8000,0,301117000,0,None,25400000,73532000,596620000,None,None,54296000,54296000,None,None,None,880045000,1697623000,679067000,None,80176000,USD,-72134000,57776000,-120066000,173000,None,5204000,13875000,28112000,82555000,3263000,118125000,-6236000,9972000,0,-8671000,-2093000,84437000,8550000,48105000,-32399000,1168000,4431000,186.27,222.19
12,2017-06-30,USD,356482000,187348000,85565000,270917000,84566000,69179000,24384000,0,86781000,0,162964000,997000,83569000,0,0,None,None,None,0,0,0,15387000,1567000,0,71394000,69179000,None,USD,1551187000,91308000,None,74427000,472899000,1078288000,0,220005000,8000,232876000,48103000,91308000,292426000,358182000,424796000,None,None,-156000,255539000,1003222000,116343000,986980000,243786000,291694000,0,35133000,204791000,0,0,8000,0,232876000,0,None,22992000,61783000,547965000,None,None,48103000,48103000,None,None,None,845560000,1551187000,601968000,None,80144000,USD,57310000,41129000,36744000,-2090000,None,-51239000,-16472000,25264000,69179000,95972000,110467000,915000,8876000,0,-34767000,-693000,52038000,18574000,18476000,-27513000,1183000,97155000,150.12,186.27
13,2017-03-31,USD,310341000,173952000,74716000,235625000,62197000,69420000,22804000,0,63318000,0,151148000,524000,61673000,0,0,None,None,None,0,0,0,-7223000,1645000,0,70541000,69420000,None,USD,1459293000,92447000,None,70279000,414418000,1044875000,0,202895000,8000,196157000,48864000,92447000,309434000,261027000,365554000,None,None,-1382000,231692000,918167000,142514000,952428000,284559000,267128000,0,35174000,162659000,0,0,8000,0,196157000,0,None,14405000,60068000,541126000,None,None,48864000,48864000,None,None,None,850092000,1459293000,545586000,None,80324000,USD,-79090000,-22492000,-145298000,-6639000,None,-33001000,-36496000,-527000,69420000,-130678000,47621000,-527000,7867000,0,3495000,-7923000,24525000,25801000,59569000,-24525000,2430000,-128248000,114.71,150.12
14,2016-12-31,USD,293203000,151877000,72954000,220249000,59649000,47621000,21609000,0,60856000,0,130268000,-8723000,68372000,0,0,None,None,None,0,0,0,12028000,-9502000,0,48828000,47621000,None,USD,1396151000,81998000,None,38176000,400762000,995389000,0,191407000,8000,131448000,46410000,61044000,268006000,389275000,354335000,None,None,-938000,175167000,952978000,104844000,913391000,250981000,247415000,0,27131000,162928000,0,0,8000,0,131448000,0,None,13320000,67844000,443173000,None,None,46427000,46427000,None,None,None,864871000,1396151000,640256000,None,79553000,USD,-55623000,13573000,-70011000,-180000,None,-37905000,-762000,20617000,47621000,-26936000,80980000,-34151000,7216000,0,-37143000,-790000,-94444000,48833000,14208000,-1322000,-3737000,-30673000,96.13,114.71
15,2016-09-30,USD,278589000,147123000,69387000,209202000,63065000,51367000,20415000,0,63542000,0,126708000,986000,62079000,0,0,None,None,None,0,0,0,11698000,1338000,0,51844000,51367000,None,USD,1358893000,82987000,None,27469000,386583000,972310000,0,177409000,8000,117965000,43532000,82987000,274467000,419948000,343051000,None,None,-85000,172658000,911768000,109088000,889323000,193018000,244992000,0,26341000,165642000,0,0,8000,0,117965000,0,None,13474000,68918000,447125000,None,None,43532000,43532000,None,None,None,854422000,1358893000,612966000,None,79867000,USD,213705000,51837000,194362000,-2000000,None,-2111000,15188000,-44000,51367000,252242000,59827000,3202000,6901000,0,-17299000,-3349000,93122000,4558000,17343000,-54689000,164000,252242000,93.75,96.13
16,2016-06-30,USD,269362000,140080000,64146000,205216000,65261000,50148000,18613000,0,65261000,0,121467000,125000,65136000,0,0,None,None,None,0,0,0,15113000,552000,0,50148000,50148000,None,USD,1251273000,83749000,None,37942000,341415000,909858000,0,160557000,8000,87607000,42426000,83749000,264181000,167706000,298989000,None,None,428000,161685000,825407000,113158000,826109000,404107000,192660000,0,22992000,138432000,0,0,8000,0,87607000,0,None,7223000,60051000,425866000,None,None,42426000,42426000,None,None,None,821815000,1251273000,571813000,None,81000000,USD,8662000,28829000,-16187000,-6031000,None,-46402000,-13020000,-4407000,50148000,13288000,76167000,-1816000,5093000,0,-33382000,-369000,38433000,11876000,18818000,-17594000,-290000,13288000,80.55,93.75
17,2016-03-31,USD,238720000,127293000,53301000,180627000,52907000,40546000,15083000,0,52907000,0,112210000,-427000,53334000,0,0,None,None,None,0,0,0,12361000,-427000,0,40546000,40546000,None,USD,1207560000,78606000,None,34307000,315530000,892030000,0,145769000,8000,67959000,40780000,78606000,276528000,154418000,274750000,None,None,22000,148029000,783003000,132690000,813424000,393660000,178000000,0,22618000,128981000,0,0,8000,0,67937000,0,None,7705000,57527000,424557000,None,None,40780000,40780000,None,None,None,824063000,1207560000,548078000,None,81000000,USD,-15109000,651000,-35316000,0,None,-9106000,-14490000,-618000,40546000,-13296000,30680000,6602000,4792000,0,5384000,-3155000,20839000,2083000,20207000,-20839000,446000,-13296000,72.69,80.55
18,2015-12-31,USD,230276000,113471000,57466000,172810000,59652000,48877000,13889000,0,59652000,0,99582000,313000,59339000,0,0,None,None,None,0,0,0,10775000,-965000,0,48877000,48877000,None,USD,1158633000,79162000,None,26700000,310707000,847926000,0,129553000,8000,27391000,39016000,61074000,290150000,167714000,271672000,None,None,-980000,136473000,732010000,151370000,768764000,359581000,158550000,0,19465000,142119000,0,0,8000,0,27391000,0,None,8202000,51416000,426623000,None,None,39035000,39035000,None,None,None,821507000,1158633000,527295000,None,79500000,USD,-56948000,29589000,-73736000,46000,None,-11831000,-1409000,8806000,48877000,-6212000,79355000,9027000,4863000,0,-10422000,-530000,-40775000,1181000,16788000,-13652000,-114000,-6326000,65.85,72.69
19,2015-09-30,USD,207636000,119530000,45557000,157576000,36478000,27616000,17779000,0,36478000,0,101751000,-1568000,38046000,0,0,None,None,None,0,0,0,8862000,-1742000,0,27616000,27616000,None,USD,1079562000,79715000,None,29554000,281303000,798259000,0,115998000,8000,-11890000,36792000,79715000,247091000,174040000,244511000,None,None,25000,120738000,711733000,145246000,718544000,310715000,178485000,0,18939000,128513000,0,0,8000,0,-11890000,0,None,7588000,14542000,367829000,None,None,36792000,36792000,None,None,None,810116000,1079562000,484755000,None,81000000,USD,-21812000,13408000,-32303000,46000,None,-14028000,21271000,None,27616000,13726000,60057000,2257000,4503000,0,-35299000,-2523000,27123000,19015000,10491000,-4219000,-1439000,12287000,56.76,65.85
