,fiscalDateEnding,reportedCurrency_x,totalRevenue,totalOperatingExpense,costOfRevenue,grossProfit,ebit,netIncome_x,researchAndDevelopment,effectOfAccountingCharges,incomeBeforeTax,minorityInterest,sellingGeneralAdministrative,otherNonOperatingIncome,operatingIncome,otherOperatingExpense,interestExpense,taxProvision,interestIncome,netInterestIncome,extraordinaryItems,nonRecurring,otherItems,incomeTaxExpense,totalOtherIncomeExpense,discontinuedOperations,netIncomeFromContinuingOperations,netIncomeApplicableToCommonShares,preferredStockAndOtherAdjustments,reportedCurrency_y,totalAssets,intangibleAssets,earningAssets,otherCurrentAssets,totalLiabilities,totalShareholderEquity,deferredLongTermLiabilities,otherCurrentLiabilities,commonStock,retainedEarnings,otherLiabilities,goodwill,otherAssets,cash,totalCurrentLiabilities,shortTermDebt,currentLongTermDebt,otherShareholderEquity,propertyPlantEquipment,totalCurrentAssets,longTermInvestments,netTangibleAssets,shortTermInvestments,netReceivables,longTermDebt,inventory,accountsPayable,totalPermanentEquity,additionalPaidInCapital,commonStockTotalEquity,preferredStockTotalEquity,retainedEarningsTotalEquity,treasuryStock,accumulatedAmortization,otherNonCurrrentAssets,deferredLongTermAssetCharges,totalNonCurrentAssets,capitalLeaseObligations,totalLongTermDebt,otherNonCurrentLiabilities,totalNonCurrentLiabilities,negativeGoodwill,warrants,preferredStockRedeemable,capitalSurplus,liabilitiesAndShareholderEquity,cashAndShortTermInvestments,accumulatedDepreciation,commonStockSharesOutstanding,reportedCurrency,investments,changeInLiabilities,cashflowFromInvestment,otherCashflowFromInvestment,netBorrowings,cashflowFromFinancing,otherCashflowFromFinancing,changeInOperatingActivities,netIncome_y,changeInCash,operatingCashflow,otherOperatingCashflow,depreciation,dividendPayout,stockSaleAndPurchase,changeInInventory,changeInAccountReceivables,changeInNetIncome,capitalExpenditures,changeInReceivables,changeInExchangeRate,changeInCashAndCashEquivalents,clossingVal,nextClossingVal
0,2020-04-30,USD,30919000,10192000,20064000,10855000,314000,432000,1940000,None,314000,None,8252000,-349000,663000,None,None,-118000,None,None,None,None,None,-118000,-349000,None,432000,432000,None,USD,120000000,24328000,None,2489000,48438000,71562000,870000,18044000,518000,49233000,8576000,11988000,6144000,11091000,31935000,18102000,18102000,-1314000,11377000,64610000,None,35246000,None,18473000,6334000,32557000,12292000,None,None,518000,None,49233000,-33531000,None,2624000,5073000,55390000,1590000,6334000,8592000,16503000,None,None,None,56656000,120000000,11091000,None,None,USD,-626000,-1230000,-626000,None,5000000,3981000,-554000,-314000,432000,6775000,3420000,-314000,1580000,-497000,32000,1237000,1220000,495000,626000,1220000,None,6775000,7.03,
1,2020-01-31,USD,30479000,11890000,20234000,10245000,-1093000,-1348000,2216000,None,-1919000,None,9674000,552000,-1645000,None,826000,-571000,-1083000,None,None,None,None,-571000,551000,None,-1348000,-1348000,None,USD,116664000,25383000,None,2193000,45289000,71375000,885000,20245000,517000,49298000,9182000,12034000,6167000,4249000,26767000,11708000,11708000,-1093000,11268000,60151000,None,33958000,None,19784000,7715000,33925000,13336000,None,None,517000,None,49298000,-33477000,None,2749000,5079000,56513000,1695000,7715000,9093000,18522000,None,None,None,56130000,116664000,4249000,None,7000000,USD,-484000,-280000,-484000,None,-1210000,-2168000,-500000,-72000,-1349000,-416000,2236000,-72000,1604000,-495000,37000,1474000,2298000,-1439000,484000,2298000,None,-416000,12.44,7.03
2,2019-10-31,USD,33318000,11850000,21021000,12297000,209000,456000,2076000,None,209000,None,9774000,-238000,447000,None,-200000,-247000,None,None,None,None,None,-247000,-238000,None,456000,456000,None,USD,121365000,26454000,None,3059000,48412000,72953000,539000,2806000,518000,51142000,9788000,12110000,4496000,4468000,27853000,11616000,11616000,-1123000,11323000,65215000,None,34389000,None,22094000,9004000,35594000,13431000,None,None,518000,None,51142000,-33454000,None,2781000,3482000,56150000,1350000,9004000,11016000,20559000,None,None,None,55870000,121365000,4468000,None,7000000,USD,-884000,-2721000,-884000,None,1790000,1021000,-500000,153000,456000,113000,-24000,153000,1562000,-495000,226000,1460000,-1458000,524000,884000,-1458000,None,113000,15.86,12.44
3,2019-07-31,USD,33468000,10814000,21491000,11977000,980000,951000,1785000,None,980000,None,9029000,-183000,1163000,None,-200000,29000,None,None,None,None,None,29000,-183000,None,951000,951000,None,USD,121680000,27493000,None,3059000,49592000,72088000,504000,2968000,516000,51180000,10558000,12075000,4401000,4523000,26880000,8524000,8524000,-1275000,10910000,65041000,None,32520000,None,20605000,10295000,36854000,15388000,None,None,516000,None,51180000,-33454000,None,2681000,3480000,56639000,1364000,10295000,11913000,22712000,None,None,None,55121000,121680000,4523000,None,7000000,USD,-952000,1029000,-952000,None,790000,-380000,-500000,-421000,952000,-1307000,25000,-421000,1570000,-493000,-177000,-4871000,1315000,451000,952000,1315000,None,-1307000,24.18,15.86
4,2019-04-30,USD,36181000,11771000,21942000,14239000,2100000,1700000,2007000,None,2100000,None,9764000,-368000,2468000,None,-200000,400000,None,None,None,None,None,400000,-368000,None,1700000,1700000,None,USD,117939000,28561000,None,44768000,46325000,71614000,766000,26146000,513000,50722000,10544000,12136000,3158000,5769000,22326000,6432000,6432000,-1018000,10462000,60980000,49000,71614000,None,24897000,11583000,32043000,13747000,None,None,513000,None,50722000,-33077000,None,997000,None,10462000,1472000,11583000,10929000,23999000,None,None,None,54474000,117939000,5769000,None,7000000,USD,-586000,-2533000,-586000,None,-1578000,-2215000,-375000,184000,1700000,-1814000,987000,184000,1597000,-489000,227000,-2001000,1439000,601000,586000,1439000,None,-1814000,25.02,24.18
5,2019-01-31,USD,37167000,11654000,22585000,14582000,3712000,2305000,1969000,0,2836000,0,9685000,784000,2928000,0,876000,466000,None,None,-66000,0,0,-2625000,784000,0,5461000,2305000,None,USD,118983000,29674000,None,1427000,49208000,69775000,40000,3513000,511000,49511000,11073000,12329000,3907000,7534000,24665000,6708000,6708000,-818000,10380000,62608000,85000,27772000,0,23486000,12870000,30161000,14444000,None,None,511000,None,49511000,-32997000,None,1064000,2928000,56375000,None,12870000,11633000,24543000,None,None,None,53568000,118983000,7534000,None,7000000,USD,-743000,637000,-1797000,1511000,-1854000,-2227000,-375000,598000,3722000,1980000,6004000,353000,3089000,-973000,600000,-1792000,-1741000,-514000,1797000,509000,None,1980000,19.98,25.02
6,2018-10-31,USD,34196000,11546000,20288000,13908000,1824000,1417000,2123000,0,1824000,0,9423000,-538000,2362000,0,-238000,None,None,None,0,0,0,407000,-538000,0,1417000,1417000,None,USD,116056000,30685000,None,2014000,48648000,67408000,614000,3370000,510000,47693000,12140000,12283000,2882000,7816000,21891000,6616000,5116000,-783000,10109000,59877000,220000,67408000,0,21717000,14068000,28330000,11905000,0,0,510000,0,47693000,-32960000,None,46070000,None,56179000,None,14068000,12075000,26757000,None,None,None,52948000,116056000,7816000,-34459000,7000000,USD,None,-1489000,-1054000,0,-1104000,-1026000,-375000,-245000,1417000,1867000,3897000,None,1545000,-486000,0,-60000,2250000,510000,1054000,None,None,None,19.32,19.98
7,2018-07-31,USD,33807000,11234000,20408000,13399000,1653000,1194000,2029000,0,1653000,0,9205000,-512000,2165000,0,-217500,None,None,None,0,0,0,459000,-512000,0,1194000,1194000,None,USD,117070000,31788000,None,1767000,51582000,65488000,623000,3368000,507000,46761000,12621000,12466000,2933000,5949000,22884000,6524000,5024000,-697000,9525000,60160000,198000,65488000,0,24048000,15249000,28396000,12992000,0,0,507000,0,46761000,-32960000,None,47385000,None,56910000,None,15249000,12826000,28698000,None,None,None,51877000,117070000,5949000,-34034000,7000000,USD,None,-3292000,-307000,0,368000,-86000,-375000,-549000,1194000,-904000,-511000,-549000,1558000,-482000,28000,-881000,1027000,432000,307000,1027000,None,-913000,18.1,19.32
8,2018-04-30,USD,31487000,10845000,19377000,12110000,995000,814000,1692000,0,995000,0,9153000,-270000,1265000,0,-200000,None,None,None,0,0,0,181000,-270000,0,814000,814000,None,USD,119643000,32927000,None,1229000,55013000,64630000,682000,2700000,504000,46034000,14319000,12786000,2920000,6838000,24239000,4932000,4932000,-335000,9761000,61049000,200000,64630000,0,25285000,16455000,27697000,16607000,0,0,504000,0,46034000,-32525000,None,48833000,None,58594000,None,16455000,13637000,30774000,None,None,None,50952000,119643000,6838000,-33580000,7000000,USD,1511000,-1463000,570000,-400000,-1776000,-1805000,None,-122000,814000,-3348000,-2113000,-122000,1556000,-478000,449000,-199000,-3029000,330000,541000,-3029000,9000,-3339000,17.85,18.1
9,2018-01-31,USD,32700000,10512000,20057000,12643000,2322000,628000,2240000,0,1920000,0,8272000,191000,2131000,0,402000,None,None,None,0,0,0,1292000,811000,0,628000,628000,None,USD,122313000,46637000,None,2083000,58666000,63647000,698000,2607000,500000,45700000,14408000,13004000,48781000,10177000,25912000,5498000,5498000,-172000,9752000,63780000,101000,63647000,1511000,22400000,17648000,27609000,17807000,0,0,500000,0,45700000,-32397000,None,48781000,None,58533000,None,17648000,14408000,32754000,None,None,None,50016000,122313000,11688000,-33125000,7000000,USD,1773000,6094000,1288000,0,45000,-1322000,-1432000,-92000,629000,1713000,1747000,83000,1612000,-474000,539000,-3740000,-4722000,1216000,485000,-4147000,-2000,1711000,13.5,17.85
10,2017-10-31,USD,28760000,10162000,16966000,11794000,1620000,1419000,2033000,0,1620000,0,8129000,-12000,1632000,0,100000,None,None,None,0,0,0,201000,-92000,0,1419000,1419000,None,USD,110320000,42245000,None,2054000,48080000,62240000,845000,411000,498000,45543000,11139000,12441000,45240000,8466000,16901000,3906000,3906000,-895000,9757000,55323000,None,62240000,3284000,17861000,19195000,23658000,12584000,0,0,498000,0,45543000,-32397000,None,45240000,None,54997000,None,19195000,11139000,31179000,None,None,None,49491000,110320000,11750000,-32487000,7000000,USD,1869000,680000,-13740000,-14873000,14324000,13421000,-430000,-368000,1419000,-21000,298000,-368000,941000,-473000,0,-1990000,575000,527000,736000,-911000,-342000,-363000,12.6,13.5
11,2017-07-31,USD,27483000,9317000,17224000,10259000,958000,727000,1675000,0,958000,0,7642000,16000,942000,0,82000,None,None,None,0,0,0,231000,112000,0,727000,727000,None,USD,85942000,20731000,None,1560000,25130000,60812000,879000,335000,497000,44597000,3329000,12542000,23658000,8829000,13720000,1564000,8766000,-787000,9451000,52833000,None,60812000,5131000,17044000,7202000,20269000,11821000,0,0,497000,0,44597000,-32386000,None,23658000,None,33109000,None,7202000,3329000,11410000,None,None,None,48891000,85942000,13960000,-32090000,7000000,USD,97000,745000,-527000,60000,-276000,-11866000,118000,250000,726000,-9943000,2450000,250000,755000,-470000,-11238000,237000,336000,406000,624000,-669000,135000,-9808000,13.8,12.6
12,2017-04-30,USD,24458000,8599000,15152000,9306000,659000,512000,1505000,0,659000,0,7094000,-48000,707000,0,20000,None,None,None,0,0,0,147000,-48000,0,512000,512000,None,USD,94140000,20207000,None,1566000,23400000,70740000,677000,370000,495000,44341000,2438000,11958000,23129000,18637000,12344000,1104000,1104000,-1313000,9234000,61777000,None,70740000,5185000,16053000,7941000,20336000,10870000,0,0,495000,0,44341000,-20990000,None,23129000,None,32363000,None,7941000,2438000,11056000,None,None,None,48207000,94140000,23822000,-31520000,8000000,USD,1564000,-3113000,-7802000,-9007000,9045000,8824000,306000,-57000,512000,251000,-771000,-57000,720000,-527000,0,-16000,1005000,178000,359000,1005000,288000,539000,14.8,13.8
13,2017-01-31,USD,25657000,8918000,15587000,10070000,1548000,766000,1777000,0,1548000,0,7141000,396000,1152000,0,-402000,None,None,None,0,0,0,782000,-176000,0,766000,766000,None,USD,83665000,9785000,None,1394000,13128000,70537000,11000,472000,492000,44358000,1132000,4521000,12962000,18098000,11985000,None,None,-1056000,9280000,61423000,None,70537000,6723000,15702000,0,19506000,11513000,0,0,492000,0,44358000,-20781000,None,12962000,None,22242000,None,None,1132000,1143000,None,None,None,47524000,83665000,24821000,-31098000,8000000,USD,542000,563000,675000,474000,23372000,-460000,-1672000,982000,767000,-167000,-382000,-617000,602000,-523000,79000,-402000,-416000,-292000,341000,-1003000,141000,-26000,13.8649,14.8
14,2016-10-31,USD,23342000,7807000,13701000,9641000,1774000,1151000,1338000,0,1774000,0,6469000,-60000,1834000,0,0,None,None,None,0,0,0,623000,-192000,0,1151000,1151000,None,USD,82843000,9964000,None,1381000,12841000,70002000,169000,467000,492000,44114000,972000,4521000,12862000,18124000,11700000,None,None,-996000,9415000,60566000,None,70002000,7244000,14698000,0,19119000,11233000,0,0,492000,0,44114000,-20781000,None,12862000,None,22277000,None,None,972000,1141000,None,None,None,47173000,82843000,25368000,-31150000,8000000,USD,1634000,1655000,1114000,226000,9200000,-500000,23000,464000,1150000,3566000,2952000,464000,574000,-523000,0,-1601000,587000,250000,520000,460000,-342000,3224000,14.55,13.8649
15,2016-07-31,USD,25339000,8557000,15034000,10305000,1788000,1292000,1755000,0,1788000,0,6802000,40000,1748000,0,0,None,None,None,0,0,0,496000,144000,0,1292000,1292000,None,USD,80862000,10143000,None,1967000,11534000,69328000,99000,490000,490000,43487000,951000,4521000,13034000,14900000,10484000,None,None,-834000,9303000,58525000,None,69328000,8864000,15228000,0,17566000,9994000,0,0,490000,0,43487000,-20637000,None,13034000,None,22337000,None,None,951000,1050000,None,None,None,46822000,80862000,23764000,-30822000,8000000,USD,-77000,-509000,-259000,188000,9200000,-487000,33000,1007000,1292000,723000,1469000,1007000,630000,-520000,0,-1068000,127000,433000,182000,-316000,-357000,366000,15.89,14.55
16,2016-04-30,USD,24110000,7926000,14637000,9473000,1495000,1019000,1444000,0,1495000,0,6482000,-52000,1547000,0,0,None,None,None,0,0,0,476000,-52000,0,1019000,1019000,None,USD,80737000,10322000,None,2794000,12263000,68474000,156000,490000,484000,42714000,932000,4521000,13471000,14534000,11175000,None,None,-650000,9594000,57672000,None,68474000,8774000,15011000,0,16559000,10685000,0,0,484000,0,42714000,-20197000,None,13471000,None,23065000,None,None,932000,1088000,None,None,None,46123000,80737000,23308000,-30461000,8000000,USD,1786000,1904000,1591000,188000,None,-556000,-40000,128000,1019000,3949000,2914000,128000,625000,-516000,0,-1588000,443000,383000,195000,443000,542000,4491000,14.35,15.89
17,2016-01-31,USD,23761000,8337000,14631000,9130000,1180000,827000,1745000,0,1180000,0,6592000,387000,793000,0,-402000,None,None,None,0,0,0,353000,542000,0,827000,827000,None,USD,77963000,10501000,None,3689000,10590000,67373000,78000,529000,483000,42212000,964000,4521000,13642000,10043000,9548000,None,None,-975000,9807000,54514000,None,67373000,10376000,15516000,0,14890000,9019000,0,0,483000,0,42212000,-20022000,None,13642000,None,23449000,None,None,964000,1042000,None,None,None,45675000,77963000,20419000,-29906000,7000000,USD,910000,-3394000,22000,1698000,23372000,-293000,65000,407000,828000,-789000,-518000,1134000,598000,-514000,156000,143000,-1285000,702000,888000,-529000,-464000,-1253000,15.69,14.35
18,2015-10-31,USD,24753000,8293000,14601000,10152000,2192000,1319000,1839000,0,2192000,0,6454000,333000,1859000,0,0,None,None,None,0,0,0,873000,313000,0,1319000,1319000,None,USD,79947000,10654000,None,3615000,13338000,66609000,65000,481000,480000,41897000,1070000,4522000,10746000,11296000,12203000,None,None,-828000,9416000,59785000,None,66609000,11159000,18591000,0,15124000,11722000,0,0,480000,0,41897000,-19658000,None,10746000,None,20162000,None,None,1070000,1135000,None,None,None,44718000,79947000,22455000,-29535000,7000000,USD,2187000,3936000,3003000,1698000,None,-478000,None,None,1319000,6611000,4086000,-406000,521000,-512000,34000,-1189000,756000,-406000,882000,311000,-371000,6240000,13.18,15.69
19,2015-07-31,USD,23938000,8012000,14092000,9846000,1855000,1168000,1565000,0,1855000,0,6447000,21000,1834000,0,0,None,None,None,0,0,0,687000,-214000,0,1168000,1168000,None,USD,75396000,10806000,None,3237000,10017000,65379000,72000,419000,479000,41091000,1072000,4522000,10978000,5056000,8873000,None,None,-827000,8905000,55513000,None,65379000,13274000,18109000,0,15837000,8454000,0,0,479000,0,41091000,-19602000,None,10978000,None,19883000,None,None,1072000,1144000,None,None,None,44238000,75396000,18330000,-29175000,None,USD,2651000,150000,-4746000,-6760000,None,-452000,None,None,1167000,-4011000,1187000,-284000,491000,-512000,60000,552000,1067000,273000,637000,-1162000,252000,-3759000,13.83,13.18
