,fiscalDateEnding,reportedCurrency_x,totalRevenue,totalOperatingExpense,costOfRevenue,grossProfit,ebit,netIncome_x,researchAndDevelopment,effectOfAccountingCharges,incomeBeforeTax,minorityInterest,sellingGeneralAdministrative,otherNonOperatingIncome,operatingIncome,otherOperatingExpense,interestExpense,taxProvision,interestIncome,netInterestIncome,extraordinaryItems,nonRecurring,otherItems,incomeTaxExpense,totalOtherIncomeExpense,discontinuedOperations,netIncomeFromContinuingOperations,netIncomeApplicableToCommonShares,preferredStockAndOtherAdjustments,reportedCurrency_y,totalAssets,intangibleAssets,earningAssets,otherCurrentAssets,totalLiabilities,totalShareholderEquity,deferredLongTermLiabilities,otherCurrentLiabilities,commonStock,retainedEarnings,otherLiabilities,goodwill,otherAssets,cash,totalCurrentLiabilities,shortTermDebt,currentLongTermDebt,otherShareholderEquity,propertyPlantEquipment,totalCurrentAssets,longTermInvestments,netTangibleAssets,shortTermInvestments,netReceivables,longTermDebt,inventory,accountsPayable,totalPermanentEquity,additionalPaidInCapital,commonStockTotalEquity,preferredStockTotalEquity,retainedEarningsTotalEquity,treasuryStock,accumulatedAmortization,otherNonCurrrentAssets,deferredLongTermAssetCharges,totalNonCurrentAssets,capitalLeaseObligations,totalLongTermDebt,otherNonCurrentLiabilities,totalNonCurrentLiabilities,negativeGoodwill,warrants,preferredStockRedeemable,capitalSurplus,liabilitiesAndShareholderEquity,cashAndShortTermInvestments,accumulatedDepreciation,commonStockSharesOutstanding,reportedCurrency,investments,changeInLiabilities,cashflowFromInvestment,otherCashflowFromInvestment,netBorrowings,cashflowFromFinancing,otherCashflowFromFinancing,changeInOperatingActivities,netIncome_y,changeInCash,operatingCashflow,otherOperatingCashflow,depreciation,dividendPayout,stockSaleAndPurchase,changeInInventory,changeInAccountReceivables,changeInNetIncome,capitalExpenditures,changeInReceivables,changeInExchangeRate,changeInCashAndCashEquivalents,clossingVal,nextClossingVal
0,2020-06-30,USD,485059000,-345160000,295228000,-295228000,47930000,34674000,None,None,45178000,-473000,133565000,-2002000,49932000,-478725000,2752000,10031000,214000,-2538000,None,None,None,10031000,-2216000,None,35147000,34674000,None,USD,1645488000,81813000,None,20183000,923229000,720851000,None,99950000,37000,312859000,26857000,937088000,45236000,180327000,442048000,10718000,10718000,None,25007000,449540000,None,-298050000,None,249030000,392713000,None,331380000,None,None,37000,None,312859000,-257625000,None,126577000,None,25463000,91561000,392713000,88468000,481181000,None,None,None,665580000,1645488000,180327000,None,32442719,USD,17001000,55524000,-213567000,-230301000,11917000,82160000,67666000,51158000,35147000,2515000,133922000,4335000,6551000,-12000,2589000,None,34456000,-2091000,267000,34456000,None,2515000,198.54,
1,2020-03-31,USD,491685000,-329607000,285737000,-285737000,44623000,31802000,None,None,41392000,-244000,156740000,753000,43870000,-486347000,3231000,9346000,13000,-3218000,None,None,None,9346000,740000,None,32046000,31802000,None,USD,1440084000,68251000,None,21765000,759940000,679197000,None,27465000,37000,278185000,8966000,721049000,38686000,177812000,316106000,11122000,11122000,None,26477000,468128000,None,-110103000,None,268551000,379942000,None,277519000,None,None,37000,None,278185000,-255291000,None,135980000,None,20199000,82391000,379942000,63892000,443834000,None,None,None,656266000,1440084000,177812000,None,32370345,USD,-70755000,-13240000,-70755000,-69321000,148408000,146042000,-4050000,-24855000,32046000,81322000,6035000,-5245000,5558000,-360000,2044000,None,-25459000,12375000,1434000,-25459000,None,81322000,183.54,198.54
2,2019-12-31,USD,500678000,-337156000,295603000,-295603000,42423000,27655000,None,None,39367000,1834000,156064000,870000,41553000,-494690000,3056000,11398000,19000,-3037000,None,1470000,None,11398000,-619000,None,27969000,27655000,None,USD,1262745000,64748000,None,16468000,621232000,640450000,None,27769000,37000,246383000,5905000,658500000,40327000,96490000,326943000,9927000,8227000,15000,28113000,350554000,35700000,-82798000,None,237596000,232256000,None,289247000,None,None,37000,None,246383000,-251241000,None,139403000,None,21427000,87297000,232256000,62033000,294289000,None,None,None,645256000,1262745000,96490000,None,32284051,USD,-1386000,10911000,-1386000,165000,1196000,1899000,-171000,13177000,27969000,75733000,75220000,7973000,6208000,-152000,1026000,None,15323000,6836000,1551000,15323000,None,75733000,166.92,183.54
3,2019-09-30,USD,494631000,-335552000,288708000,-288708000,48022000,34132000,None,None,44244000,-193000,154713000,1178000,46844000,-490265000,3778000,9919000,15000,-3763000,None,None,None,9919000,1163000,None,34325000,34132000,None,USD,1212380000,66468000,None,24059000,608915000,602564000,None,26783000,37000,218728000,6002000,660472000,36428000,20757000,314653000,8959000,7259000,15000,29969000,299519000,35400000,-124376000,None,254703000,229641000,None,278911000,None,None,37000,None,218728000,-251070000,None,138384000,None,17568000,87102000,231641000,62621000,294262000,None,None,None,634854000,1212380000,20757000,None,32246575,USD,-3604000,-79000,-3604000,40000,-34543000,-36996000,-4895000,-11786000,34325000,6855000,47455000,-858000,4586000,-453000,2895000,None,-15304000,24785000,3644000,-15304000,None,6855000,131.01,166.92
4,2019-06-30,USD,492984000,-335503000,290752000,-290752000,48680000,33742000,None,None,44348000,-298000,152302000,3929000,44751000,-487805000,4332000,10308000,20000,-4312000,None,None,None,10308000,3909000,None,34040000,33742000,None,USD,1205862000,61966000,None,22209000,642920000,561781000,None,26187000,36000,184596000,6053000,664822000,88501000,13902000,313007000,7610000,7610000,15000,29762000,275785000,39400000,-165007000,None,239674000,266468000,None,279210000,None,None,36000,None,184596000,-246175000,None,143314000,None,30213000,83579000,266468000,63445000,329913000,None,None,None,623309000,1205862000,13902000,None,32130184,USD,-90000,12052000,-19046000,-17461000,-36718000,-36872000,-1802000,3990000,34040000,3348000,59266000,2753000,5399000,-91000,1739000,None,-1832000,6854000,1495000,-1832000,None,3348000,121.41,131.01
5,2019-03-31,USD,467340000,-319598000,275274000,-275274000,45800000,31304000,None,None,42451000,-269000,144847000,1476000,44324000,-464445000,3349000,10878000,24000,-3325000,None,None,None,10878000,1452000,None,31573000,31304000,None,USD,1184239000,62801000,None,24740000,663039000,520246000,None,25514000,36000,150854000,6089000,649514000,51713000,10554000,297377000,6038000,6038000,15000,29716000,271731000,35700000,-192069000,None,236437000,303733000,None,265825000,None,None,36000,None,150854000,-244373000,None,137952000,None,32525000,81354000,303733000,61929000,365662000,None,None,None,613714000,1184239000,10554000,None,32037667,USD,-120000,7554000,-328912000,-327594000,126094000,299178000,172312000,-1262000,31573000,-9675000,20059000,-11611000,3108000,-366000,1138000,None,-22333000,11768000,1198000,-22333000,None,-9675000,123.26,121.41
6,2018-12-31,USD,434378000,-1526904000,262327000,-1490492000,38119000,27415000,0,0,36595000,1307000,132321000,1704000,36415000,-1659225000,1536000,None,None,None,0,0,0,8875000,168000,0,27720000,27415000,None,USD,717118000,44132000,None,14917000,234485000,481582000,None,26300000,36000,119550000,6234000,329480000,54794000,20229000,222476000,1600000,512000,15000,29400000,224118000,35145000,107970000,None,188972000,5800000,None,220889000,None,None,36000,None,119550000,-241685000,None,54145000,None,35794000,None,5800000,6200000,12000000,None,None,None,603666000,717118000,20229000,None,31973505,USD,-3667000,2582000,-9572000,-5031000,-50379000,-48242000,-1149000,9679000,27720000,6219000,64033000,10932000,3580000,-560000,3846000,None,6058000,13161000,874000,6058000,None,6219000,117.11,123.26
7,2018-09-30,USD,417300000,127744000,249700000,167600000,43376000,31377000,0,0,41373000,-171000,124544000,3476000,39900000,3200000,1991000,None,None,None,0,0,0,9825000,1485000,0,31548000,31377000,None,USD,725892000,44309000,None,23628000,280396000,444143000,0,8100000,36000,92089000,6253000,324145000,62655000,14010000,219290000,1209000,1209000,15000,30200000,232668000,31900000,75689000,0,195030000,54853000,0,218081000,445496000,0,36000,0,92089000,-240536000,None,53406000,None,41149000,None,54853000,6253000,61106000,None,None,None,592539000,725892000,14010000,None,31877278,USD,-3477000,6032000,-7418000,132000,-70596000,-72956000,-2950000,22011000,31548000,-11894000,68480000,11648000,3405000,-180000,770000,0,2562000,13285000,4073000,2562000,None,-11894000,124.96,117.11
8,2018-06-30,USD,411603000,126211000,242564000,169039000,46277000,33349000,0,0,44137000,-192000,123086000,3449000,42828000,3125000,2140000,None,None,None,0,0,0,10596000,1309000,0,33541000,33349000,None,USD,753324000,44888000,None,35277000,344263000,407953000,0,1100000,36000,60712000,6137000,324145000,97520000,25904000,214189000,668000,668000,15000,27998000,258773000,None,38920000,0,197592000,123937000,0,213521000,409061000,0,36000,0,60712000,-237947000,None,50601000,None,46919000,None,123937000,6137000,130074000,None,None,None,585137000,753324000,25904000,None,31801357,USD,-3477000,11500000,-1958000,-1809000,37411000,-142796000,-1527000,2298000,33541000,-94101000,50653000,-4018000,3302000,-322000,-178358000,0,-4656000,10984000,149000,-4656000,None,-94101000,85.46,124.96
9,2018-03-31,USD,399262000,124955000,238309000,160953000,38586000,27159000,0,0,36883000,-161000,121355000,2581000,36005000,3600000,1703000,None,None,None,0,0,0,9563000,878000,0,27320000,27159000,None,USD,842288000,45382000,None,30578000,292730000,548320000,0,800000,35000,27363000,6138000,322199000,102975000,120005000,210810000,10417000,10417000,15000,28213000,343519000,None,180739000,0,192936000,75782000,0,200393000,549558000,0,35000,0,27363000,-55019000,None,49856000,None,53119000,None,75782000,6138000,81920000,None,None,None,575926000,842288000,120005000,None,34056627,USD,-3477000,-982000,-3245000,-1783000,-2819000,-3430000,-1305000,-6395000,27320000,33642000,40317000,-6936000,3771000,-28000,722000,0,8260000,8884000,1462000,8260000,None,33642000,60.34,85.46
10,2017-12-31,USD,404238000,135923000,238534000,165704000,30495000,-3848000,0,0,29088000,142000,123670000,773000,29722000,-14129000,1431000,None,None,None,0,26382000,0,32794000,2277000,0,-3706000,-3848000,None,USD,813482000,46061000,None,23629000,297056000,515321000,0,179040000,35000,204000,3791000,319900000,471204000,86363000,215062000,10638000,None,15000,31122000,311156000,None,149360000,0,201196000,78203000,0,204420000,516426000,568780000,35000,0,204000,-53713000,None,49100000,None,56100000,None,78203000,3800000,82003000,None,None,None,568780000,813482000,86363000,None,33964767,USD,-40000,11706000,-11129000,-9456000,-1250000,-811000,-485000,None,-3706000,20249000,32189000,409000,4164000,0,924000,0,59731000,50423000,1633000,-30807000,None,20249000,52.71,60.34
11,2017-09-30,USD,380163000,130148000,226642000,153521000,25360000,14558000,0,0,24025000,103000,118877000,1987000,23373000,11271000,1335000,None,None,None,0,0,0,9364000,0,0,14661000,14558000,None,USD,799529000,44845000,None,24674000,286310000,512256000,0,169655000,36000,4053000,3930000,313663000,498644000,66114000,201857000,9387000,None,15000,32695000,268190000,None,153748000,0,177402000,80523000,0,192470000,0,0,36000,0,4053000,-53228000,None,48976000,91160000,531339000,None,80523000,3930000,84453000,None,None,None,561380000,799529000,66114000,None,33913558,USD,None,18398000,-1450000,175000,-1569000,-1801000,-728000,None,14661000,6950000,10201000,-38770000,4370000,-126000,622000,0,0,22641000,1625000,-11099000,None,6950000,55.96,52.71
12,2017-06-30,USD,378821000,158816000,219765000,159056000,3763000,4461000,0,0,2566000,68000,120916000,3523000,240000,37900000,1197000,None,None,None,0,0,0,-1963000,0,0,4529000,4461000,None,USD,805873000,45523000,None,40589000,312812000,492075000,0,43750000,36000,-10505000,4337000,313663000,498312000,59164000,225318000,8137000,None,15000,34420000,273141000,None,132889000,0,173388000,83157000,0,173431000,0,0,36000,0,-10505000,-52500000,None,38320000,100806000,532732000,None,83157000,4337000,87494000,None,None,None,555029000,805873000,59164000,None,33850633,USD,-180000,-3098000,-23273000,-20029000,-1250000,-2141000,-4968000,None,4529000,10830000,36244000,25065000,4722000,-48000,4125000,0,0,10358000,3064000,-5332000,None,10830000,62.81,55.96
13,2017-03-31,USD,370458000,129508000,215785000,154673000,26190000,15130000,0,0,25122000,69000,118750000,1025000,25165000,10758000,1068000,None,None,None,0,0,0,9923000,0,0,15199000,15130000,None,USD,756628000,46220000,None,22061000,273682000,481980000,0,147572000,35000,-14967000,4306000,292793000,476850000,48334000,183904000,6888000,None,15000,36676000,243102000,None,142967000,0,172707000,85472000,0,177016000,0,0,35000,0,-14967000,-47531000,None,38894000,98943000,513526000,None,85472000,4306000,89778000,None,None,None,544428000,756628000,48334000,None,33693027,USD,-256000,2055000,-8175000,-3534000,-1250000,-785000,-758000,None,15199000,18137000,27097000,-4393000,4602000,-42000,1265000,0,0,22127000,4385000,-12493000,None,18137000,51.09,62.81
14,2016-12-31,USD,366296000,140147000,212589000,153707000,16197000,8917000,0,0,14584000,55000,124844000,2637000,13560000,10871000,1613000,None,None,None,0,4432000,0,5612000,0,0,8972000,8917000,None,USD,734029000,46755000,None,18657000,272887000,460203000,0,145770000,35000,-30545000,3730000,288957000,482120000,30197000,181348000,5220000,None,15000,36999000,214910000,None,124491000,0,166056000,87809000,0,176128000,0,537472000,35000,0,-30545000,-46774000,None,38468000,107940000,519119000,None,87809000,3730000,91539000,None,None,None,537472000,734029000,30197000,None,33597215,USD,-290000,-2432000,-6649000,-4144000,-1250000,-630000,76000,None,8972000,21282000,28561000,4051000,5201000,-45000,665000,0,0,22181000,2215000,-9412000,None,21282000,42.63,51.09
15,2016-09-30,USD,361595000,135112000,212124000,149471000,19330000,11435000,0,0,18194000,66000,124427000,4971000,14359000,10685000,1136000,None,None,None,0,0,0,6693000,0,0,11501000,11435000,None,USD,721732000,47249000,None,22018000,275354000,445447000,0,143866000,35000,-39462000,4306000,284552000,485339000,8915000,182174000,5220000,None,15000,42960000,193433000,None,113646000,0,162500000,88874000,0,176954000,0,0,35000,0,-39462000,-46253000,None,39741000,113797000,528299000,None,88874000,4306000,93180000,None,None,None,531112000,721732000,8915000,None,33551441,USD,-318000,-7275000,-7649000,-3744000,-1250000,-207000,516000,None,11501000,-1053000,6803000,-4647000,5399000,-84000,611000,0,0,17583000,3587000,-15758000,None,-1053000,47.44,42.63
16,2016-06-30,USD,360746000,135883000,206505000,154241000,19388000,10696000,0,0,18085000,147000,126655000,1030000,18358000,9228000,1303000,None,None,None,0,0,0,7242000,0,0,10843000,10696000,None,USD,711102000,47728000,None,17338000,283277000,426907000,0,149716000,35000,-50897000,3991000,280349000,486966000,9968000,189786000,5000000,None,15000,44617000,179519000,None,98830000,0,152213000,89500000,0,184786000,0,0,35000,0,-50897000,-45829000,None,37875000,121014000,531583000,None,89500000,3991000,93491000,None,None,None,523583000,711102000,9968000,None,33499944,USD,-432000,-4045000,-3597000,48000,-16250000,-8910000,6971000,None,10843000,2144000,14651000,-11462000,5160000,-200000,569000,0,0,16815000,3213000,-2660000,None,2144000,50.48,47.44
17,2016-03-31,USD,348817000,135917000,201837000,146980000,11815000,6213000,0,0,10703000,102000,127504000,752000,11063000,8413000,1112000,None,None,None,0,0,0,4388000,0,0,6315000,6213000,None,USD,705645000,43548000,None,15045000,294866000,409809000,0,146740000,35000,-61593000,3934000,285124000,484953000,7824000,200367000,20000000,None,15000,43963000,176729000,None,81137000,0,153860000,90565000,0,180367000,0,0,35000,0,-61593000,-39529000,None,34914000,121367000,528916000,None,90565000,3934000,94499000,None,None,None,510881000,705645000,7824000,None,33340512,USD,None,9378000,-34154000,-27452000,13750000,2232000,159000,None,6315000,-19678000,12244000,5070000,4658000,0,-11677000,0,0,14512000,6702000,-27689000,None,-19678000,48.34,50.48
18,2015-12-31,USD,338367000,129188000,192483000,145884000,23641000,12911000,0,0,22636000,161000,120267000,6945000,16696000,8921000,1005000,None,None,None,0,0,0,9564000,0,0,13072000,12911000,None,USD,685085000,44047000,None,22751000,274649000,409568000,0,144511000,35000,-67806000,4456000,261663000,467127000,27502000,175193000,5000000,None,15000,42695000,175263000,None,103858000,0,125010000,95000000,0,170193000,0,0,35000,0,-67806000,-26966000,None,36172000,125245000,509822000,None,95000000,4456000,99456000,None,None,None,504290000,685085000,27502000,None,33607282,USD,-924000,-2247000,-47562000,-43178000,None,-2031000,2073000,None,13072000,-29549000,20044000,-8967000,4423000,-136000,-3968000,0,0,18468000,3460000,-4705000,None,-29549000,39.32,48.34
19,2015-09-30,USD,326450000,122963000,186772000,139678000,19976000,8440000,0,0,15040000,135000,112604000,3261000,16715000,8284000,4936000,None,None,None,0,2075000,0,6465000,0,0,8575000,8440000,None,USD,666436000,33150000,None,35693000,272462000,393131000,0,143238000,35000,-80717000,4998000,211109000,408510000,57051000,171214000,3750000,None,15000,41485000,216441000,None,148872000,0,123697000,96250000,0,167464000,0,0,35000,0,-80717000,-22029000,None,34259000,129992000,449995000,None,96250000,4998000,101248000,None,None,None,495827000,666436000,57051000,None,33672216,USD,-1400000,6559000,-8037000,-5336000,447000,1183000,None,None,8575000,23850000,30704000,11722000,4867000,0,736000,0,0,13908000,1301000,-14927000,None,23850000,37.97,39.32
