,fiscalDateEnding,reportedCurrency_x,totalRevenue,totalOperatingExpense,costOfRevenue,grossProfit,ebit,netIncome_x,researchAndDevelopment,effectOfAccountingCharges,incomeBeforeTax,minorityInterest,sellingGeneralAdministrative,otherNonOperatingIncome,operatingIncome,otherOperatingExpense,interestExpense,taxProvision,interestIncome,netInterestIncome,extraordinaryItems,nonRecurring,otherItems,incomeTaxExpense,totalOtherIncomeExpense,discontinuedOperations,netIncomeFromContinuingOperations,netIncomeApplicableToCommonShares,preferredStockAndOtherAdjustments,reportedCurrency_y,totalAssets,intangibleAssets,earningAssets,otherCurrentAssets,totalLiabilities,totalShareholderEquity,deferredLongTermLiabilities,otherCurrentLiabilities,commonStock,retainedEarnings,otherLiabilities,goodwill,otherAssets,cash,totalCurrentLiabilities,shortTermDebt,currentLongTermDebt,otherShareholderEquity,propertyPlantEquipment,totalCurrentAssets,longTermInvestments,netTangibleAssets,shortTermInvestments,netReceivables,longTermDebt,inventory,accountsPayable,totalPermanentEquity,additionalPaidInCapital,commonStockTotalEquity,preferredStockTotalEquity,retainedEarningsTotalEquity,treasuryStock,accumulatedAmortization,otherNonCurrrentAssets,deferredLongTermAssetCharges,totalNonCurrentAssets,capitalLeaseObligations,totalLongTermDebt,otherNonCurrentLiabilities,totalNonCurrentLiabilities,negativeGoodwill,warrants,preferredStockRedeemable,capitalSurplus,liabilitiesAndShareholderEquity,cashAndShortTermInvestments,accumulatedDepreciation,commonStockSharesOutstanding,reportedCurrency,investments,changeInLiabilities,cashflowFromInvestment,otherCashflowFromInvestment,netBorrowings,cashflowFromFinancing,otherCashflowFromFinancing,changeInOperatingActivities,netIncome_y,changeInCash,operatingCashflow,otherOperatingCashflow,depreciation,dividendPayout,stockSaleAndPurchase,changeInInventory,changeInAccountReceivables,changeInNetIncome,capitalExpenditures,changeInReceivables,changeInExchangeRate,changeInCashAndCashEquivalents,clossingVal,nextClossingVal
0,2020-06-30,USD,165169000,16184000,136079000,29090000,115532000,7044000,None,None,112859000,73957000,11556000,102626000,12906000,4628000,2673000,31858000,863000,-1810000,None,None,None,31858000,101763000,None,81001000,7044000,None,USD,833217000,94790000,None,11188000,414389000,207023000,13654000,5305000,36000,43001000,13654000,239053000,23233000,152441000,152507000,9500000,9500000,None,31704000,380545000,26817000,84160000,117656000,99260000,230455000,None,137702000,None,None,36000,None,43001000,None,None,92012000,None,452672000,21225000,230455000,17773000,261882000,None,210980000,None,163986000,833217000,270097000,None,36309513,USD,68275000,44729000,68093000,16500000,-35000,-18487000,-35000,-1176000,81001000,71474000,21868000,373000,4978000,-20253000,1801000,None,759000,-102000000,182000,-7213000,None,71474000,16.5,
1,2020-03-31,USD,165105000,16536000,144204000,20901000,7450000,4052000,None,None,4582000,-1065000,11834000,3085000,4365000,4702000,2868000,1595000,929000,-1939000,None,None,None,1595000,2156000,None,2987000,4052000,None,USD,724415000,98840000,None,11886000,369015000,197080000,16332000,4930000,36000,35957000,16332000,238539000,7221000,80892000,106605000,9500000,9500000,197961000,30075000,318063000,30781000,17140000,117100000,108210000,230105000,None,92175000,None,None,36000,None,35957000,None,None,38192000,None,406352000,19194000,230105000,15973000,262410000,None,157439000,None,161087000,724415000,197992000,None,36042761,USD,-674000,987000,-943000,16500000,-2375000,-12061000,-26000,-3506000,2987000,-22297000,-9293000,-5908000,5010000,-9934000,274000,None,-7043000,-3073000,269000,-9296000,None,-22297000,12.92,16.5
2,2019-12-31,USD,178751136,167818226,151879511,178751136,3786978,6727491,None,None,403655,-8006838,11451046,-7145932,10932910,158681557,3383323,1683002,718345,-2664978,None,-2314377,None,1683002,-7864277,None,-1279347,6727491,None,USD,728713347,103011849,None,10390093,367653613,191548949,18269448,63844190,35908,31904748,18269448,238505204,2426793,103189328,105423915,9500000,9500000,None,26377628,329068418,28427455,18756482,116538673,98950324,232172134,None,32079725,None,None,35908,None,31904748,None,None,29700421,None,399644929,14880543,232172134,11788116,262229698,None,168724586,None,159608293,728713347,219728001,None,35908057,USD,-119540357,-2487399,-120266437,-491000,50089923,-10376199,-52640258,-4271811,-1279347,-127054074,3588562,259758,4960689,-1047058,-6778806,None,8808727,1985609,235080,149252,None,-127054074,18.41,12.92
3,2019-09-30,USD,156060224,145994056,131129813,156060224,15249239,3704174,None,None,14421334,7034688,7949814,5183071,10066168,136050242,827905,3682472,508856,-319049,None,1994000,None,3682472,2680215,None,10738862,3704174,None,USD,750244382,114166305,None,10516088,381840344,190733968,30199423,58491540,34823,25177257,31384448,237134772,14879257,230298252,105195228,9500000,9500000,192173964,12427107,321360707,48340105,15662965,1200000,79391887,234149063,None,37203688,None,None,34823,None,25177257,None,None,16815386,None,428883675,14049356,234149063,12296630,276645116,None,176230074,None,165521888,750244382,231498252,None,34822933,USD,-1803918,448240,-10118519,-7884430,199752639,152076144,5319757,13812932,10738862,174060519,32102894,-2671888,4920429,-49728721,2052226,None,1317439,642418,430171,18024833,None,174060519,17.62,18.41
4,2019-06-30,USD,130049566,115320798,101363101,130049566,15184379,3545216,None,None,14873330,7118715,11817555,455611,14728768,103503243,311049,4209399,473664,162615,None,None,None,4209399,-18053,None,10663931,3545216,None,USD,568329965,109069858,None,13659405,162657953,185399565,26651678,42942898,34639,21473083,27836703,209313824,19591788,52726305,78337729,None,None,186089500,12101373,167625710,53403041,86598395,1100000,100090172,44600000,None,30658273,None,None,34639,None,21473083,None,None,16816159,None,400704255,14821272,45066770,44600000,84320224,None,219582512,None,163891843,568329965,53826305,None,34638812,USD,-8343000,-25799506,-50133887,-41518084,31574661,31441201,-941588,-1325130,10663931,-36744005,-18051319,-1789523,4454571,-941588,808128,None,100656,125359,272803,-5706151,None,-36744005,16.71,17.62
5,2019-03-31,USD,95757171,99065029,83432470,95757171,-3647391,139664,None,None,-3858370,-2589793,10263960,-339533,-3307858,87850055,210979,-1408240,-737630,112029,None,951014,None,-1408241,-662541,None,-2450129,139664,None,USD,520858996,83056658,None,7984419,126047836,180968222,16992790,27914456,34504,17927867,18177815,185805880,2291570,93007780,88400766,2461924,2461924,None,12332342,176912063,51527323,124540074,1143006,74776858,13000000,None,60486310,None,None,34504,None,17927867,None,None,11224730,None,343946933,9032920,13492110,20654280,37647070,None,212434390,None,163005851,520858996,94150786,None,34503704,USD,-8177,13959452,-111793,-8180,-65408,-9810434,-10000000,-29725080,-2450129,-13888981,-3966754,-1139808,4417581,-10000000,254974,None,486981,-485067,103616,-18268783,None,-13888981,18.32,16.71
6,2018-12-31,USD,105456069,103452467,79410425,105456069,-2733633,-3095952,0,0,-2920146,1154755,-73556572,-4737235,2003602,169322526,186513,-978950,None,None,0,7686513,0,-978949,-9522614,0,-1941197,-3095952,None,USD,512999049,86875883,None,8388231,106337868,180545832,19615935,35180299,34578,17788203,20800960,185805880,19451432,106891503,72019647,141998,None,None,12721082,172862792,52376980,132981098,1127102,56455956,13000000,None,36697350,None,None,34578,None,17788203,None,None,2356432,None,340136257,517261,517261,14185025,34318221,None,225117029,None,162723051,512999049,108018605,None,34578040,USD,-4632311,-9433285,-4934643,-4599999,-144609,-5802630,200000,-955589,-1941197,-17106114,-6368841,-7193585,4483552,-1033009,-4625012,None,38103676,-2024894,302332,9740568,None,-17106114,19.85,18.32
7,2018-09-30,USD,167280410,110703306,96828245,167280410,53389700,9106397,0,0,53211382,29519043,9032024,-3187404,56577104,101671282,178318,None,None,None,0,0,0,14585942,-3365722,0,38625440,9106397,None,USD,551898869,90762980,None,11827893,141624943,179943785,34651670,41939832,33025,17100065,35836695,189604746,14586749,119779499,92245266,260888,None,None,12909206,202833453,36622895,124723316,1141890,70084171,13000000,0,50044546,0,0,33025,0,17100065,0,None,19165589,None,349065416,542982,13542982,1185025,49379677,None,225147257,None,162810695,551898869,120921389,None,33025189,USD,202329,-2568948,17309,207410,-142887,-3642169,-200,-31095788,38625440,14824628,18449488,2252124,4843037,-4725799,1226517,0,-35542356,10840191,185020,-35542356,None,14824628,22.07,19.85
8,2018-06-30,USD,123004546,115854799,99464892,123004546,9500083,2664102,0,0,9389400,5201491,11471829,2350336,7149747,104382970,110683,None,None,None,0,0,0,1523807,2239653,0,7865593,2664102,None,USD,510977108,94927036,None,15957922,140247633,169621944,27758780,73251912,32841,7561556,37561015,189604746,19761016,101132237,89118106,378245,13946757,None,13297168,152762941,41045361,81004481,1130967,34541815,13000000,0,15487949,0,0,32841,0,7561556,0,None,19339856,None,358214167,568512,13568512,9802235,51129527,None,195914319,None,162027547,510977108,102263204,None,32841170,USD,-19173840,-6494741,-19776431,-405000,7858642,-1490313,2027500,-14569133,7865593,-12586711,8680033,-12311642,4918078,-10000000,651045,0,18263308,-3560563,197591,18263308,None,-12586711,25.86,22.07
9,2018-03-31,USD,124166727,101465018,84670608,124166727,23031496,2160455,0,0,22946495,13557200,96406506,329787,22701709,5058512,85001,None,None,None,0,0,0,7228840,244786,0,15717655,2160455,None,USD,521593913,99138657,None,22940027,160451458,165666297,0,85397300,32653,4897454,49240844,188933191,17331143,103731761,110616762,5494263,6088115,None,13700034,180615388,36875500,68248761,1138477,52805123,594000,0,19725199,0,0,32653,0,4897454,0,None,2331143,None,340978525,None,None,49834696,49834696,None,190654312,None,160736190,521593913,104870238,None,32652295,USD,-3932,8385319,-489053,-2500000,-165015,-241231,27500,-1919507,15717655,4005075,4735359,-7058015,5058512,-2000000,1923784,0,-21087819,3719707,485121,-21087819,None,4005075,15.95,25.86
10,2017-12-31,USD,260013708,215368323,81883000,260013708,58896040,35029098,0,0,59218995,20345879,194321317,14250655,44645385,18615215,-322955,None,None,None,0,2431791,0,3844018,12133355,0,55374977,35029098,None,USD,490635793,103533558,None,23149964,154322623,159948028,0,87489755,32305,1734531,19185000,189847202,332662000,99749199,109601999,5634129,6253130,None,13814306,144159562,36903524,38697012,1143095,20117304,619000,0,16478115,0,87954346,32305,0,1734531,0,None,2377641,None,346476231,None,None,44720624,44720624,None,172129744,None,158181192,490635793,100892294,None,32304876,USD,-8540283,-28708672,8315977,18830842,4502152,-15306549,-8574975,15172590,55375031,23189994,30180566,3154014,18506735,-10297923,-935803,0,10703000,-29699549,1974582,11553007,None,23189994,24.0,15.95
11,2017-09-30,USD,40483346,44598297,66737000,40483346,-4060316,-3882738,0,0,-4259978,-350382,44442360,54635,-4114951,155937,199662,None,None,None,0,0,0,-26858,-6823290,0,-4233120,-3882738,None,USD,41173169,1732984,None,298477,48464719,-7344171,767170,30694173,6053,-45148985,131960091,1622483,0,30203773,42697549,4961333,24005,None,1121632,35731720,None,-21662161,0,5229470,0,0,7042043,0,0,6053,10962523,-45148985,0,None,964350,None,5441449,None,None,5000000,5767170,None,None,None,26836238,41173169,30203773,None,6052518,USD,-403982,1805098,-20331,0,-23788,85500,27500,-2856750,-4233174,-1002722,-1067891,-44957,209603,0,85500,0,0,278639,20331,916900,None,-1002722,9.75,24.0
12,2017-06-30,USD,41575480,45284093,66673000,41575480,-3669956,-3611812,0,0,-3862945,-221242,45128826,38657,-3708613,155267,192989,None,None,None,0,0,0,-29891,18268398,0,-3833054,-3611812,None,USD,43298794,1822542,None,282732,46637914,-3742123,799129,19718135,6033,-41266193,133152297,1622483,0,31206495,40838785,4907667,47793,None,1167680,37718993,None,-18149671,0,6229766,0,0,16212983,0,0,6033,10962523,-41266193,0,None,967096,None,5579801,None,None,5000000,5799129,None,None,None,26555514,43298794,31206495,None,6033518,USD,400000,26279514,-36081,0,-37500,-37500,27500,1042155,-3833054,22542284,22615865,-22200,208934,0,0,0,0,230208,36081,-247537,None,22542284,10.0,9.75
13,2017-03-31,USD,14758496,19682716,59542000,14758496,-4680527,-4563444,0,0,-4747726,-263864,19521121,243693,-4924220,161595,67199,None,None,None,0,0,0,79582,-11445108,0,-4827308,-4563444,None,USD,20644557,1904269,None,269168,20374189,-353877,831085,1768231,6033,-37654381,5000000,1622483,0,8664211,14543104,4891500,4891500,None,1205139,14922250,None,-14843152,0,5988871,0,0,7883373,0,26331948,6033,10962523,-37654381,0,None,990416,None,5722307,None,None,5000000,5831085,None,None,None,26331948,20644557,8664211,None,6033518,USD,None,393157,-896738,-858728,9507000,9507068,172068,34440,-4827308,4675646,-3934684,159836,167328,0,-172000,0,0,353233,38010,-180930,None,4675646,9.0,10.0
14,2016-12-31,USD,15674876,17350730,255199000,15674876,-1374966,-1732706,0,0,-1384959,248231,17201796,300888,-1675854,148934,9993,None,None,None,0,0,0,99516,20688744,0,-1484475,-1732706,None,USD,16784560,2067737,None,499150,11086950,3786318,857827,1781208,6033,-33090937,1998000,1622483,258470000,3988565,10229123,628531,102348,None,1301914,10805439,34831067,-10866425,1153000,6317724,None,None,7819384,None,None,6033,10962523,-33090937,None,None,986987,None,5979121,None,None,None,857827,None,None,None,25908699,16784560,3988565,None,6033518,USD,-7450447,2986489,-288776,-235000,433000,283000,1124000,7892191,-1484475,195063,200839,-73907,150081,-150000,-1200000,None,8703000,142268,53776,-1519617,None,195063,7.5,9.0
15,2016-09-30,USD,14622656,16797067,-1364010582,14622656,-1652740,-1358409,0,0,-1655794,-112345,16626512,521671,-2174411,170555,3054,None,None,None,0,0,0,-185040,-19421844,0,-1470754,-1358409,None,USD,14952911,2162895,None,430278,9155999,-3277335,2340632,2069392,6033,-31358231,None,1622483,0,3793502,6815367,201264,None,None,1302667,9112887,None,-3869680,0,4889107,0,0,4544711,0,0,6033,3884745,-31358231,0,None,751979,None,5840024,None,None,None,2340632,None,7077778,None,24190118,14952911,3793502,None,6033518,USD,None,-152794,-42264,0,25000,-535002,None,None,-1470754,-2716087,-2138821,127347,170555,-600000,-560002,0,0,-356748,42264,-456427,None,-2716087,4.5,7.5
16,2016-06-30,USD,12371673,14134138,675852552,12371673,-938272,-1315257,0,0,-940931,415879,13969480,824193,-1762465,164658,2659,None,None,None,0,0,0,-41553,10178208,0,-899378,-1315257,None,USD,17319617,2258054,None,509010,9737990,-2204965,2794829,2512041,5998,-29999822,None,1622483,0,6509589,6943161,176264,None,None,1341984,11353416,None,-2892469,0,4334817,0,0,4254856,0,0,5998,3884745,-29999822,0,None,743680,None,5966201,None,None,None,2794829,None,7077778,None,23904114,17319617,6509589,None,5998518,USD,None,-476119,-163511,0,-12500,-330498,None,None,-899378,-2760421,-2266412,-178836,202584,-450000,-317998,0,0,-407009,163511,-507654,None,-2760421,5.0,4.5
17,2016-03-31,USD,11815300,15544353,-331773537,11815300,-4117788,-4644701,0,0,-4129881,528606,15479986,-388735,-3729053,64367,12093,None,None,None,0,0,0,-13786,-5556390,0,-4116095,-4644701,None,USD,19566533,2353212,None,293828,11015247,-1269427,3583467,2670709,5876,-28684565,2811111,1622483,0,9270010,7431780,188764,188764,None,1247973,13558497,None,-2052089,0,3994659,0,0,4572307,0,23524517,5876,3884745,-28684565,0,None,746442,None,37926,None,None,None,3583467,None,None,None,23524517,19566533,9270010,None,5876852,USD,None,1384613,-81128,15000,-376000,4716771,-251852,-74424,-4116095,4625288,-10355,-15192,93544,-107224,5344623,0,0,2433849,96128,208926,None,4625288,5.93,5.0
18,2015-12-31,USD,10659708,12119180,503546045,10659708,-1395784,-1685611,0,0,-1496767,152648,11973586,63688,-1459472,145594,100983,None,None,None,0,0,0,36196,13930426,0,-1532963,-1685611,None,USD,14567599,1236622,None,358313,9784026,-4615759,2949633,1939181,5463,-24039865,127280692,2168833,9047514,4644722,6834393,1182712,45183,None,1219889,9192609,26152997,-943436,1041360,4189574,1432378,None,3712500,None,None,5463,None,-24039865,None,None,749646,None,5374990,None,None,None,2949633,None,None,None,19418643,14567599,4644722,None,4863389,USD,-20578437,-618367,-123408,-4300376,-7405000,2343148,1200,10645710,-1532963,719800,-1499940,65289,182475,-3798154,9152730,None,-17673333,61589,123408,342037,None,719800,4.75,5.93
19,2015-06-30,USD,10204125,11868822,None,10204125,-1777411,-2482366,None,None,-2137813,251862,11805071,-112714,-1664697,63751,360402,None,None,None,None,None,None,92691,None,None,-2230504,-2482366,None,USD,13263092,1339235,None,258224,16995350,-5216191,174280,1147645,4863,-21822887,None,2168833,None,3890477,16821070,11530606,None,None,577273,8200512,None,-8724259,None,4051811,None,None,4142819,None,None,4863,None,-21822887,None,None,742146,None,235093,None,None,None,174280,None,None,None,16601833,13263092,3890477,None,4863389,USD,None,677709,None,None,None,-595418,None,None,-2230504,-1123765,-528347,540615,209274,None,-595418,None,None,300631,0,-26072,None,-1123765,6.9,4.75
