,fiscalDateEnding,reportedCurrency_x,totalRevenue,totalOperatingExpense,costOfRevenue,grossProfit,ebit,netIncome_x,researchAndDevelopment,effectOfAccountingCharges,incomeBeforeTax,minorityInterest,sellingGeneralAdministrative,otherNonOperatingIncome,operatingIncome,otherOperatingExpense,interestExpense,taxProvision,interestIncome,netInterestIncome,extraordinaryItems,nonRecurring,otherItems,incomeTaxExpense,totalOtherIncomeExpense,discontinuedOperations,netIncomeFromContinuingOperations,netIncomeApplicableToCommonShares,preferredStockAndOtherAdjustments,reportedCurrency_y,totalAssets,intangibleAssets,earningAssets,otherCurrentAssets,totalLiabilities,totalShareholderEquity,deferredLongTermLiabilities,otherCurrentLiabilities,commonStock,retainedEarnings,otherLiabilities,goodwill,otherAssets,cash,totalCurrentLiabilities,shortTermDebt,currentLongTermDebt,otherShareholderEquity,propertyPlantEquipment,totalCurrentAssets,longTermInvestments,netTangibleAssets,shortTermInvestments,netReceivables,longTermDebt,inventory,accountsPayable,totalPermanentEquity,additionalPaidInCapital,commonStockTotalEquity,preferredStockTotalEquity,retainedEarningsTotalEquity,treasuryStock,accumulatedAmortization,otherNonCurrrentAssets,deferredLongTermAssetCharges,totalNonCurrentAssets,capitalLeaseObligations,totalLongTermDebt,otherNonCurrentLiabilities,totalNonCurrentLiabilities,negativeGoodwill,warrants,preferredStockRedeemable,capitalSurplus,liabilitiesAndShareholderEquity,cashAndShortTermInvestments,accumulatedDepreciation,commonStockSharesOutstanding,reportedCurrency,investments,changeInLiabilities,cashflowFromInvestment,otherCashflowFromInvestment,netBorrowings,cashflowFromFinancing,otherCashflowFromFinancing,changeInOperatingActivities,netIncome_y,changeInCash,operatingCashflow,otherOperatingCashflow,depreciation,dividendPayout,stockSaleAndPurchase,changeInInventory,changeInAccountReceivables,changeInNetIncome,capitalExpenditures,changeInReceivables,changeInExchangeRate,changeInCashAndCashEquivalents,clossingVal,nextClossingVal
0,2020-06-30,USD,6206000000,-3513000000,1488000000,4718000000,2326000000,1803000000,964000000,None,2030000000,None,1431000000,3000000,2323000000,-5908000000,296000000,227000000,3000000,-293000000,None,None,None,227000000,None,None,1803000000,1803000000,None,USD,65011000000,17948000000,None,2268000000,54352000000,10659000000,259000000,None,31610000000,-20168000000,9696000000,14678000000,856000000,9145000000,10523000000,91000000,91000000,-783000000,4843000000,22895000000,None,-21967000000,2276000000,5366000000,34133000000,3840000000,10432000000,None,None,31610000000,None,-20168000000,None,None,4647000000,None,42116000000,None,34133000000,9437000000,43829000000,None,None,None,None,65011000000,11421000000,None,586400000,USD,-1954000000,627000000,-2159000000,-47000000,2289000000,775000000,-17000000,327000000,1803000000,1458000000,2842000000,-144000000,930000000,-942000000,-555000000,-113000000,-222000000,-39000000,158000000,-222000000,None,1458000000,235.86,
1,2020-03-31,USD,6161000000,-3601000000,1513000000,4648000000,2366000000,1825000000,952000000,None,2020000000,None,1341000000,11000000,2355000000,-5894000000,346000000,195000000,11000000,-335000000,None,None,None,195000000,None,None,1825000000,1825000000,None,USD,61669000000,18653000000,None,2110000000,52184000000,9485000000,427000000,None,31525000000,-21378000000,10349000000,14683000000,1307000000,7687000000,11827000000,1840000000,1840000000,-662000000,4879000000,18813000000,None,-23851000000,325000000,5009000000,30008000000,3682000000,9987000000,None,None,31525000000,None,-21378000000,None,None,4641000000,None,42856000000,None,30008000000,9922000000,40357000000,None,None,None,None,61669000000,8012000000,None,588000000,USD,-87000000,64000000,-230000000,-1000000,1713000000,-254000000,-61000000,271000000,1825000000,1650000000,2134000000,393000000,897000000,-945000000,-961000000,-113000000,-955000000,23000000,142000000,-955000000,None,1650000000,202.73,235.86
2,2019-12-31,USD,6197000000,19219000000,1253000000,4944000000,2284000000,1703000000,1312000000,None,1983000000,None,1584000000,236000000,2048000000,24000000,301000000,280000000,236000000,-65000000,None,None,None,280000000,-112000000,None,1703000000,1703000000,None,USD,59707000000,19413000000,None,1888000000,50034000000,9673000000,606000000,1510000000,31531000000,-21330000000,9861000000,14703000000,955000000,6037000000,12835000000,2953000000,2953000000,-528000000,4928000000,18440000000,799000000,-24443000000,2874000000,4057000000,26950000000,3584000000,9882000000,None,None,31531000000,None,-21330000000,None,None,2223000000,None,41267000000,None,26950000000,9643000000,37199000000,None,None,None,None,59707000000,8911000000,None,591400000,USD,7598000000,284000000,-5963000000,-13373000000,1713000000,-1929000000,25000000,660000000,1703000000,-5378000000,2514000000,395000000,702000000,-860000000,-1094000000,35000000,-441000000,208000000,188000000,-441000000,None,-5378000000,241.07,202.73
3,2019-09-30,USD,5737000000,-3238000000,1036000000,4701000000,2590000000,1968000000,1001000000,None,2277000000,None,1224000000,114000000,2476000000,-5463000000,313000000,309000000,114000000,-199000000,None,None,None,309000000,-199000000,None,1968000000,1968000000,None,USD,59535000000,6702000000,None,3349000000,48608000000,10927000000,665000000,None,31451000000,-20136000000,9778000000,14705000000,988000000,11415000000,10737000000,2049000000,2049000000,-388000000,4901000000,31051000000,766000000,-10480000000,9438000000,3606000000,27742000000,3243000000,8688000000,None,None,31451000000,None,-20136000000,None,None,2176000000,None,28484000000,None,27742000000,9464000000,37871000000,None,None,None,None,59535000000,20853000000,None,596200000,USD,5814000000,735000000,5372000000,-272000000,-864000000,-2859000000,34000000,486000000,1968000000,5890000000,3377000000,-51000000,508000000,-868000000,-1161000000,17000000,165000000,35000000,170000000,165000000,None,5890000000,193.51,241.07
4,2019-06-30,USD,5871000000,-3393000000,1012000000,4859000000,2896000000,2179000000,924000000,None,2564000000,None,1257000000,218000000,2678000000,-5574000000,332000000,385000000,218000000,-114000000,None,None,None,385000000,-114000000,None,2179000000,2179000000,None,USD,59373000000,6813000000,None,2011000000,48579000000,10794000000,763000000,None,31313000000,-20054000000,9796000000,14689000000,1813000000,5525000000,10622000000,2816000000,2816000000,-465000000,4882000000,30746000000,768000000,-10708000000,16233000000,3801000000,27798000000,3176000000,7806000000,None,None,31313000000,None,-20054000000,None,None,2243000000,None,28627000000,None,27798000000,9396000000,37957000000,None,None,None,None,59373000000,21758000000,None,602100000,USD,2902000000,-812000000,2745000000,-13000000,-2650000000,-5992000000,-47000000,-94000000,2179000000,-1833000000,1414000000,-331000000,501000000,-880000000,-2415000000,-90000000,-21000000,-12000000,144000000,-21000000,None,-1833000000,184.28,193.51
5,2019-03-31,USD,5557000000,-3256000000,1055000000,4502000000,2657000000,1992000000,879000000,None,2314000000,None,1151000000,185000000,2472000000,-5286000000,343000000,322000000,185000000,-158000000,None,None,None,322000000,-158000000,None,1992000000,1992000000,None,USD,63997000000,7124000000,None,2063000000,53165000000,10832000000,811000000,None,31243000000,-19895000000,10772000000,14692000000,1015000000,7358000000,12706000000,3705000000,3705000000,-516000000,4892000000,35151000000,706000000,-10984000000,18943000000,3771000000,29319000000,3016000000,9001000000,None,None,31243000000,None,-19895000000,None,None,2138000000,None,28846000000,None,29319000000,10329000000,40459000000,None,None,None,None,63997000000,26301000000,None,614400000,USD,3682000000,-232000000,3555000000,-11000000,-1000000000,-4987000000,-54000000,-646000000,1992000000,413000000,1845000000,-149000000,495000000,-901000000,-3032000000,-28000000,-207000000,-26000000,116000000,-207000000,None,413000000,189.98,184.28
6,2018-12-31,USD,6230000000,13941000000,1096000000,5134000000,2537000000,1928000000,1182000000,0,2185000000,0,1570000000,155000000,2382000000,-325000000,352000000,None,None,None,0,0,0,257000000,-533000000,0,1928000000,1928000000,None,USD,66416000000,7443000000,None,1794000000,53916000000,12500000000,864000000,1449000000,31246000000,-17977000000,10918000000,14699000000,1015000000,6945000000,13488000000,4419000000,4419000000,-769000000,4958000000,37618000000,683000000,-9642000000,22359000000,3580000000,29510000000,2940000000,9069000000,None,None,31246000000,None,-17977000000,None,None,1698000000,None,28798000000,None,29510000000,10054000000,40428000000,None,None,None,None,66416000000,29304000000,None,629600000,USD,-4296000000,639000000,-4637000000,-116000000,-621000000,-3568000000,17000000,593000000,1928000000,-5011000000,3194000000,199000000,490000000,-840000000,-2124000000,90000000,-144000000,-8000000,225000000,-144000000,None,-5011000000,194.67,189.98
7,2018-09-30,USD,5904000000,-2966000000,1037000000,4867000000,2449000000,1859000000,926000000,0,2094000000,0,1618000000,126000000,2323000000,-5510000000,355000000,None,None,None,0,0,0,235000000,-553000000,0,1859000000,1859000000,None,USD,67333000000,7782000000,None,1941000000,52984000000,14349000000,978000000,6313000000,31145000000,-15987000000,11202000000,14684000000,1139000000,11956000000,12432000000,5077000000,5077000000,-809000000,4899000000,38320000000,509000000,-8117000000,17965000000,3441000000,29350000000,3017000000,7355000000,0,0,31145000000,0,-15987000000,0,None,1648000000,None,29013000000,None,29350000000,10224000000,40552000000,None,None,None,None,67333000000,29921000000,None,649000000,USD,1340000000,290000000,1132000000,-37000000,-621000000,-2580000000,143000000,464000000,1859000000,1825000000,3273000000,192000000,501000000,-851000000,-1729000000,42000000,114000000,275000000,171000000,114000000,None,1825000000,207.29,194.67
8,2018-06-30,USD,6059000000,-3476000000,1024000000,5035000000,2994000000,2296000000,869000000,0,2647000000,0,1334000000,162000000,2832000000,-5679000000,347000000,None,None,None,0,0,0,351000000,-147000000,0,2296000000,2296000000,None,USD,67684000000,8443000000,None,2008000000,52775000000,14909000000,1155000000,5891000000,31048000000,-15266000000,11361000000,14724000000,1159000000,10131000000,11205000000,4288000000,4288000000,-873000000,4922000000,37970000000,466000000,-8258000000,19264000000,3504000000,30209000000,3063000000,6917000000,0,0,31048000000,0,-15266000000,0,None,1625000000,None,29714000000,None,30209000000,10206000000,41570000000,None,None,None,None,67684000000,29395000000,None,649000000,USD,3121000000,-701000000,2938000000,4000000,-500000000,-4650000000,-41000000,-80000000,2296000000,390000000,2102000000,-26000000,484000000,-865000000,-3244000000,-28000000,36000000,41000000,187000000,36000000,None,390000000,184.59,207.29
9,2018-03-31,USD,5554000000,1884000000,944000000,4610000000,2957000000,2311000000,760000000,0,2619000000,0,1124000000,231000000,2726000000,1000000,338000000,None,None,None,0,0,0,308000000,-103000000,0,2311000000,2311000000,None,USD,71164000000,8779000000,None,1932000000,55544000000,15620000000,1215000000,7207000000,31001000000,-14387000000,11707000000,14771000000,1573000000,9741000000,10479000000,2183000000,2183000000,-994000000,4943000000,40689000000,409000000,-7930000000,22431000000,3633000000,33358000000,2952000000,8296000000,0,0,31001000000,0,-14387000000,0,None,1982000000,None,30475000000,None,33358000000,10492000000,45065000000,None,None,None,None,71164000000,32172000000,None,666400000,USD,14862000000,482000000,14906000000,199000000,-500000000,-11692000000,-44000000,272000000,2311000000,5941000000,2727000000,-72000000,471000000,-951000000,-10697000000,-107000000,-384000000,26000000,155000000,-384000000,None,5941000000,170.48,184.59
10,2017-12-31,USD,5802000000,2498000000,1059000000,4743000000,2546000000,-4264000000,1043000000,0,2214000000,0,1455000000,301000000,2245000000,-96000000,328000000,None,None,None,0,0,0,6478000000,-942000000,0,-4264000000,-4264000000,None,USD,79954000000,8609000000,None,1727000000,54713000000,25241000000,1166000000,6516000000,30992000000,-5072000000,10337000000,14761000000,25489000000,3800000000,9020000000,1152000000,1152000000,-679000000,4989000000,49476000000,1027000000,1871000000,37878000000,3237000000,34190000000,2834000000,7868000000,0,0,30992000000,0,-5072000000,0,None,2119000000,None,30478000000,None,34190000000,10337000000,45693000000,None,None,None,None,79954000000,41678000000,None,722200000,USD,123000000,615000000,-78000000,-48000000,-508000000,-2134000000,-3000000,207000000,-4264000000,800000000,3012000000,6767000000,449000000,-834000000,-789000000,187000000,-58000000,-913000000,153000000,171000000,None,800000000,173.9,170.48
11,2017-09-30,USD,5773000000,2344000000,990000000,4783000000,2706000000,2021000000,877000000,0,2381000000,0,1467000000,267000000,2439000000,213000000,325000000,None,None,None,0,0,0,360000000,102000000,0,2021000000,2021000000,None,USD,80331000000,8873000000,None,2070000000,48102000000,32229000000,2131000000,5315000000,30898000000,1774000000,4001000000,14776000000,25665000000,3000000000,8193000000,1999000000,35776000000,-443000000,4914000000,49752000000,None,8580000000,38351000000,3404000000,33777000000,2927000000,6194000000,0,0,30898000000,0,1774000000,0,None,2016000000,None,30579000000,None,33777000000,4001000000,39909000000,None,None,None,None,80331000000,41351000000,None,726600000,USD,-1781000000,526000000,-1976000000,-37000000,540000000,-1107000000,188000000,449000000,2021000000,371000000,3454000000,84000000,464000000,-838000000,-809000000,36000000,229000000,161000000,158000000,162000000,None,371000000,186.45,173.9
12,2017-06-30,USD,5810000000,2088000000,1024000000,4786000000,2863000000,2151000000,873000000,0,2542000000,0,1215000000,165000000,2698000000,-148000000,321000000,None,None,None,0,0,0,391000000,-30000000,0,2151000000,2151000000,None,USD,79587000000,9561000000,None,2694000000,47865000000,31722000000,2299000000,5473000000,30793000000,1378000000,4148000000,14766000000,26165000000,2629000000,7815000000,1459000000,35062000000,-449000000,4980000000,48442000000,None,7395000000,36598000000,3560000000,33603000000,2961000000,6356000000,0,0,30793000000,0,1378000000,0,None,1838000000,None,31145000000,None,33603000000,4148000000,40050000000,None,None,None,None,79587000000,39227000000,None,730700000,USD,-1598000000,-82000000,-1813000000,-30000000,644000000,-1242000000,-64000000,290000000,2151000000,-729000000,2326000000,-39000000,518000000,-846000000,-976000000,35000000,391000000,87000000,185000000,-344000000,None,-729000000,172.23,186.45
13,2017-03-31,USD,5464000000,1877000000,996000000,4468000000,2786000000,2071000000,769000000,0,2460000000,0,1108000000,195000000,2591000000,39000000,326000000,None,None,None,0,0,0,389000000,195000000,0,2071000000,2071000000,None,USD,77862000000,9922000000,None,1939000000,47225000000,30637000000,2370000000,5822000000,30766000000,233000000,4039000000,14757000000,26446000000,3358000000,10523000000,3799000000,3799000000,-362000000,4960000000,46456000000,None,5958000000,35040000000,3248000000,30293000000,2871000000,6724000000,0,0,30766000000,0,233000000,0,None,1767000000,None,31406000000,None,30293000000,4039000000,36702000000,None,None,None,None,77862000000,38398000000,None,736100000,USD,63000000,119000000,-157000000,-52000000,-605000000,-2111000000,-73000000,-155000000,2071000000,117000000,2385000000,-155000000,524000000,-847000000,-586000000,-125000000,47000000,-2000000,168000000,-47000000,None,117000000,164.07,172.23
14,2016-12-31,USD,5965000000,2413000000,1067000000,4898000000,2611000000,1935000000,1078000000,0,2283000000,0,1335000000,126000000,2485000000,37000000,328000000,None,None,None,0,0,0,348000000,-885000000,0,1935000000,1935000000,None,USD,77626000000,10279000000,None,2015000000,47751000000,29875000000,2436000000,5884000000,30784000000,-438000000,3918000000,14751000000,26655000000,3241000000,11204000000,4403000000,34596000000,-471000000,4961000000,46010000000,813000000,4845000000,34844000000,3165000000,30193000000,2745000000,6801000000,0,0,30784000000,0,-438000000,0,None,1625000000,None,31616000000,None,30193000000,3918000000,36547000000,None,None,None,None,77626000000,38085000000,None,738200000,USD,-999000000,245000000,-1222000000,4000000,-395000000,-2122000000,-52000000,195000000,1935000000,-244000000,3100000000,207000000,559000000,-747000000,-928000000,45000000,-214000000,131000000,227000000,-22000000,None,-244000000,146.21,164.07
15,2016-09-30,USD,5811000000,2257000000,1027000000,4784000000,2743000000,2017000000,990000000,0,2418000000,0,1267000000,216000000,2527000000,0,325000000,None,None,None,0,0,0,401000000,79000000,0,2017000000,2017000000,None,USD,78150000000,10690000000,None,1997000000,47377000000,30773000000,2412000000,4920000000,30691000000,221000000,3897000000,14802000000,27394000000,3485000000,10542000000,4797000000,4797000000,-139000000,4912000000,45844000000,None,5281000000,34495000000,3186000000,30526000000,2681000000,5745000000,0,0,30691000000,0,221000000,0,None,1902000000,None,32306000000,None,30526000000,3897000000,36835000000,None,None,None,None,78150000000,37980000000,None,744800000,USD,-2111000000,220000000,-2389000000,-111000000,2080000000,582000000,13000000,-5000000,2017000000,855000000,2662000000,-5000000,503000000,-747000000,-764000000,31000000,192000000,-31000000,167000000,-73000000,None,855000000,166.81,146.21
16,2016-06-30,USD,5688000000,2258000000,1050000000,4638000000,2517000000,1870000000,900000000,0,2204000000,0,1358000000,137000000,2380000000,0,313000000,None,None,None,0,0,0,334000000,-13000000,0,1870000000,1870000000,None,USD,75471000000,11068000000,None,2164000000,45338000000,30133000000,2598000000,4666000000,30595000000,-356000000,3982000000,14799000000,27640000000,2630000000,10830000000,5294000000,5294000000,-106000000,4884000000,42947000000,None,4266000000,32404000000,3078000000,27928000000,2671000000,5536000000,0,0,30595000000,0,-356000000,0,None,1773000000,None,32524000000,None,27928000000,3982000000,34508000000,None,None,None,None,75471000000,35034000000,None,748900000,USD,-328000000,103000000,-657000000,-141000000,-876000000,-2286000000,-116000000,-81000000,1870000000,-266000000,2677000000,-81000000,522000000,-752000000,-542000000,-23000000,119000000,307000000,188000000,-21000000,None,-266000000,152.15,166.81
17,2016-03-31,USD,5527000000,2107000000,1018000000,4509000000,2552000000,1900000000,872000000,0,2258000000,0,1235000000,150000000,2402000000,0,294000000,None,None,None,0,0,0,358000000,150000000,0,1900000000,1900000000,None,USD,75116000000,11448000000,None,1816000000,46434000000,28682000000,2202000000,5458000000,30588000000,-1638000000,3649000000,14804000000,28025000000,2896000000,8523000000,2247000000,None,-268000000,4885000000,42206000000,None,2430000000,31844000000,3078000000,32060000000,2572000000,6276000000,0,0,30588000000,0,-1638000000,0,None,1773000000,None,32910000000,None,32060000000,3649000000,37911000000,None,None,None,None,75116000000,34740000000,None,751300000,USD,-4239000000,-145000000,-4390000000,5000000,2784000000,1227000000,-129000000,None,1900000000,-1248000000,1915000000,-249000000,521000000,-752000000,-676000000,-133000000,98000000,119000000,156000000,-98000000,None,-1248000000,149.93,152.15
18,2015-12-31,USD,5536000000,2432000000,1071000000,4465000000,2197000000,1800000000,1093000000,0,1913000000,0,1339000000,164000000,2033000000,-3000000,284000000,None,None,None,0,0,0,113000000,-786000000,0,1800000000,1800000000,None,USD,71576000000,11641000000,None,1706000000,43493000000,28083000000,2239000000,5452000000,30649000000,-2086000000,3281000000,14787000000,28151000000,4144000000,8667000000,2250000000,2247000000,-480000000,4907000000,38518000000,579000000,1655000000,27238000000,2995000000,29306000000,2435000000,6417000000,0,0,30649000000,0,-2086000000,0,None,1723000000,None,33058000000,None,29306000000,3281000000,34826000000,None,None,None,None,71576000000,31382000000,None,754000000,USD,408000000,130000000,-233000000,-436000000,-124000000,-909000000,-23000000,148000000,1800000000,918000000,2060000000,-37000000,542000000,-596000000,-166000000,197000000,-420000000,-454000000,205000000,-118000000,None,918000000,162.33,149.93
19,2015-09-30,USD,5723000000,2350000000,1034000000,4689000000,2474000000,1863000000,1119000000,0,2192000000,0,1231000000,135000000,2339000000,0,282000000,None,None,None,0,0,0,329000000,-63000000,0,1863000000,1863000000,None,USD,71869000000,11613000000,None,2292000000,43902000000,27967000000,3109000000,4848000000,30556000000,-2352000000,3117000000,14674000000,28037000000,3226000000,7165000000,1250000000,None,-237000000,4988000000,38844000000,None,1680000000,27894000000,2901000000,30511000000,2531000000,5915000000,0,0,30556000000,0,-2352000000,0,None,1750000000,None,33025000000,None,30511000000,3117000000,36737000000,None,None,None,None,71869000000,31120000000,None,754900000,USD,-1820000000,432000000,-2003000000,-45000000,-125000000,-1440000000,15000000,None,1863000000,-569000000,2874000000,107000000,523000000,-599000000,-731000000,88000000,302000000,-36000000,138000000,-103000000,None,-569000000,138.18,162.33
