,fiscalDateEnding,reportedCurrency_x,totalRevenue,totalOperatingExpense,costOfRevenue,grossProfit,ebit,netIncome_x,researchAndDevelopment,effectOfAccountingCharges,incomeBeforeTax,minorityInterest,sellingGeneralAdministrative,otherNonOperatingIncome,operatingIncome,otherOperatingExpense,interestExpense,taxProvision,interestIncome,netInterestIncome,extraordinaryItems,nonRecurring,otherItems,incomeTaxExpense,totalOtherIncomeExpense,discontinuedOperations,netIncomeFromContinuingOperations,netIncomeApplicableToCommonShares,preferredStockAndOtherAdjustments,reportedCurrency_y,totalAssets,intangibleAssets,earningAssets,otherCurrentAssets,totalLiabilities,totalShareholderEquity,deferredLongTermLiabilities,otherCurrentLiabilities,commonStock,retainedEarnings,otherLiabilities,goodwill,otherAssets,cash,totalCurrentLiabilities,shortTermDebt,currentLongTermDebt,otherShareholderEquity,propertyPlantEquipment,totalCurrentAssets,longTermInvestments,netTangibleAssets,shortTermInvestments,netReceivables,longTermDebt,inventory,accountsPayable,totalPermanentEquity,additionalPaidInCapital,commonStockTotalEquity,preferredStockTotalEquity,retainedEarningsTotalEquity,treasuryStock,accumulatedAmortization,otherNonCurrrentAssets,deferredLongTermAssetCharges,totalNonCurrentAssets,capitalLeaseObligations,totalLongTermDebt,otherNonCurrentLiabilities,totalNonCurrentLiabilities,negativeGoodwill,warrants,preferredStockRedeemable,capitalSurplus,liabilitiesAndShareholderEquity,cashAndShortTermInvestments,accumulatedDepreciation,commonStockSharesOutstanding,reportedCurrency,investments,changeInLiabilities,cashflowFromInvestment,otherCashflowFromInvestment,netBorrowings,cashflowFromFinancing,otherCashflowFromFinancing,changeInOperatingActivities,netIncome_y,changeInCash,operatingCashflow,otherOperatingCashflow,depreciation,dividendPayout,stockSaleAndPurchase,changeInInventory,changeInAccountReceivables,changeInNetIncome,capitalExpenditures,changeInReceivables,changeInExchangeRate,changeInCashAndCashEquivalents,clossingVal,nextClossingVal
0,2020-06-30,USD,1172909000,105796000,980589000,192320000,85057000,55424000,31536000,None,69045000,716000,74260000,-1467000,86524000,None,16012000,12905000,1701000,-14311000,None,None,None,12905000,-3168000,None,56140000,55424000,None,USD,5115388000,None,None,41383000,2998460000,2089404000,None,None,287000,353390000,219863000,26140000,129463000,784159000,1282835000,408216000,148872000,19272000,2471977000,2341795000,None,2063264000,310634000,898717000,1396389000,306902000,874619000,None,None,287000,None,353390000,-217592000,None,275476000,None,2773593000,139539000,1396389000,319236000,1715625000,None,None,None,1934047000,5115388000,1094793000,None,241236000,USD,-248213000,0,-330521000,-3856000,29105000,27447000,-1658000,-36570000,56140000,-157261000,145813000,-36570000,124379000,None,None,None,None,1864000,78452000,None,None,-157261000,12.31,
1,2020-03-31,USD,1152616000,104835000,963708000,188908000,86388000,63889000,32253000,None,69343000,608000,72582000,2315000,84073000,None,17045000,4846000,2258000,-14787000,None,None,None,4846000,57000,None,64497000,63889000,None,USD,4811637000,None,None,34553000,2753012000,2031517000,None,None,287000,297966000,229681000,26235000,115968000,942057000,1047749000,248652000,141521000,19709000,2367746000,2153703000,None,2005282000,58263000,880629000,1371501000,238201000,799097000,None,None,287000,None,297966000,-217533000,None,263953000,None,2657934000,140983000,1371501000,333762000,1705263000,None,None,None,1931088000,4811637000,1000320000,None,241016000,USD,-55754000,0,-104592000,7050000,57341000,55095000,-2246000,-99852000,64497000,47092000,96589000,-99852000,123657000,None,None,None,None,8287000,55888000,None,None,47092000,7.79,12.31
2,2019-12-31,USD,1178464000,104599000,955480000,222984000,117253000,99147000,32771000,None,100580000,669000,71828000,-1132000,118385000,None,16673000,764000,1724000,-14949000,None,None,None,764000,446000,None,99816000,99147000,None,USD,4695615000,None,None,34620000,2705376000,1963739000,None,104882000,287000,234077000,234603000,25976000,114707000,895558000,1059803000,221523000,144479000,19115000,2553399000,2001533000,None,1937763000,None,850753000,1305755000,220602000,838280000,None,None,287000,None,234077000,-217479000,None,2668106000,None,2694082000,141200000,1305755000,339818000,1645573000,None,None,None,1927739000,4695615000,895558000,None,240805000,USD,-2043000,-16066000,-143672000,2307000,147833000,157984000,-1254000,138398000,99816000,294830000,280518000,193134000,127804000,None,11405000,10208000,-124140000,-10238000,143936000,-124140000,None,294830000,13.0,7.79
3,2019-09-30,USD,1083917000,103385000,901677000,182240000,80615000,54070000,32927000,None,63627000,416000,70458000,1760000,78855000,None,16988000,9141000,1269000,-15719000,None,None,None,9141000,491000,None,54486000,54070000,None,USD,4405930000,None,None,41891000,2518310000,1861639000,None,188476000,286000,134930000,226042000,26104000,109291000,601343000,992255000,260479000,102952000,27243000,2466067000,1663001000,None,1835535000,None,803104000,1195005000,216663000,731776000,None,None,286000,None,134930000,-216301000,None,250758000,None,2742929000,124229000,1195005000,331050000,1526055000,None,None,None,1915481000,4405930000,601343000,None,239624000,USD,-57794000,0,-57794000,-2969000,-9843000,-9553000,290000,-87697000,54486000,47057000,114404000,-87697000,129194000,None,None,10208000,-124140000,18421000,54825000,None,None,47057000,9.1,13.0
4,2019-06-30,USD,895305000,100944000,771851000,123454000,15544000,-9450000,36186000,None,-3109000,444000,64758000,-6966000,22510000,None,18653000,5897000,1598000,-17055000,None,None,None,5897000,-8564000,None,-9006000,-9450000,None,USD,4309284000,None,None,38988000,2478108000,1805311000,None,170869000,285000,80860000,234222000,26159000,121709000,554028000,1038893000,332730000,198230000,27317000,2515533000,1513120000,None,1779152000,None,702466000,1109945000,217638000,706163000,None,None,285000,None,80860000,-216254000,None,254472000,None,2796164000,113969000,1109945000,329270000,1439215000,None,None,None,1913103000,4309284000,554028000,None,239532000,USD,-58956000,0,-58956000,11500000,-560126000,-563889000,-3763000,-24291000,-9006000,-505974000,116871000,-24291000,132984000,None,None,10208000,-124140000,17184000,70456000,None,None,-505974000,7.46,9.1
5,2019-03-31,USD,894964000,107341000,774203000,120761000,17985000,-22879000,35754000,None,-1288000,211000,71587000,4565000,13420000,None,19273000,21380000,2064000,-17209000,None,None,None,21380000,2501000,None,-22668000,-22879000,None,USD,4847186000,None,None,32522000,3014604000,1807011000,None,167424000,285000,90310000,240885000,25449000,131649000,1057991000,1467618000,762439000,638702000,21456000,2564177000,2002929000,None,1781562000,None,684914000,1215262000,227502000,705179000,None,None,285000,None,90310000,-216219000,None,254631000,None,2844257000,103711000,1215262000,331724000,1546986000,None,None,None,1911179000,4847186000,1057991000,None,239458000,USD,-202067000,0,-202067000,1149000,526556000,523708000,-2848000,-77038000,-22668000,373698000,52057000,-77038000,135835000,None,None,10208000,-124140000,15928000,203216000,None,None,373698000,8.54,7.46
6,2018-12-31,USD,1081271000,106989000,898901000,182370000,75744000,28295000,37636000,0,57706000,599000,69353000,363000,75381000,0,18038000,None,None,None,-22284000,0,0,28812000,-19534000,0,28894000,28295000,None,USD,4495447000,None,None,32005000,2639547000,1830540000,None,1217732000,285000,113189000,263392000,25720000,148071000,684158000,1158423000,369816000,114579000,23812000,2650448000,1671208000,None,1804820000,None,724456000,1217732000,230589000,788607000,None,None,285000,None,113189000,-216171000,None,148071000,None,2824239000,None,1217732000,263392000,263392000,None,None,None,1909425000,4495447000,684158000,None,239385,USD,None,-111100000,-64113000,4973000,-44808000,-41217000,2541000,39333000,28894000,130862000,236192000,105572000,143900000,None,1050000,-16310000,80571000,4665000,69086000,80571000,-204000,130658000,6.56,8.54
7,2018-09-30,USD,1144192000,108004000,943485000,200707000,91388000,56662000,37541000,0,71618000,630000,70463000,-1315000,92703000,0,19770000,None,None,None,0,0,0,14326000,-21312000,0,57292000,56662000,None,USD,4495469000,24813000,None,35226000,2673628000,1796944000,0,314433000,285000,84894000,234303000,24813000,145336000,550224000,1171333000,351402000,97646000,19729000,2714084000,1611236000,None,1772131000,2559000,797678000,1267992000,228108000,819931000,1821841000,0,285000,0,84894000,-216135000,None,145336000,None,2884233000,None,1267992000,234303000,1502295000,None,None,None,1908171000,4495469000,550224000,None,239374000,USD,None,0,-86952000,1516000,42062000,39088000,-2974000,18648000,57292000,172975000,220839000,18648000,143666000,0,0,-16310000,80571000,1233000,88468000,None,None,172975000,7.39,6.56
8,2018-06-30,USD,1065684000,115776000,895967000,169717000,64942000,32591000,41076000,0,43815000,593000,74700000,11001000,53941000,0,21127000,None,None,None,0,0,0,10631000,-10126000,0,33184000,32591000,None,USD,4381681000,25472000,None,37148000,2611523000,1745751000,0,298366000,285000,28232000,235336000,25472000,143070000,382262000,1161652000,353829000,115057000,26385000,2754960000,1458179000,None,1720279000,2000000,795750000,1214535000,243019000,807823000,1770158000,0,285000,0,28232000,-216087000,None,143070000,None,2923502000,None,1214535000,235336000,1449871000,None,None,None,1906936000,4381681000,382262000,None,239366000,USD,None,0,-156713000,2252000,-14606000,-14569000,37000,-118937000,33184000,-112534000,58748000,-118937000,143006000,0,0,-16310000,80571000,1495000,158965000,None,None,-112534000,8.59,7.39
9,2018-03-31,USD,1025319000,121652000,867548000,157771000,32687000,9544000,40929000,0,12676000,651000,80723000,-3432000,36119000,0,20011000,None,None,None,0,0,0,2481000,-23443000,0,10195000,9544000,None,USD,4391710000,26546000,None,30837000,2644636000,1723125000,0,320454000,285000,-4359000,236414000,26546000,145702000,497183000,1168081000,328763000,105451000,37571000,2727878000,1491584000,None,1696579000,2000000,734953000,1240141000,228611000,839318000,1747074000,0,285000,0,-4359000,-216038000,None,145702000,None,2900126000,None,1240141000,236414000,1476555000,None,None,None,1905666000,4391710000,497183000,None,239334000,USD,None,0,-229605000,998000,-24380000,-23925000,455000,-339000,10195000,-105899000,147631000,-339000,142509000,0,0,-16310000,80571000,-4734000,230603000,None,None,-105899000,10.13,8.59
10,2017-12-31,USD,1148423000,5661200000,775383000,540635000,255026000,100770000,37956000,0,89161000,1173000,115366000,None,110128000,0,20106000,None,None,None,0,0,0,17719000,34521000,0,648689000,100770000,None,USD,4521509000,25036000,None,33727000,2830730000,1667328000,0,1240581000,285000,-42851000,225795000,25036000,175574000,598364000,1361789000,418106000,123848000,22519000,2695065000,1650870000,None,1642292000,2000000,692287000,1240581000,326492000,943683000,1690779000,1903357000,285000,0,-42851000,-215982000,None,150538000,None,2870639000,None,None,228360000,228360000,None,None,None,1903357000,4521509000,598364000,None,239184,USD,None,103099000,-454832000,-1648000,-121925000,-124886000,-6085000,27096000,100770000,47356000,618267000,None,581940000,0,0,-54195000,-118353000,-147736000,550943000,None,None,None,10.05,10.13
11,2017-09-30,USD,1135027000,118401000,918389000,216638000,94883000,54435000,42834000,0,74382000,1195000,75567000,-3354000,98237000,0,20501000,None,None,None,0,0,0,18752000,-4594000,0,55630000,54435000,None,USD,4412269000,25076000,None,39116000,2829419000,1560437000,0,341488000,285000,-143621000,229983000,25076000,139082000,521449000,1355739000,407750000,117970000,18309000,2706715000,1566472000,None,1535361000,2000000,691700000,1243697000,314207000,947989000,1582850000,0,285000,0,-143621000,-215917000,None,114006000,None,2845797000,None,1243697000,229983000,1473680000,None,None,None,1901381000,4412269000,521449000,None,239079000,USD,None,0,-139448000,2875000,-212360000,-212496000,-136000,15699000,55630000,-137992000,213952000,15699000,148599000,0,0,0,0,-5976000,142323000,None,None,-137992000,10.55,10.05
12,2017-06-30,USD,989447000,3942000,817212000,172235000,171483000,115507000,44268000,0,149032000,952000,67783000,3190000,168293000,-108109000,22451000,None,None,None,0,0,0,32573000,14099000,0,116459000,115507000,None,USD,4384131000,25161000,None,36889000,2857177000,1505594000,0,309705000,285000,-198056000,231396000,25161000,141689000,659627000,1388091000,544485000,1568240000,19263000,2645810000,1596632000,None,1480433000,2000000,604366000,1220236000,295750000,843606000,1526954000,0,285000,0,-198056000,-215868000,None,116528000,None,2787499000,None,1220236000,248850000,1469086000,None,None,None,1899970000,4384131000,659627000,None,239063000,USD,None,0,-97635000,85731000,44048000,44809000,771000,-60423000,116459000,44456000,97282000,-60423000,145252000,0,0,0,0,-104006000,183366000,None,None,44456000,9.77,10.55
13,2017-03-31,USD,913600000,118251000,770694000,142906000,13791000,-10006000,41556000,0,-8705000,862000,76695000,-10864000,24655000,0,22496000,None,None,None,0,0,0,439000,-33360000,0,-9144000,-10006000,None,USD,4178321000,25228000,None,65689000,2769392000,1388386000,0,313210000,285000,-313563000,244548000,25228000,131950000,615974000,1039107000,246758000,246758000,20078000,2551706000,1494665000,None,1363158000,2000000,545794000,1450737000,267208000,792349000,1408929000,0,285000,0,-313563000,-214700000,None,106722000,None,2683656000,None,1450737000,279548000,1730285000,None,None,None,1896286000,4178321000,615974000,None,238717000,USD,None,97601000,-88942000,-657000,44838000,40748000,-4100000,-22105000,-9144000,54483000,102677000,-22105000,141816000,-135000,145000,0,0,-7890000,88285000,None,None,54483000,11.59,9.77
14,2016-12-31,USD,1021613000,3599695000,677227000,481677000,339902000,100263000,33061000,0,119736000,939000,100498000,None,103389000,0,22414000,None,None,None,0,0,0,18534000,-49395000,0,130780000,100263000,None,USD,4092086000,24122000,None,27081000,2688682000,1383588000,0,1364638000,284000,-303557000,241633000,24122000,117742000,551518000,1005661000,179562000,35192000,6262000,2564648000,1409696000,None,1359466000,2000000,563107000,1439638000,267990000,901099000,1403404000,1895089000,284000,0,-303557000,-214490000,None,93620000,None,2682390000,None,None,243383000,243383000,None,None,None,1895089000,4092086000,551518000,None,238665000,USD,None,105046000,-589427000,14976000,-118990000,-112179000,-1436000,23864000,100263000,28147000,729402000,None,555186000,0,0,-28397000,-29126000,-6299000,650038000,None,None,None,10.55,11.59
15,2016-09-30,USD,1086014000,99185000,872214000,213800000,107958000,60089000,26822000,0,85227000,1052000,72363000,-6657000,114615000,0,22731000,None,None,None,0,0,0,24086000,-7572000,0,61141000,60089000,None,USD,4241114000,27908000,None,31637000,2901054000,1321048000,0,315298000,283000,-403820000,277880000,27908000,134599000,551836000,1074960000,210602000,210602000,50148000,2619469000,1487046000,None,1293140000,2000000,630984000,1473214000,272589000,864358000,1340060000,0,283000,0,-403820000,-214204000,None,106691000,None,2754068000,None,1473214000,352880000,1826094000,None,None,None,1888641000,4241114000,551836000,None,237695000,USD,None,70284000,-113804000,11892000,-59389000,-57200000,-208000,14205000,61141000,47413000,218417000,14205000,141276000,-143000,2540000,0,0,1795000,125696000,None,3103000,50516000,9.72,10.55
16,2016-06-30,USD,917326000,101064000,785720000,131606000,30784000,4713000,30168000,0,8726000,653000,70896000,242000,30542000,0,22058000,None,None,None,0,0,0,3360000,-1190000,0,5366000,4713000,None,USD,4120848000,27417000,None,29786000,2850848000,1251897000,0,278859000,283000,-463909000,273500000,27417000,133198000,501320000,1036844000,270973000,270973000,44241000,2625123000,1362527000,None,1224480000,2000000,579794000,1465504000,251627000,765871000,1270000000,0,283000,0,-463909000,-213996000,None,105781000,None,2758321000,None,1465504000,348500000,1814004000,None,None,None,1885278000,4120848000,501320000,None,237141000,USD,None,70284000,-157216000,-30000,97632000,97438000,-119000,-6137000,5366000,75323000,135101000,-6137000,138105000,-135000,60000,0,0,-2233000,157186000,None,10532000,85855000,5.75,9.72
17,2016-03-31,USD,868682000,100790000,745798000,122884000,18902000,-875000,27155000,0,1468000,470000,73635000,-3192000,22094000,0,17434000,None,None,None,0,0,0,1873000,-20626000,0,-405000,-875000,None,USD,3959154000,20840000,None,29363000,2713987000,1227582000,0,281905000,283000,-461025000,265451000,20840000,123354000,415465000,940110000,226127000,None,17804000,2616227000,1219573000,None,1206742000,2000000,537745000,1433426000,237000000,713983000,0,0,283000,0,-461025000,-213877000,None,102514000,None,2739581000,None,1433426000,340451000,1773877000,None,None,None,1884397000,3959154000,415465000,None,237045000,USD,None,None,-199139000,-351000,-56662000,-56916000,-119000,None,-405000,-117957000,138098000,5311000,137136000,-135000,0,0,0,-3944000,198788000,None,8250000,-109707000,5.89,5.75
18,2015-12-31,USD,670644000,2719764000,444487000,352665000,164839000,23363000,22898000,0,36778000,409000,81698000,None,20922000,0,18332000,None,None,None,0,0,0,837000,-75549000,0,53893000,23304000,None,USD,4031300000,19443000,None,27960000,2806167000,1207883000,0,1444107000,283000,-460150000,263946000,19443000,134803000,525172000,1018184000,319750000,76770000,-2084000,2579017000,1317480000,None,1188440000,2000000,526143000,1519107000,238205000,773434000,0,0,283000,0,-460150000,-213758000,None,115360000,None,2713820000,None,None,268876000,268876000,None,None,None,1883592000,4031300000,525172000,None,237005000,USD,-12908000,-48368000,-514990000,6999000,2970000,9643000,-1288000,-84336000,51098000,72598000,577945000,None,494200000,0,0,27677000,122840000,20199000,537975000,None,None,None,6.08,5.89
19,2015-09-30,USD,734362000,75305000,607762000,126600000,64527000,28174000,21073000,0,43933000,847000,54232000,13232000,51295000,0,18938000,None,None,None,0,0,0,16568000,24015000,0,27365000,28174000,None,USD,3647488000,0,None,53858000,2444083000,1186441000,0,222376000,283000,-450429000,251516000,0,257816000,432444000,752191000,221281000,None,-32366000,2284901000,1104771000,146639000,1186441000,2000000,410256000,1365376000,208213000,530910000,0,0,283000,0,-450429000,-213576000,None,111177000,None,2542717000,None,1365376000,326516000,1691892000,None,None,None,1882529000,3647488000,432444000,None,236906000,USD,None,None,-156695000,1589000,-50000000,-50243000,-121000,None,29021000,-11853000,195085000,43385000,123252000,-123000,1000,0,0,-573000,158284000,None,None,-11853000,4.49,6.08
