,fiscalDateEnding,reportedCurrency_x,totalRevenue,totalOperatingExpense,costOfRevenue,grossProfit,ebit,netIncome_x,researchAndDevelopment,effectOfAccountingCharges,incomeBeforeTax,minorityInterest,sellingGeneralAdministrative,otherNonOperatingIncome,operatingIncome,otherOperatingExpense,interestExpense,taxProvision,interestIncome,netInterestIncome,extraordinaryItems,nonRecurring,otherItems,incomeTaxExpense,totalOtherIncomeExpense,discontinuedOperations,netIncomeFromContinuingOperations,netIncomeApplicableToCommonShares,preferredStockAndOtherAdjustments,reportedCurrency_y,totalAssets,intangibleAssets,earningAssets,otherCurrentAssets,totalLiabilities,totalShareholderEquity,deferredLongTermLiabilities,otherCurrentLiabilities,commonStock,retainedEarnings,otherLiabilities,goodwill,otherAssets,cash,totalCurrentLiabilities,shortTermDebt,currentLongTermDebt,otherShareholderEquity,propertyPlantEquipment,totalCurrentAssets,longTermInvestments,netTangibleAssets,shortTermInvestments,netReceivables,longTermDebt,inventory,accountsPayable,totalPermanentEquity,additionalPaidInCapital,commonStockTotalEquity,preferredStockTotalEquity,retainedEarningsTotalEquity,treasuryStock,accumulatedAmortization,otherNonCurrrentAssets,deferredLongTermAssetCharges,totalNonCurrentAssets,capitalLeaseObligations,totalLongTermDebt,otherNonCurrentLiabilities,totalNonCurrentLiabilities,negativeGoodwill,warrants,preferredStockRedeemable,capitalSurplus,liabilitiesAndShareholderEquity,cashAndShortTermInvestments,accumulatedDepreciation,commonStockSharesOutstanding,reportedCurrency,investments,changeInLiabilities,cashflowFromInvestment,otherCashflowFromInvestment,netBorrowings,cashflowFromFinancing,otherCashflowFromFinancing,changeInOperatingActivities,netIncome_y,changeInCash,operatingCashflow,otherOperatingCashflow,depreciation,dividendPayout,stockSaleAndPurchase,changeInInventory,changeInAccountReceivables,changeInNetIncome,capitalExpenditures,changeInReceivables,changeInExchangeRate,changeInCashAndCashEquivalents,clossingVal,nextClossingVal
0,2020-06-30,USD,85806000,36099000,52629000,33177000,-1469000,-192000,16149000,None,-1504000,-1237000,19950000,1453000,-2922000,None,35000,-75000,198000,163000,None,None,None,-75000,1255000,None,-1429000,-192000,None,USD,600058000,40271000,None,10862000,157621000,397681000,760000,3481000,5000,120127000,15183000,3633000,36870000,89588000,93286000,12075000,12075000,-5173000,238236000,266821000,None,357410000,11101000,50544000,34622000,104726000,77730000,None,None,5000,None,120127000,-114119000,None,30495000,None,24235000,18011000,34622000,28953000,64335000,None,None,None,396841000,600058000,100689000,None,47494909,USD,-10066000,9742000,-10066000,313000,-1236000,12456000,None,-1694000,-1429000,32479000,30089000,-1371000,5066000,None,12454000,3519000,8033000,6529000,10889000,8033000,None,32479000,22.46,
1,2020-03-31,USD,84688000,29343000,47865000,36823000,5881000,3949000,15303000,None,5805000,-424000,14040000,-1599000,7480000,None,76000,2280000,153000,77000,None,None,None,2280000,-1752000,None,3525000,3949000,None,USD,572831000,40472000,None,9023000,149458000,377514000,765000,3481000,5000,120319000,14447000,3571000,35427000,59000000,83371000,11458000,11458000,-5461000,231476000,246724000,None,337042000,12203000,58598000,36410000,107900000,68432000,None,None,5000,None,120319000,-108493000,None,29924000,None,24235000,18711000,36410000,28912000,66087000,None,None,None,371144000,572831000,71203000,None,46306103,USD,-510000,-5679000,-8722000,-206000,739000,-11449000,-1238000,670000,3525000,-18694000,1477000,1969000,4974000,None,-10950000,2241000,-12487000,6934000,8006000,-12487000,None,-18694000,14.84,22.46
2,2019-12-31,USD,83383000,33625000,50002000,33381000,1229000,-1026000,19644000,None,1186000,1781000,13981000,1473000,-244000,None,43000,431000,256000,213000,None,None,None,431000,1217000,None,755000,-1026000,None,USD,586971000,41153000,None,9538000,159443000,381366000,867000,3175000,5000,116370000,13725000,3634000,37029000,77840000,90009000,7741000,7741000,-4687000,233856000,255241000,None,340213000,11675000,45687000,39394000,110501000,79093000,None,None,5000,None,116370000,-97627000,None,30848000,None,25873000,19490000,39394000,29173000,69434000,None,None,None,367305000,586971000,89515000,None,46576968,USD,1010000,-3375000,-7352000,48000,1955000,-10382000,None,-744000,755000,-12082000,5652000,4311000,4806000,None,-12337000,43000,-20000,-868000,8410000,-20000,None,-12082000,19.29,14.84
3,2019-09-30,USD,80137000,32848000,44885000,35252000,1604000,1310000,18606000,None,1582000,-326000,14242000,-800000,2404000,None,22000,598000,450000,428000,None,None,None,598000,-1250000,None,984000,1310000,None,USD,585636000,41139000,None,12337000,151983000,389405000,976000,3090000,5000,117396000,10368000,3786000,33077000,87901000,86596000,6969000,6969000,-5848000,222158000,268903000,None,348266000,12666000,46145000,38079000,109854000,76537000,None,None,5000,None,117396000,-83853000,None,32690000,20746000,316733000,20030000,38079000,26332000,65387000,None,None,None,361705000,585636000,100567000,None,47199907,USD,-9825000,-11083000,-18622000,-119000,-1600000,-3888000,18298000,-2955000,984000,-34513000,-12003000,-4572000,4467000,None,-2445000,-11134000,5022000,4313000,8678000,5022000,None,-34513000,19.83,19.29
4,2019-06-30,USD,79047000,31414000,46660000,32387000,61117000,47787000,15996000,None,61093000,-867000,15418000,60144000,973000,None,24000,14173000,143000,119000,None,None,None,14173000,60001000,None,46920000,47787000,None,USD,601301000,41718000,None,10354000,169013000,387845000,1025000,2737000,5000,116086000,10467000,3930000,34261000,122663000,100999000,6941000,6941000,-4223000,220060000,284134000,None,346127000,2836000,49049000,39793000,99232000,91321000,None,None,5000,None,116086000,-79459000,None,34643000,20746000,317167000,20491000,39793000,27196000,68014000,None,None,None,355436000,601301000,125499000,None,47217675,USD,-9669000,-2819000,-9669000,54000,-1909000,-742000,-16058000,2211000,46920000,41312000,51723000,7098000,4319000,None,17225000,-20505000,2761000,13949000,9723000,2761000,None,41288000,21.11,19.83
5,2019-03-31,USD,79790000,34075000,48887000,30903000,-3603000,868000,14607000,None,-3633000,-3022000,19468000,-431000,-3172000,None,30000,-1479000,118000,118000,None,None,None,-1479000,-579000,None,-2154000,868000,None,USD,544718000,42255000,None,10821000,164452000,334986000,1067000,2560000,5000,68299000,10346000,3895000,42910000,81386000,111959000,17587000,17587000,-4126000,214836000,230143000,None,292731000,2834000,56522000,30973000,78580000,91812000,None,None,5000,None,68299000,-78393000,None,26866000,30618000,314575000,13734000,30973000,20453000,52493000,None,None,None,349201000,544718000,84220000,None,47098624,USD,-14884000,5557000,-14884000,-140000,-1657000,11229000,15901000,-4729000,-2154000,-7265000,-3610000,-6442000,4518000,None,-3015000,-9507000,-1061000,5479000,14744000,-1061000,24000,-7241000,20.43,21.11
6,2018-12-31,USD,89690000,32906000,55182000,34508000,647000,1909000,16496000,0,646000,-149000,16410000,-955000,1602000,0,1000,None,None,None,0,0,0,-1114000,-2213000,0,1760000,1909000,None,USD,513563000,42267000,None,5485000,149204000,332435000,1031000,11891000,5000,67485000,10386000,3951000,40536000,90492000,106834000,18229000,17886000,-4013000,210418000,220342000,None,290168000,2831000,52212000,31272000,69322000,88605000,None,None,5000,None,67485000,-75476000,None,9918000,30618000,293221000,None,31984000,9355000,42370000,None,None,None,344434000,513563000,93323000,None,46631118,USD,-2000,8427000,-8797000,787000,-977000,16922000,11834000,1804000,1718000,17642000,9517000,3996000,4380000,None,17899000,-4100000,-8439000,3535000,9582000,-8439000,-39000,17603000,19.9,20.43
7,2018-09-30,USD,75543000,26710000,46283000,29260000,2698000,2389000,11340000,0,2574000,-773000,15370000,148000,2550000,0,124000,None,None,None,0,0,0,958000,24000,0,1616000,2389000,None,USD,480642000,42727000,None,6670000,139372000,319416000,1303000,6352000,5000,65618000,10145000,3997000,40585000,72889000,96621000,18592000,18592000,-3576000,202526000,194804000,None,276689000,2829000,47002000,32606000,65414000,78029000,0,0,5000,0,65618000,-72896000,None,11127000,29458000,285838000,None,32606000,8842000,42751000,None,None,None,330265000,480642000,75718000,None,46159652,USD,-11000,10324000,-12876000,-230000,-1377000,17804000,26202000,-2144000,1658000,20709000,15781000,2273000,4115000,0,19181000,-3509000,-2635000,3555000,12635000,-2635000,-45000,20664000,19.24,19.9
8,2018-06-30,USD,71040000,29013000,44884000,26156000,-4016000,-2790000,15468000,0,-4116000,21854000,13545000,-1159000,-2857000,0,100000,None,None,None,0,0,0,-1326000,-1259000,0,-2790000,-2790000,None,USD,451646000,43450000,None,4404000,131120000,320526000,1325000,6234000,5000,66780000,9835000,4361000,40009000,52225000,87590000,18891000,18891000,-3166000,198241000,169946000,None,277076000,2818000,48821000,33695000,61678000,68699000,0,0,5000,0,66780000,-65450000,None,11752000,28257000,281700000,None,33695000,8510000,43530000,None,None,None,322357000,451646000,55043000,None,46416789,USD,-3000,7550000,-11771000,483000,6838000,1110000,26202000,2476000,-2790000,-6128000,4533000,1013000,4091000,0,-7521000,184000,-9856000,4341000,12251000,-9856000,-349000,-6477000,15.26,19.24
9,2018-03-31,USD,58393000,26979000,41332000,17061000,-9012000,-7246000,14260000,0,-9030000,21854000,12719000,906000,-9918000,0,18000,None,None,None,0,0,0,-1784000,888000,0,-7246000,-7246000,None,USD,449782000,44850000,None,5661000,122678000,327104000,1425000,12569000,5000,69570000,10430000,4583000,38971000,58702000,72542000,6061000,6061000,-910000,191915000,174046000,None,282254000,2826000,44077000,39706000,62780000,66481000,0,0,5000,0,69570000,-58226000,None,10714000,28257000,275736000,None,39706000,9005000,50136000,None,None,None,316665000,449782000,61528000,None,46656793,USD,-201000,2858000,-8738000,3803000,-1411000,-10828000,-1793000,-761000,-7246000,-11206000,8360000,-2522000,3930000,0,-7624000,1441000,4635000,5264000,12340000,4635000,159000,-11047000,18.75,15.26
10,2017-12-31,USD,60402000,22243000,39823000,20579000,-929000,1468000,11393000,0,-1063000,0,10850000,735000,-1664000,0,134000,None,None,None,0,0,0,-2531000,4332000,0,1468000,1468000,None,USD,454665000,45140000,None,9753000,117336000,337329000,1361000,40926000,5000,76235000,7939000,4461000,81548000,69749000,67192000,6312000,5985000,-2100000,185339000,187778000,None,292189000,2635000,42032000,40844000,63609000,60880000,0,0,5000,0,76235000,-50702000,None,8663000,27745000,266887000,None,40844000,7939000,50144000,None,None,None,313891000,454665000,72384000,None,46623581,USD,-1995000,13920000,-10129000,-11000,-1331000,-802000,None,-4817000,1468000,-1166000,9765000,-12828000,3921000,0,529000,6268000,-8102000,8027000,10118000,-11011000,-160000,-1326000,19.24,18.75
11,2017-09-30,USD,57916000,23461000,37275000,20641000,-1727000,175000,10040000,0,-1991000,0,13421000,1093000,-2820000,0,264000,None,None,None,0,0,0,-2166000,-159000,0,175000,175000,None,USD,437766000,45731000,None,8660000,107111000,330655000,2801000,3649000,5000,74767000,5896000,4401000,88228000,71075000,57397000,6212000,6212000,-2595000,173046000,176492000,None,284924000,2522000,24595000,42232000,69640000,47536000,0,0,5000,0,74767000,-44730000,None,10623000,31874000,261274000,None,42232000,4681000,49714000,None,None,None,303208000,437766000,73597000,None,45896393,USD,-1795000,-8796000,-12970000,238000,2102000,-5513000,-1793000,-2685000,175000,-16011000,2472000,-2685000,3838000,0,-337000,5417000,2909000,4434000,11413000,89000,387000,-15624000,17.87,19.24
12,2017-06-30,USD,65187000,24562000,38440000,26747000,3410000,1972000,10732000,0,3173000,0,13830000,1225000,2185000,0,237000,None,None,None,0,0,0,1201000,888000,0,1972000,1972000,None,USD,443997000,45869000,None,7187000,110683000,333314000,1961000,2955000,5000,74592000,5337000,4271000,88698000,86699000,63701000,6205000,46312000,-3220000,161720000,193579000,None,287445000,727000,24509000,40107000,74457000,54541000,0,0,5000,0,74592000,-37168000,None,10955000,31874000,250418000,None,40107000,4914000,46982000,None,None,None,299105000,443997000,87426000,None,46248945,USD,19000,-11149000,-9562000,-3280000,9842000,10315000,9451000,-1450000,1972000,5327000,4574000,-1450000,3847000,0,-8978000,5074000,2820000,4380000,6301000,1900000,451000,5778000,17.86,17.87
13,2017-03-31,USD,56670000,21424000,33842000,22828000,1695000,893000,11250000,0,1504000,0,12817000,291000,1404000,-2643000,191000,None,None,None,0,0,0,611000,100000,0,893000,893000,None,USD,435612000,45993000,None,8147000,110051000,325561000,1753000,2067000,5000,72620000,4569000,4031000,86806000,78285000,72861000,5263000,5263000,-4230000,157389000,191417000,None,279568000,746000,26102000,31148000,78137000,65531000,0,0,5000,0,72620000,-28190000,None,8939000,31874000,244195000,None,31148000,4289000,37190000,None,None,None,285356000,435612000,79031000,None,45958244,USD,-219000,12712000,-6094000,1392000,-1342000,-11718000,-2173000,738000,893000,4586000,22398000,344000,3830000,0,-8203000,1891000,920000,1808000,7267000,920000,-174000,4412000,14.5,17.86
14,2016-12-31,USD,63543000,24471000,43582000,19961000,-4569000,-2742000,12608000,0,-4623000,0,12194000,-59000,-4510000,0,54000,None,None,None,0,331000,0,-1881000,-1350000,0,-2742000,-2742000,None,USD,427738000,50307000,None,3272000,98483000,329255000,1552000,1800000,5000,70855000,4055000,3976000,90698000,73744000,60617000,5366000,5366000,-4696000,152944000,184096000,None,278948000,527000,26799000,32356000,79754000,53451000,0,0,5000,0,70855000,-20032000,None,9390000,31001000,243642000,None,32356000,3958000,37866000,None,None,None,283123000,427738000,74271000,None,46248622,USD,329000,1874000,-7113000,-517000,-4684000,-1261000,2205000,1129000,-2742000,5632000,14006000,398000,3821000,0,1218000,9762000,6377000,1272000,6925000,-379000,124000,5756000,18.42,14.5
15,2016-09-30,USD,64223000,21815000,36611000,27612000,6282000,3890000,9723000,0,6001000,0,12092000,485000,5797000,0,281000,None,None,None,0,-662000,0,2111000,782000,0,3890000,3890000,None,USD,428837000,51732000,None,3983000,100384000,328453000,1784000,2399000,5000,73597000,3768000,4210000,86699000,67988000,60837000,8541000,8541000,-2581000,151952000,190186000,None,276721000,856000,26709000,34163000,90650000,49897000,0,0,5000,0,73597000,-19111000,None,7544000,27423000,238651000,None,34163000,3600000,39547000,None,None,None,276543000,428837000,68844000,None,46038022,USD,-856000,-4338000,-14962000,-8106000,37000,13472000,-100000,-3649000,3890000,-192000,1298000,232000,3734000,0,13535000,-2125000,6756000,3313000,6000000,-3408000,130000,-62000,18.97,18.42
16,2016-06-30,USD,68033000,21384000,36319000,31714000,10057000,6895000,10480000,0,9752000,0,10790000,-273000,10330000,0,305000,None,None,None,0,114000,0,2857000,-319000,0,6895000,6895000,None,USD,408586000,43298000,None,1752000,101122000,307464000,166000,3178000,5000,69707000,3713000,4159000,78626000,68050000,65667000,10904000,10904000,-2690000,148647000,181313000,None,264166000,1390000,23184000,31742000,88327000,51585000,0,0,5000,0,69707000,-18344000,None,7884000,27444000,227273000,None,31742000,3547000,35455000,None,None,None,258786000,408586000,68050000,None,45091332,USD,-856000,-1620000,-8006000,-3077000,1525000,1962000,-159000,957000,6895000,3282000,9326000,2499000,3635000,0,596000,-6578000,10164000,4529000,4929000,-34000,46000,3328000,16.12,18.97
17,2016-03-31,USD,59366000,20827000,34464000,24902000,4200000,2489000,8388000,0,3816000,0,12222000,125000,4075000,0,384000,None,None,None,0,217000,0,1327000,-259000,0,2489000,2489000,None,USD,395006000,44024000,None,3092000,98421000,296585000,1179000,1918000,5000,62812000,4408000,4321000,76880000,64617000,64921000,11177000,None,-2039000,144684000,173442000,None,252561000,1285000,23491000,29092000,82242000,51826000,0,0,5000,0,62812000,-14876000,None,5412000,27444000,221564000,None,29092000,3229000,33500000,None,None,None,250683000,395006000,64617000,None,44942101,USD,None,3261000,-9420000,-5892000,-1332000,-7033000,-1083000,None,2489000,-2523000,13930000,1676000,3446000,0,-4618000,-10774000,10198000,3634000,3528000,10198000,-219000,-2742000,12.0,16.12
18,2015-12-31,USD,76912000,18800000,43741000,33171000,10542000,7533000,8654000,0,10338000,0,10018000,-3829000,14371000,0,204000,None,None,None,0,128000,0,2805000,-7333000,0,7533000,7533000,None,USD,390136000,39901000,None,4439000,94626000,295510000,1339000,2501000,5000,60323000,4506000,3726000,72041000,67359000,59955000,10934000,10934000,-2475000,142161000,175934000,None,255609000,1285000,33471000,30165000,70665000,46520000,0,0,5000,0,60323000,-10172000,None,4696000,27444000,214202000,None,30165000,3167000,34671000,None,None,None,247829000,390136000,67359000,None,45198491,USD,-527000,-5603000,-4459000,-726000,-5019000,-5571000,343000,-699000,7533000,-6743000,3287000,6261000,3305000,0,-895000,1226000,-11012000,-1129000,3733000,-8306000,2136000,-4607000,14.23,12.0
19,2015-09-30,USD,63868000,21326000,42927000,17578000,-4044000,-3008000,11117000,0,-4276000,0,10205000,-296000,-3748000,0,232000,None,None,None,0,4000,0,-1268000,567000,0,-3008000,-3008000,None,USD,395027000,40485000,None,4200000,111241000,283786000,7338000,3038000,5000,49030000,3396000,3832000,54787000,70681000,70653000,14762000,None,-3760000,141181000,199059000,None,243301000,1285000,50471000,31354000,72422000,52853000,0,0,5000,0,52790000,-5994000,None,4364000,9938000,195968000,None,31354000,1896000,40588000,None,None,None,240745000,395027000,71966000,None,45000000,USD,None,-1617000,-3702000,243000,-3973000,-3721000,-857000,None,-3008000,-3870000,3553000,-1009000,3390000,0,-4871000,8549000,2706000,2968000,3945000,-5156000,88000,-3782000,11.69,14.23
