,fiscalDateEnding,reportedCurrency_x,totalRevenue,totalOperatingExpense,costOfRevenue,grossProfit,ebit,netIncome_x,researchAndDevelopment,effectOfAccountingCharges,incomeBeforeTax,minorityInterest,sellingGeneralAdministrative,otherNonOperatingIncome,operatingIncome,otherOperatingExpense,interestExpense,taxProvision,interestIncome,netInterestIncome,extraordinaryItems,nonRecurring,otherItems,incomeTaxExpense,totalOtherIncomeExpense,discontinuedOperations,netIncomeFromContinuingOperations,netIncomeApplicableToCommonShares,preferredStockAndOtherAdjustments,reportedCurrency_y,totalAssets,intangibleAssets,earningAssets,otherCurrentAssets,totalLiabilities,totalShareholderEquity,deferredLongTermLiabilities,otherCurrentLiabilities,commonStock,retainedEarnings,otherLiabilities,goodwill,otherAssets,cash,totalCurrentLiabilities,shortTermDebt,currentLongTermDebt,otherShareholderEquity,propertyPlantEquipment,totalCurrentAssets,longTermInvestments,netTangibleAssets,shortTermInvestments,netReceivables,longTermDebt,inventory,accountsPayable,totalPermanentEquity,additionalPaidInCapital,commonStockTotalEquity,preferredStockTotalEquity,retainedEarningsTotalEquity,treasuryStock,accumulatedAmortization,otherNonCurrrentAssets,deferredLongTermAssetCharges,totalNonCurrentAssets,capitalLeaseObligations,totalLongTermDebt,otherNonCurrentLiabilities,totalNonCurrentLiabilities,negativeGoodwill,warrants,preferredStockRedeemable,capitalSurplus,liabilitiesAndShareholderEquity,cashAndShortTermInvestments,accumulatedDepreciation,commonStockSharesOutstanding,reportedCurrency,investments,changeInLiabilities,cashflowFromInvestment,otherCashflowFromInvestment,netBorrowings,cashflowFromFinancing,otherCashflowFromFinancing,changeInOperatingActivities,netIncome_y,changeInCash,operatingCashflow,otherOperatingCashflow,depreciation,dividendPayout,stockSaleAndPurchase,changeInInventory,changeInAccountReceivables,changeInNetIncome,capitalExpenditures,changeInReceivables,changeInExchangeRate,changeInCashAndCashEquivalents,clossingVal,nextClossingVal
0,2020-06-30,USD,6312000,-3916000,None,6312000,10228000,1741000,None,None,2395000,None,-3916000,None,10228000,905000,455000,654000,6975000,6520000,None,None,None,654000,None,None,1741000,1741000,None,USD,870918000,16321000,351795000,None,780648000,90270000,None,741650000,30745000,52927000,8677000,16321000,477908000,116914000,758650000,17000000,17000000,6598000,979000,376400000,460440000,73949000,252353000,7133000,10460000,None,11538000,None,None,30745000,None,52927000,None,None,16778000,None,494518000,None,10460000,11538000,21998000,None,None,None,None,870918000,369267000,None,5938009,USD,-68985000,1142000,-68964000,47000,11960000,150060000,150474000,1057000,1741000,86030000,4934000,-926000,1549000,-415000,None,None,-926000,569000,26000,None,None,86030000,10.65,
1,2020-03-31,USD,6145000,-4216000,None,6145000,10361000,1432000,None,None,1929000,None,-4216000,None,10361000,849000,527000,497000,6715000,6188000,None,None,None,497000,None,None,1432000,1432000,None,USD,716053000,16321000,271523000,None,629199000,86854000,None,603136000,30634000,51600000,7517000,16321000,406366000,30931000,608136000,5000000,5000000,4620000,996000,293999000,388044000,70533000,255864000,7204000,10500000,None,10563000,None,None,30634000,None,51600000,None,None,16693000,None,422054000,None,10500000,10563000,21063000,None,None,None,None,716053000,286795000,None,5918375,USD,15425000,-2380000,15401000,47000,-4000000,-6114000,-5701000,-2464000,1432000,8862000,-425000,-407000,459000,-412000,None,None,-407000,471000,24000,None,None,8862000,8.62,10.65
2,2019-12-31,USD,6363000,-4345000,None,6363000,10708000,1507000,None,None,2018000,None,-4345000,None,10708000,259000,603000,511000,6707000,6104000,None,None,None,511000,-197000,None,1507000,1507000,None,USD,720353000,None,269024000,1929000,637444000,82909000,None,604837000,30536000,50581000,9889000,16321000,412909000,22069000,613837000,9000000,9000000,1792000,1191000,292430000,393802000,66588000,262213000,8148000,10500000,846000,13107000,None,None,30536000,None,50581000,None,None,16609000,None,427923000,None,10500000,13107000,23607000,None,None,None,None,720353000,284282000,None,5898878,USD,141946000,1649000,-9191000,47000,4000000,-4480000,-5654000,1562000,1507000,-11572000,2099000,-1002000,464000,-413000,0,None,-1002000,-519000,30000,None,None,-11572000,14.87,8.62
3,2019-09-30,USD,6225000,-4093000,None,6225000,10318000,1571000,None,None,2132000,None,-4093000,None,10318000,777000,627000,561000,6555000,5928000,None,None,None,561000,40000,None,1571000,1571000,None,USD,721281000,16321000,295440000,2019000,638432000,82849000,None,612904000,30466000,49487000,6764000,16321000,388017000,33641000,617904000,5000000,5000000,2896000,1217000,317170000,369940000,66528000,276311000,7218000,10500000,957000,10028000,None,None,30466000,None,49487000,None,None,16633000,None,404111000,None,10500000,10028000,20528000,None,None,None,None,721281000,309952000,None,5903228,USD,-24417000,762000,-24542000,47000,4000000,31354000,31354000,679000,1571000,9620000,2808000,82000,272000,-413000,0,None,82000,121000,125000,None,None,9620000,13.8,14.87
4,2019-06-30,USD,5869000,-4148000,None,5869000,10017000,1276000,None,None,1721000,None,-4148000,None,10017000,960000,648000,445000,6276000,5628000,None,None,None,445000,-49000,None,1276000,1276000,None,USD,689211000,16321000,272284000,1931000,608292000,80919000,None,581137000,30373000,48329000,8287000,16321000,376864000,24021000,583137000,2000000,2000000,2217000,1136000,296796000,358408000,64598000,265027000,7748000,13500000,957000,11655000,None,None,30373000,None,48329000,None,None,16550000,None,392415000,None,13500000,11655000,25155000,None,None,None,None,689211000,289048000,None,5903228,USD,4486000,-67000,4114000,-327000,-14000000,-5536000,-5536000,-150000,1276000,317000,1739000,48000,322000,-294000,0,None,48000,160000,45000,None,None,317000,12.26,13.8
5,2019-03-31,USD,5780000,-4260000,0,5780000,10040000,1146000,None,None,1520000,None,-4260000,None,10040000,1028000,583000,374000,6132000,5549000,None,None,None,374000,-54000,None,1146000,1146000,None,USD,689368000,16321000,293646000,2050000,611792000,77576000,None,572379000,30281000,47347000,6446000,16321000,355261000,26212000,591379000,19000000,19000000,-52000,1151000,322258000,336007000,61255000,286879000,9167000,10500000,957000,9913000,None,None,30281000,None,47347000,None,None,16466000,None,369945000,None,10500000,9913000,20413000,None,None,None,None,689368000,313091000,None,5887962,USD,-6873000,-656000,-7019000,-327000,14000000,-4493000,-4588000,-737000,1146000,-10288000,1224000,349000,239000,-293000,95000,None,349000,146000,146000,None,None,-10288000,13.0,12.26
6,2018-12-31,USD,5791000,-4329000,605000,5791000,10120000,1125000,0,0,1462000,0,-4329000,None,10120000,393000,631000,None,None,None,0,0,0,337000,-130000,0,1125000,1125000,None,USD,688092000,16321000,None,7000000,613371000,74721000,None,590674000,30103000,46494000,7134000,16321000,338894000,26665000,595674000,5000000,5000000,-1876000,1071000,335798000,318516000,58400000,295225000,6908000,10500000,957000,590674000,None,None,30103000,None,46494000,None,None,16386000,None,352294000,None,10500000,7197000,17697000,None,None,None,None,688092000,321890000,None,5858428,USD,-2615000,258000,-22927000,-1349000,-1500000,14508000,14631000,179000,1125000,-6647000,1772000,-288000,313000,-293000,-53000,None,None,364000,63000,None,None,-6647000,13.95,13.0
7,2018-09-30,USD,5584000,-4003000,459000,5584000,9587000,1153000,0,0,1581000,0,-4003000,None,9587000,982000,27000,None,None,None,0,0,0,428000,-62000,0,1153000,1153000,None,USD,669994000,16321000,None,-10000000,598259000,71735000,0,575820000,30165000,45660000,6870000,16321000,331829000,40312000,582320000,6500000,6500000,-4090000,1072000,315968000,310322000,55414000,277580000,8076000,9000000,961000,575820000,0,0,30165000,0,45660000,0,None,16311000,None,344026000,None,9000000,6939000,15939000,None,None,None,None,669994000,317892000,None,5864802,USD,-17348000,392000,-17399000,-327000,14000000,-5790000,-5790000,315000,1153000,-18434000,4755000,2767000,395000,-294000,0,0,0,48000,51000,None,None,-18434000,15.32,13.95
8,2018-06-30,USD,5500000,-3828000,378000,5500000,9328000,1269000,0,0,1672000,0,-3828000,None,9328000,863000,10000,None,None,None,0,0,0,403000,-50000,0,1269000,1269000,None,USD,675256000,16321000,None,-8000000,603363000,71893000,0,581316000,30082000,44801000,6482000,16321000,314281000,58746000,587816000,6500000,6500000,-2990000,1084000,343065000,290552000,55572000,281990000,10329000,9000000,961000,581316000,0,0,30082000,0,44801000,0,None,16234000,None,324191000,None,9000000,6547000,15547000,None,None,None,None,675256000,340736000,None,5864802,USD,13245000,-815000,13216000,0,14000000,-19662000,-19165000,-891000,1269000,-6955000,-509000,-1831000,876000,-294000,-497000,0,0,-8000,29000,None,None,-6955000,15.85,15.32
9,2018-03-31,USD,5109000,-3350000,329000,5109000,8459000,1353000,0,0,1759000,0,-3350000,None,8459000,661000,242000,None,None,None,0,0,0,406000,-83000,0,1353000,1353000,None,USD,695147000,16321000,None,38000000,623049000,72098000,0,600187000,30501000,43826000,7362000,16321000,332228000,27701000,603687000,3500000,3500000,-2229000,1123000,362479000,299066000,55777000,288677000,8101000,12000000,961000,600187000,0,0,30501000,0,43826000,0,None,16158000,None,332668000,None,12000000,7362000,19362000,None,None,None,None,695147000,316378000,None,5882214,USD,-19839000,241000,-19874000,0,None,39766000,43800000,166000,1353000,21556000,1664000,-773000,846000,-307000,-4034000,0,0,-3000,35000,None,None,21556000,15.51,15.85
10,2017-12-31,USD,5081000,-3939000,438000,5081000,9020000,-392000,0,0,1142000,0,-3939000,None,9020000,-4475000,1034000,None,None,None,0,0,0,1534000,-324000,0,-392000,-392000,None,USD,655622000,16321000,None,1956000,578701000,76921000,0,556080000,34463000,42779000,7121000,16321000,304577000,44145000,559580000,3500000,3500000,-321000,1158000,313347000,308713000,60600000,262700000,6502000,12000000,961000,556080000,0,0,34463000,0,42779000,0,None,16083000,None,342275000,None,12000000,7121000,19121000,None,None,None,None,655622000,306845000,None,6132362,USD,-1555000,174000,-1910000,-345000,None,1185000,6320000,-490000,-392000,1234000,1959000,44000,852000,-1293000,-3635000,0,0,1281000,10000,None,None,1234000,15.24,15.51
11,2017-09-30,USD,4880000,-3312000,579000,4880000,8192000,1109000,0,0,1568000,0,-3312000,None,8192000,9635000,9000,None,None,None,0,0,0,459000,0,0,1109000,1109000,None,USD,655644000,16321000,None,1919000,573389000,82255000,0,550942000,38139000,43437000,6947000,16321000,292738000,42413000,552942000,2000000,15500000,679000,1226000,299855000,322238000,65934000,250283000,7159000,13500000,961000,550942000,0,0,38139000,0,43437000,0,None,16004000,None,355789000,None,13500000,6947000,20447000,None,None,None,None,655644000,292696000,None,6392570,USD,-73000,95000,289000,395000,1500000,13035000,11244000,14000,1109000,15229000,1905000,-483000,883000,-975000,291000,0,0,301000,33000,None,None,15229000,13.84,15.24
12,2017-06-30,USD,5308000,-3368000,252000,5308000,8676000,1297000,0,0,1940000,0,-3368000,None,8676000,-2469000,-216000,None,None,None,0,0,0,643000,0,0,1297000,1297000,None,USD,641605000,16321000,None,1885000,560232000,81373000,0,537880000,37739000,42646000,6852000,16321000,299584000,27184000,539880000,2000000,15500000,988000,1275000,291553000,316146000,65052000,257900000,6469000,13500000,1348000,537880000,0,0,37739000,0,42646000,0,None,16310000,None,350052000,None,13500000,6852000,20352000,None,None,None,None,641605000,285084000,None,6357767,USD,1089000,-829000,918000,-153000,None,-16409000,-13407000,-908000,2481000,-13911000,1580000,-900000,893000,-657000,-3002000,0,0,-65000,18000,None,None,-13911000,14.51,13.84
13,2017-03-31,USD,5230000,-3430000,242000,5230000,8660000,1184000,0,0,1800000,0,-3430000,None,8660000,300000,234000,None,None,None,0,0,0,616000,0,0,1184000,1184000,None,USD,659251000,16321000,None,1812000,576143000,83108000,0,550962000,40641000,41674000,9681000,16321000,305429000,40942000,554462000,3500000,3500000,793000,1342000,311388000,313969000,66787000,263562000,6884000,12000000,1348000,550962000,0,0,40641000,0,41674000,0,None,16231000,None,347863000,None,12000000,9681000,21681000,None,None,None,None,659251000,304504000,None,6545959,USD,2676000,387000,2359000,-249000,None,3880000,5824000,309000,1184000,8326000,2087000,802000,931000,-332000,-1944000,0,0,-33000,68000,None,None,8326000,14.82,14.51
14,2016-12-31,USD,12465000,-6630000,0,12465000,19095000,1915000,0,0,5835000,0,-6630000,None,19095000,2871000,931000,None,None,None,0,0,0,2107000,-574000,0,3728000,1915000,None,USD,651450000,16321000,None,1824000,567600000,83850000,0,544806000,42484000,40822000,7294000,16321000,296066000,32367000,548306000,3500000,3500000,544000,1362000,293528000,324086000,67529000,254503000,6658000,12000000,1348000,544806000,0,0,42484000,0,40822000,0,None,16153000,None,357922000,None,12000000,7294000,19294000,None,None,None,None,651450000,286870000,None,6661726,USD,-19607000,741000,-19062000,742000,1500000,141000,-1359000,97000,6404000,-15505000,3416000,-3529000,849000,-1293000,0,0,0,-1049000,197000,None,None,-15505000,15.11,14.82
15,2016-09-30,USD,0,0,-221000,0,0,1813000,0,0,2802000,0,2533000,None,3509000,0,-265000,None,None,None,0,0,0,989000,0,0,0,1813000,None,USD,653846000,16321000,None,None,569180000,84666000,0,546165000,42402000,38907000,9015000,16321000,294539000,47872000,551165000,5000000,None,3357000,1259000,307589000,313302000,68345000,254010000,5707000,9000000,653000,546165000,0,0,42402000,0,38907000,0,None,15375000,None,346257000,None,9000000,9015000,18015000,None,None,None,None,653846000,301882000,None,6656594,USD,-6115000,1241000,-5880000,295000,3000000,23241000,20232000,None,1813000,20423000,3062000,1727000,844000,0,9000,0,0,-750000,60000,None,None,20423000,10.84,15.11
16,2016-06-30,USD,5371000,-3415000,221000,5371000,8786000,1304000,0,0,1956000,0,-3415000,None,8786000,0,244000,None,None,None,0,0,0,652000,0,0,1304000,1304000,None,USD,625811000,16321000,None,None,542245000,83566000,0,525933000,42311000,37094000,5312000,16321000,294852000,27449000,530933000,5000000,None,4161000,1305000,287558000,305088000,67245000,255023000,5086000,6000000,896000,525933000,0,0,42311000,0,37094000,0,None,15539000,None,338253000,None,6000000,5312000,11312000,None,None,None,None,625811000,282472000,None,6655980,USD,-6401000,-707000,-6368000,710000,None,-1498000,2114000,None,1304000,-6586000,1280000,1156000,827000,0,-3612000,0,0,4000,33000,None,None,-6586000,10.264,10.84
17,2016-03-31,USD,5796000,-3791000,234000,5796000,9587000,1372000,0,0,2005000,0,-3791000,None,9587000,0,0,None,None,None,0,0,0,633000,0,0,1372000,1372000,None,USD,626140000,16321000,None,None,540838000,85302000,0,523819000,45838000,35790000,6019000,16321000,301314000,34035000,527319000,3500000,None,3674000,1448000,300688000,292226000,68981000,261391000,5262000,7500000,896000,523819000,0,0,45838000,0,35790000,0,None,15457000,None,325452000,None,7500000,6019000,13519000,None,None,None,None,626140000,295426000,None,6994300,USD,13782000,-856000,14092000,461000,None,-10669000,-6871000,None,1372000,5530000,2107000,2141000,841000,0,-3798000,0,0,-19000,151000,None,None,5530000,10.16,10.264
18,2015-12-31,USD,5529000,-3420000,229000,5529000,8949000,1457000,0,0,2109000,0,-3420000,None,8949000,2798000,961000,None,None,None,0,0,0,652000,-717000,0,1457000,1457000,None,USD,634640000,16321000,None,1858000,548565000,86075000,0,530690000,49554000,36521000,6875000,16321000,316103000,28256000,534250000,3500000,3500000,2103000,1407000,309776000,278221000,69754000,274442000,7078000,7500000,3551000,530690000,0,0,49554000,0,34418000,0,None,18034000,None,324864000,None,7500000,6875000,14375000,None,None,None,None,634640000,302698000,None,8000000,USD,-9914000,328000,-9514000,479000,4500000,9321000,9321000,145000,4312000,2089000,2282000,-4561000,778000,-1293000,0,0,0,469000,79000,None,None,2089000,10.58,10.16
19,2015-09-30,USD,5708000,-3432000,240000,5708000,9140000,1469000,0,0,2276000,0,-3432000,None,9140000,0,0,None,None,None,0,0,0,807000,0,0,1469000,1469000,None,USD,625194000,16321000,None,None,538916000,86278000,0,521369000,49483000,32961000,6547000,16321000,307566000,26417000,524869000,3500000,None,3834000,1435000,299477000,289774000,69957000,267414000,5646000,7500000,3781000,521369000,0,0,49483000,0,32961000,0,None,18187000,None,325717000,None,7500000,6547000,14047000,None,None,None,None,625194000,293831000,None,7343649,USD,-4765000,831000,-4851000,798000,None,5488000,9386000,None,1469000,3629000,2992000,1435000,765000,0,-3898000,0,0,-39000,86000,None,None,3629000,9.62,10.58
