,fiscalDateEnding,reportedCurrency_x,totalRevenue,totalOperatingExpense,costOfRevenue,grossProfit,ebit,netIncome_x,researchAndDevelopment,effectOfAccountingCharges,incomeBeforeTax,minorityInterest,sellingGeneralAdministrative,otherNonOperatingIncome,operatingIncome,otherOperatingExpense,interestExpense,taxProvision,interestIncome,netInterestIncome,extraordinaryItems,nonRecurring,otherItems,incomeTaxExpense,totalOtherIncomeExpense,discontinuedOperations,netIncomeFromContinuingOperations,netIncomeApplicableToCommonShares,preferredStockAndOtherAdjustments,reportedCurrency_y,totalAssets,intangibleAssets,earningAssets,otherCurrentAssets,totalLiabilities,totalShareholderEquity,deferredLongTermLiabilities,otherCurrentLiabilities,commonStock,retainedEarnings,otherLiabilities,goodwill,otherAssets,cash,totalCurrentLiabilities,shortTermDebt,currentLongTermDebt,otherShareholderEquity,propertyPlantEquipment,totalCurrentAssets,longTermInvestments,netTangibleAssets,shortTermInvestments,netReceivables,longTermDebt,inventory,accountsPayable,totalPermanentEquity,additionalPaidInCapital,commonStockTotalEquity,preferredStockTotalEquity,retainedEarningsTotalEquity,treasuryStock,accumulatedAmortization,otherNonCurrrentAssets,deferredLongTermAssetCharges,totalNonCurrentAssets,capitalLeaseObligations,totalLongTermDebt,otherNonCurrentLiabilities,totalNonCurrentLiabilities,negativeGoodwill,warrants,preferredStockRedeemable,capitalSurplus,liabilitiesAndShareholderEquity,cashAndShortTermInvestments,accumulatedDepreciation,commonStockSharesOutstanding,reportedCurrency,investments,changeInLiabilities,cashflowFromInvestment,otherCashflowFromInvestment,netBorrowings,cashflowFromFinancing,otherCashflowFromFinancing,changeInOperatingActivities,netIncome_y,changeInCash,operatingCashflow,otherOperatingCashflow,depreciation,dividendPayout,stockSaleAndPurchase,changeInInventory,changeInAccountReceivables,changeInNetIncome,capitalExpenditures,changeInReceivables,changeInExchangeRate,changeInCashAndCashEquivalents,clossingVal,nextClossingVal
0,2020-06-30,USD,166699000,-59691000,None,166699000,226390000,23948000,None,None,29391000,None,7533000,None,226390000,-59691000,None,5443000,None,None,None,None,None,5443000,None,None,23948000,23948000,None,USD,1549973000,None,None,None,1087177000,462796000,None,None,206000,250888000,879508000,None,26720000,110281000,12098000,None,None,19178000,6385000,389046000,1108057000,462796000,489089000,278765000,41501000,None,12098000,None,None,206000,None,250888000,-22370000,None,10016000,None,36469000,None,41501000,1033578000,1075079000,None,None,None,214894000,1549973000,110281000,None,19331059,USD,9438000,12431000,9080000,None,-13000,-5280000,-13000,631000,23948000,30758000,26958000,-7685000,2373000,-5267000,None,None,-6114000,-520000,358000,-3589000,None,30758000,61.16,
1,2020-03-31,USD,163457000,-65928000,None,163457000,229385000,10800000,None,None,13241000,None,7012000,None,229385000,-65928000,None,2441000,None,None,None,None,None,2441000,None,None,10800000,10800000,None,USD,1524161000,None,None,None,1087205000,436956000,None,None,205000,232159000,886929000,None,34759000,79523000,6431000,None,None,13695000,6305000,353778000,1109600000,436956000,463157000,274255000,39439000,None,6431000,None,None,205000,None,232159000,-22370000,None,17009000,None,37469000,None,39439000,1041335000,1080774000,None,None,None,213267000,1524161000,79523000,None,19302784,USD,34746000,9428000,25755000,-8770000,-12000,-5257000,-12000,-3351000,10800000,35710000,15212000,13704000,2321000,-5245000,None,None,-11174000,279000,221000,-21320000,None,35710000,64.47,61.16
2,2019-12-31,USD,-164011000,-49013000,40695000,-164011000,-114998000,34014000,None,None,42926000,None,7918000,None,-114998000,-49013000,None,8912000,None,None,None,None,None,8912000,None,None,34014000,34014000,None,USD,1492906000,19048000,None,105643000,1062691000,430215000,None,144093000,205000,227165000,642531000,None,34670000,43813000,3220000,None,None,12211000,6331000,297679000,1134748000,430215000,497694000,253866000,37937000,None,3220000,None,None,205000,None,227165000,-22370000,None,17587000,None,36561000,None,37937000,1021534000,1059471000,None,None,None,213004000,1492906000,43813000,None,19302583,USD,-25540000,-26420000,-26075000,-375000,-12000,-72328000,-12000,-15290000,34014000,-82057000,16346000,-16513000,2397000,-72316000,20000,None,12696000,2545000,160000,20323000,None,-82057000,66.03,64.47
3,2019-09-30,USD,171947000,-64875000,58479000,171947000,236822000,21386000,None,None,26613000,None,6396000,None,236822000,-64875000,None,5227000,None,None,None,None,None,5227000,None,None,21386000,21386000,None,USD,1574539000,20341000,None,113270000,1105810000,468729000,None,156184000,205000,265536000,910446000,None,46232000,125870000,1549000,None,None,12615000,6430000,399385000,1101682000,468729000,461181000,273515000,45216000,None,1549000,None,None,205000,None,265536000,-22370000,None,28221000,None,38821000,536000,45216000,1059045000,1104261000,None,None,None,212743000,1574539000,125870000,None,19300309,USD,58854000,-1934000,56644000,-1500000,-12000,-4929000,-12000,-3083000,21386000,74624000,22909000,-4389000,2272000,-4917000,20000,None,4371000,698000,710000,4876000,None,74624000,66.11,66.03
4,2019-06-30,USD,176567000,-69584000,63525000,176567000,246151000,17890000,None,None,22169000,None,6059000,None,246151000,-69584000,None,4279000,None,None,None,None,None,4279000,None,None,17890000,17890000,None,USD,1571093000,20550000,None,113781000,1121650000,449443000,None,158214000,205000,248975000,915458000,None,40979000,51246000,1325000,None,None,10140000,5957000,329961000,1173145000,449443000,528039000,278715000,44064000,None,1325000,None,None,205000,None,248975000,-22370000,None,22019000,None,40011000,579000,44064000,1076261000,1120325000,None,None,None,212493000,1571093000,51246000,None,19298261,USD,3873000,-1809000,1934000,-1813000,-11000,-4876000,-11000,3830000,17890000,16351000,19293000,-6159000,2344000,-4865000,20000,None,-710000,-587000,126000,7614000,None,16351000,63.77,66.11
5,2019-03-31,USD,185867000,-71381000,64634000,185867000,257248000,19400000,None,None,23809000,None,7847000,None,257248000,-71381000,None,4409000,None,None,None,None,None,4409000,None,None,19400000,19400000,None,USD,1558982000,20433000,None,122099000,1128577000,430405000,None,162686000,205000,235908000,918436000,None,20057000,34895000,7660000,None,None,4962000,6041000,320387000,1172550000,430405000,64708000,285492000,42468000,None,7660000,None,None,205000,None,235908000,-22370000,None,19514000,None,40490000,629000,42468000,1078449000,1120917000,None,None,None,211700000,1558982000,34895000,None,19274980,USD,-19986000,11189000,-20815000,-807000,-12000,-4910000,-12000,1449000,19400000,-5449000,20276000,-1743000,2588000,-4918000,20000,None,-11832000,570000,22000,-11728000,None,-5449000,59.4,63.77
6,2018-12-31,USD,-174717000,-71892000,64186000,-174717000,-102825000,18806000,0,0,22777000,0,7706000,None,-102825000,-71892000,0,None,None,None,0,0,0,3971000,0,0,18806000,18806000,None,USD,1515931000,19734000,None,122203000,1106169000,409762000,None,152708000,205000,221328000,667315000,None,39424000,40344000,3412000,None,None,-832000,6258000,314828000,1135687000,409762000,14231000,274484000,41388000,None,3412000,None,None,205000,None,221328000,-22370000,None,17572000,None,41586000,None,41388000,1061369000,1102757000,None,None,None,211431000,1515931000,40344000,None,19269980,USD,62564000,-16497000,51065000,-11456000,-12000,-71570000,None,6185000,18806000,7020000,27525000,10206000,2621000,-71570000,67000,None,16147000,-1600000,43000,13989000,None,7020000,56.69,59.4
7,2018-09-30,USD,176570000,-69069000,62890000,176570000,245639000,19701000,0,0,24460000,0,6179000,None,245639000,-69069000,0,None,None,None,0,0,0,4759000,0,0,19701000,19701000,None,USD,1586969000,21326000,None,120045000,1127973000,458996000,0,166725000,205000,274206000,908836000,0,36651000,33324000,1558000,None,None,-4201000,6462000,321218000,1201312000,458996000,104896000,287894000,40269000,0,1558000,0,0,205000,0,274206000,-22370000,None,16753000,None,41224000,None,40269000,1086146000,1126415000,None,None,None,211156000,1586969000,33324000,None,19269980,USD,-17244000,564000,-17323000,0,-12000,-4288000,None,-239000,19701000,12148000,33759000,9882000,2695000,-4288000,0,0,11267000,276000,79000,641000,None,12148000,61.95,56.69
8,2018-06-30,USD,186713000,-74450000,67769000,186713000,261163000,16956000,0,0,20930000,0,6681000,None,261163000,-74450000,0,None,None,None,0,0,0,3974000,0,0,16956000,16956000,None,USD,1554281000,21601000,None,109419000,1108890000,445391000,0,167310000,205000,258744000,900730000,0,37304000,21176000,208160000,None,None,-2083000,6644000,311234000,1177498000,445391000,106811000,290058000,39103000,0,40850000,0,0,205000,0,258744000,-22370000,None,17413000,None,41492000,None,39103000,1069787000,1108890000,None,None,None,210895000,1554281000,21176000,None,19269980,USD,-34935000,4417000,-34941000,130000,-12000,-4273000,None,1964000,16956000,-14896000,24318000,5604000,3094000,-4272000,-1000,0,-3094000,1255000,136000,-7008000,None,-14896000,57.75,61.95
9,2018-03-31,USD,189187000,-74761000,68835000,189187000,263948000,16169000,0,0,19414000,0,5926000,None,263948000,-74761000,0,None,None,None,0,0,0,3245000,0,0,16169000,16169000,None,USD,1530665000,21287000,None,105505000,1098597000,432068000,0,166359000,205000,246028000,891361000,0,39436000,36072000,1387000,None,None,-2236000,6774000,317043000,1146125000,432068000,44704000,280971000,37343000,0,1387000,0,0,205000,0,246028000,-22370000,None,18937000,None,41786000,None,37343000,1059867000,1097210000,None,None,None,210441000,1530665000,36072000,None,19260915,USD,-26992000,10722000,-27860000,0,None,-4293000,None,-5335000,16169000,-19487000,12666000,-969000,3373000,-4361000,68000,0,-12564000,672000,868000,-17301000,None,-19487000,55.25,57.75
10,2017-12-31,USD,-167634000,351181000,76913000,-167634000,-518815000,649000,0,0,17800000,0,26131000,None,-518815000,351181000,0,None,None,None,0,0,0,17151000,-2000,0,649000,649000,None,USD,1518236000,20251000,None,100768000,1092813000,425423000,0,157270000,204000,233896000,1042633000,0,989590000,55559000,452983000,146000,146000,3612000,6128000,321687000,1140949000,425423000,190196000,266128000,36908000,0,50034000,0,0,204000,0,233896000,-22370000,None,9959000,None,39513000,None,36908000,1055905000,1092813000,None,None,None,210081000,1518236000,55559000,None,19245915,USD,13554000,-16080000,17694000,4172000,None,-70996000,None,52482000,649000,-24819000,28483000,20609000,3424000,-70996000,0,0,9496000,13193000,32000,6688000,None,-24819000,61.6,55.25
11,2017-09-30,USD,177847000,-69248000,69017000,177847000,247095000,16577000,0,0,23556000,0,0,None,247095000,-69248000,0,None,None,None,0,0,0,6979000,0,0,16577000,16577000,None,USD,1583248000,0,None,96193000,1088303000,494945000,0,167729000,204000,304456000,1034746000,0,945795000,80378000,1909000,None,None,3033000,6320000,350833000,1155756000,494945000,269065000,270455000,35604000,0,1909000,0,0,204000,0,304456000,-22370000,None,17861000,None,52478000,None,35604000,1050790000,1086394000,None,None,None,209622000,1583248000,80378000,None,19244023,USD,-34048000,6552000,-31254000,3000000,None,-3864000,None,29642000,16577000,26411000,61529000,30052000,3652000,-3864000,0,0,0,386000,206000,4310000,None,26411000,58.2,61.6
12,2017-06-30,USD,174766000,-67774000,67511000,174766000,242540000,15481000,0,0,22151000,0,0,None,242540000,-67774000,0,None,None,None,0,0,0,6670000,0,0,15481000,15481000,None,USD,1559487000,0,None,95354000,1078095000,481392000,0,165895000,204000,291728000,1030441000,0,952767000,53967000,0,None,None,2416000,6345000,328937000,1131837000,481392000,260231000,274970000,34668000,0,47654000,0,0,204000,0,291728000,-22370000,None,39543000,None,52825000,None,34668000,1043427000,1078095000,None,None,None,209414000,1559487000,53967000,None,19244023,USD,-2347000,-2164000,1486000,4000000,None,-3876000,None,-587000,15481000,14614000,17004000,-1117000,3888000,-3876000,0,0,0,836000,167000,80000,None,14614000,56.95,58.2
13,2017-03-31,USD,190229000,78809000,78543000,190229000,111420000,13524000,0,0,18733000,0,0,None,111420000,78809000,0,None,None,None,0,0,0,5209000,0,0,13524000,13524000,None,USD,1536536000,0,None,94804000,1069435000,467101000,0,173181000,204000,280096000,1028129000,0,979237000,39353000,9378000,None,None,460000,6441000,313526000,1119177000,467101000,225425000,274173000,32923000,0,9378000,0,0,204000,0,280096000,-22370000,None,44215000,None,53177000,None,32923000,1027134000,1060057000,None,None,None,208711000,1536536000,39353000,None,19230135,USD,-41395000,8720000,-39468000,2000000,None,-3909000,None,5006000,13524000,-19583000,23794000,5187000,4035000,-3909000,0,0,0,405000,73000,-8077000,None,-19583000,64.9,56.95
14,2016-12-31,USD,-185839000,70774000,70477000,-185839000,-256613000,19073000,0,0,27784000,0,25581000,None,-256613000,70774000,0,None,None,None,0,0,0,44939000,-1000,0,-17155000,19073000,None,USD,1518856000,19300000,None,95026000,1062706000,456150000,0,166045000,204000,270418000,1017650000,0,970792000,58936000,4017000,182000,182000,-492000,6636000,325607000,1095834000,456150000,204461000,266671000,31974000,0,4017000,0,0,204000,0,270418000,-22370000,None,37668000,None,53111000,None,31974000,1026715000,1058689000,None,None,None,208390000,1518856000,58936000,None,19230135,USD,7205000,-42048000,6658000,0,None,-65678000,19000,19046000,19073000,-27676000,31344000,13591000,4238000,-65697000,0,0,2684000,-1257000,547000,37747000,None,-27676000,62.35,64.9
15,2016-09-30,USD,184098000,72179000,71889000,184098000,111919000,17896000,0,0,26027000,0,0,None,111919000,72179000,0,None,None,None,0,0,0,8131000,0,0,17896000,17896000,None,USD,1600178000,0,None,None,1090435000,509743000,0,None,204000,317304000,1052651000,0,1015356000,86612000,2810000,None,None,6596000,6387000,390414000,1107582000,509743000,176073000,303802000,55946000,0,2810000,0,0,204000,0,317304000,-22370000,None,47154000,None,48641000,None,55946000,1031679000,1087625000,None,None,None,208009000,1600178000,86612000,None,19230135,USD,-7121000,-2424000,-7362000,0,None,-2688000,430000,8866000,17896000,16457000,26507000,7907000,4433000,-3454000,336000,0,0,369000,241000,-1674000,None,16457000,58.78,62.35
16,2016-06-30,USD,198237000,72948000,72644000,198237000,125289000,16639000,0,0,24615000,0,0,None,125289000,72948000,0,None,None,None,0,0,0,-7976000,0,0,32591000,16639000,None,USD,1594769000,0,None,None,1098822000,495947000,0,None,204000,302860000,1044697000,0,1025901000,70155000,3828000,None,None,8309000,6436000,372646000,1120557000,495947000,178138000,302491000,54095000,0,3828000,0,0,204000,0,302860000,-22370000,None,47924000,None,47206000,None,54095000,1040899000,1094994000,None,None,None,206944000,1594769000,70155000,None,19201040,USD,-31092000,14844000,-31844000,0,None,-3318000,111000,2435000,16639000,-9135000,26027000,2435000,4372000,-3476000,47000,0,0,-90000,752000,-12173000,None,-9135000,61.22,58.78
17,2016-03-31,USD,200166000,67940000,67650000,200166000,132226000,24257000,0,0,34395000,0,0,None,132226000,67940000,0,None,None,None,0,0,0,-10138000,0,0,44533000,24257000,None,USD,1557560000,0,None,None,1078807000,478753000,0,None,203000,289678000,1025241000,0,1008621000,79290000,8268000,None,None,5380000,5988000,368904000,1091823000,478753000,161558000,289614000,51838000,0,8268000,0,0,203000,0,289678000,-22370000,None,42572000,None,48273000,None,51838000,1018701000,1070539000,None,None,None,205862000,1557560000,79290000,None,19181874,USD,-17832000,10212000,-17930000,0,None,-2595000,435000,None,24257000,9809000,30334000,5078000,4385000,-3484000,454000,0,0,333000,98000,-13931000,None,9809000,52.54,61.22
18,2015-12-31,USD,-186795000,67992000,67674000,-186795000,-254787000,23073000,0,0,33768000,0,25142000,None,-254787000,67992000,0,None,None,None,0,0,0,-34415000,-664000,0,68183000,23073000,None,USD,1502045000,20412000,None,102762000,1048064000,453981000,0,168894000,203000,268873000,1016515000,0,985628000,69481000,911000,None,None,2587000,6181000,345922000,1056837000,453981000,152629000,276441000,49790000,0,911000,0,0,203000,0,268873000,-22370000,None,42788000,None,50317000,None,49790000,997363000,1047153000,None,None,None,204688000,1502045000,69481000,None,19130146,USD,-1339000,-8539000,-1533000,0,None,-59022000,408000,1474000,23073000,-30418000,30137000,-1330000,4447000,-59997000,567000,0,-6447000,3346000,194000,9140000,None,-30418000,50.9,52.54
19,2015-09-30,USD,184299000,71580000,71237000,184299000,112719000,17940000,0,0,25890000,0,0,None,112719000,71580000,0,None,None,None,0,0,0,-7950000,0,0,33840000,17940000,None,USD,1552540000,0,None,None,1061964000,490576000,0,None,203000,306061000,1027742000,0,984965000,99899000,979000,None,None,3360000,6945000,385077000,1061138000,490576000,163345000,285178000,49287000,0,979000,0,0,203000,0,306061000,-22370000,None,46603000,None,52777000,None,49287000,1011698000,1060985000,None,None,None,203322000,1552540000,99899000,None,19093792,USD,3579000,555000,3373000,0,None,-1684000,724000,None,17940000,38310000,36621000,5973000,4392000,-2851000,443000,0,0,204000,206000,7557000,None,38310000,49.73,50.9
