,fiscalDateEnding,reportedCurrency_x,totalRevenue,totalOperatingExpense,costOfRevenue,grossProfit,ebit,netIncome_x,researchAndDevelopment,effectOfAccountingCharges,incomeBeforeTax,minorityInterest,sellingGeneralAdministrative,otherNonOperatingIncome,operatingIncome,otherOperatingExpense,interestExpense,taxProvision,interestIncome,netInterestIncome,extraordinaryItems,nonRecurring,otherItems,incomeTaxExpense,totalOtherIncomeExpense,discontinuedOperations,netIncomeFromContinuingOperations,netIncomeApplicableToCommonShares,preferredStockAndOtherAdjustments,reportedCurrency_y,totalAssets,intangibleAssets,earningAssets,otherCurrentAssets,totalLiabilities,totalShareholderEquity,deferredLongTermLiabilities,otherCurrentLiabilities,commonStock,retainedEarnings,otherLiabilities,goodwill,otherAssets,cash,totalCurrentLiabilities,shortTermDebt,currentLongTermDebt,otherShareholderEquity,propertyPlantEquipment,totalCurrentAssets,longTermInvestments,netTangibleAssets,shortTermInvestments,netReceivables,longTermDebt,inventory,accountsPayable,totalPermanentEquity,additionalPaidInCapital,commonStockTotalEquity,preferredStockTotalEquity,retainedEarningsTotalEquity,treasuryStock,accumulatedAmortization,otherNonCurrrentAssets,deferredLongTermAssetCharges,totalNonCurrentAssets,capitalLeaseObligations,totalLongTermDebt,otherNonCurrentLiabilities,totalNonCurrentLiabilities,negativeGoodwill,warrants,preferredStockRedeemable,capitalSurplus,liabilitiesAndShareholderEquity,cashAndShortTermInvestments,accumulatedDepreciation,commonStockSharesOutstanding,reportedCurrency,investments,changeInLiabilities,cashflowFromInvestment,otherCashflowFromInvestment,netBorrowings,cashflowFromFinancing,otherCashflowFromFinancing,changeInOperatingActivities,netIncome_y,changeInCash,operatingCashflow,otherOperatingCashflow,depreciation,dividendPayout,stockSaleAndPurchase,changeInInventory,changeInAccountReceivables,changeInNetIncome,capitalExpenditures,changeInReceivables,changeInExchangeRate,changeInCashAndCashEquivalents,clossingVal,nextClossingVal
0,2020-07-31,USD,27278000,26393000,13037000,14241000,938000,2034000,4095000,None,2217000,None,9208000,None,885000,None,None,183000,1332000,1332000,None,None,None,183000,None,None,2034000,2034000,None,USD,169120000,8210000,None,None,48306000,120814000,1980000,1002000,120814000,None,3067000,25888000,3989000,79766000,43974000,None,None,None,5260000,125247000,526000,86716000,12727000,24443000,None,None,2005000,None,None,None,None,None,None,None,2009000,None,43873000,2047000,None,109000,4332000,None,None,None,None,None,None,None,None,USD,-363000,0,-363000,None,None,-1164000,None,None,2034000,-48000,1479000,None,None,-3547000,None,None,None,-608000,363000,None,None,None,16.47,
1,2020-04-30,USD,115466000,14319000,13365000,15908000,124000,545000,3958000,None,124000,None,10308000,-1465000,1589000,86246000,None,-421000,290000,290000,None,None,None,-421000,-1755000,None,545000,545000,None,USD,171293000,9494000,None,6684000,51871000,119422000,2897000,35633000,3682000,-9013000,2989000,25888000,4118000,79814000,47458000,None,None,-25559000,3373000,125666000,700000,84040000,14161000,25007000,None,None,11825000,None,None,3682000,None,-9013000,-25559000,None,6171000,None,45626000,2187000,None,1516000,4413000,None,None,None,150312000,171293000,93975000,None,None,USD,-554000,578000,-554000,-473000,None,-1311000,-3546000,-258000,545000,11005000,12870000,9623000,1793000,-3546000,2235000,None,-1368000,1699000,81000,-1368000,None,11005000,16.48,16.47
2,2020-01-31,USD,30600000,14623000,13158000,17442000,3797000,3286000,3853000,None,3797000,None,10713000,978000,2819000,-30543000,None,511000,360000,360000,None,None,None,511000,618000,None,3286000,3286000,None,USD,172692000,10659000,None,6576000,53020000,119672000,3322000,36709000,3660000,-6011000,3415000,25888000,3969000,68809000,48009000,None,None,-25559000,3447000,126501000,0,83125000,27478000,23638000,None,None,11300000,None,None,3660000,None,-6011000,-25559000,None,6197000,None,46191000,2366000,None,1689000,5011000,None,None,None,147582000,172692000,96287000,None,33000000,USD,-908000,2669000,-908000,-807000,None,-2029000,-3546000,-119000,3286000,6125000,9062000,23901000,1882000,-3508000,1479000,None,-5524000,-17152000,101000,-5524000,None,6125000,14.93,16.48
3,2019-10-31,USD,28210000,14343000,13024000,15186000,1555000,1759000,4209000,None,1555000,None,10056000,712000,843000,-28132000,None,-204000,400000,400000,None,None,None,-204000,312000,None,1759000,1759000,None,USD,166578000,11575000,None,6812000,48712000,117866000,3382000,34026000,3645000,-5774000,3469000,25888000,3612000,62684000,43474000,None,None,-25559000,3505000,119103000,494000,80403000,31493000,18114000,None,None,9448000,None,None,3645000,None,-5774000,-25559000,None,6013000,None,47475000,2544000,None,1856000,5238000,None,None,None,145554000,166578000,94177000,None,32000000,USD,-733000,229000,-733000,-605000,None,1456000,-3546000,-989000,1759000,-38000,-761000,-13803000,2183000,-3450000,4906000,None,2387000,6484000,128000,2387000,None,-38000,16.21,14.93
4,2019-07-31,USD,27383000,13825000,12761000,14622000,1322000,1152000,3328000,None,1322000,None,10400000,525000,797000,-27286000,None,170000,475000,475000,None,None,None,170000,50000,None,1152000,1152000,None,USD,162934000,12996000,None,5772000,48731000,114203000,3357000,35341000,3595000,-4028000,3445000,25888000,3664000,62722000,43329000,None,None,-25559000,3534000,112586000,1679000,75319000,23591000,20501000,None,None,7988000,None,None,3595000,None,-4028000,-25559000,None,6251000,None,50348000,2726000,None,2045000,5402000,None,None,None,140195000,162934000,86313000,None,32000000,USD,-1395000,160000,-1395000,-1285000,None,-1982000,-3546000,-171000,1152000,1434000,4811000,-9489000,2245000,-3434000,1452000,None,-207000,10950000,110000,-207000,None,1434000,13.32,16.21
5,2019-04-30,USD,108706000,13269000,11989000,14282000,2288000,1874000,3260000,None,2288000,None,9912000,1275000,1013000,82532000,None,414000,541000,541000,None,None,None,414000,734000,None,1874000,1874000,None,USD,161310000,13795000,None,6210000,46703000,114607000,3514000,34658000,3580000,-1729000,3602000,25888000,3056000,61288000,43101000,None,None,-25559000,3585000,112502000,2484000,74924000,24710000,20294000,None,None,8443000,None,None,3580000,None,-1729000,-25559000,None,3056000,None,48808000,None,None,88000,3602000,None,None,None,138315000,161310000,85998000,None,31000000,USD,-2037000,851000,-2037000,-1799000,None,-2055000,-3508000,-188000,1874000,6230000,10322000,-3109000,2048000,-3418000,1363000,None,2996000,5662000,238000,2996000,None,6230000,12.95,13.32
6,2019-01-31,USD,27003000,11909000,12964000,14039000,2657000,2301000,2811000,None,2657000,None,9001000,527000,2130000,-26906000,0,356000,None,None,None,None,None,356000,4000,None,2301000,2301000,None,USD,160821000,13825000,None,6184000,46465000,114356000,3027000,34226000,3565000,-172000,4124000,25888000,3910000,55058000,42341000,None,None,-25559000,3562000,112638000,998000,74643000,28106000,23290000,None,None,8115000,None,None,3565000,None,-172000,-25559000,None,3910000,None,48183000,None,None,1097000,4124000,None,None,None,136522000,160821000,83164000,None,31000000,USD,-2194000,3759000,-2194000,-2074000,None,-2487000,-3450000,482000,2301000,4125000,8806000,-395000,1960000,-3405000,918000,None,-2993000,4174000,120000,-2993000,None,4125000,11.06,12.95
7,2018-10-31,USD,28033000,13141000,13366000,14667000,1336000,1243000,3332000,None,1336000,None,9712000,-190000,1526000,-27936000,-190000,None,None,None,None,None,None,93000,-190000,None,1243000,1243000,None,USD,156590000,13544000,None,6568000,42502000,114088000,2929000,30757000,3554000,943000,4036000,25888000,3776000,50933000,38466000,None,None,-25559000,3609000,107848000,1925000,74656000,29816000,20531000,0,0,7709000,0,0,3554000,0,943000,-25559000,None,3776000,None,48742000,None,None,1107000,4036000,None,None,None,135150000,156590000,80749000,None,31000000,USD,None,-233000,-1384000,-1204000,None,-2979000,-3418000,-88000,1243000,-3922000,441000,-3687000,1913000,-3399000,420000,0,-3304000,4509000,180000,-3304000,None,-3922000,11.51,11.06
8,2018-07-31,USD,27399000,13145000,13647000,13752000,1360000,1385000,3675000,None,1360000,None,9373000,753000,607000,-27302000,-190000,None,None,None,None,None,None,-25000,753000,None,1385000,1385000,None,USD,158408000,14082000,None,6433000,43021000,115387000,3222000,30443000,3549000,3105000,4707000,25888000,4055000,54855000,38314000,None,None,-25559000,3600000,108274000,2509000,75417000,29992000,16994000,0,0,7871000,0,0,3549000,0,3105000,-25559000,None,4055000,None,50134000,None,None,1485000,4707000,None,None,None,134292000,158408000,84847000,None,31000000,USD,None,-7557000,-1598000,-884000,None,-702000,-3418000,330000,1385000,2061000,4361000,-2527000,1798000,-3368000,2666000,0,5466000,5796000,714000,5466000,None,2061000,14.96,11.51
9,2018-04-30,USD,29363000,13963000,12937000,16426000,1798000,1268000,3628000,0,1798000,0,10266000,-665000,2463000,69000,-190000,None,None,None,0,0,0,530000,-723000,0,1268000,1268000,None,USD,162965000,14848000,None,6592000,50381000,112584000,2762000,34472000,3519000,3366000,4258000,25888000,2777000,52794000,46123000,None,None,-25559000,3034000,107525000,8893000,71848000,26121000,22018000,0,0,11651000,0,0,3519000,0,3366000,-25559000,None,2777000,None,55440000,None,None,1496000,4258000,None,None,None,131258000,162965000,78915000,None,30000000,USD,None,-1530000,-2064000,-1049000,None,-1457000,None,-489000,1268000,-2118000,1403000,-5020000,1725000,-3347000,1890000,0,1152000,3808000,1015000,1152000,None,-2118000,12.76,14.96
10,2018-01-31,USD,30117000,12842000,13071000,17046000,5778000,5580000,3099000,0,5778000,0,9648000,1574000,4204000,95000,-190000,None,None,None,0,0,0,198000,1501000,0,5580000,5580000,None,USD,163923000,15710000,None,5510000,51487000,112436000,2733000,36166000,3500000,5467000,2310000,25468000,55125000,54912000,46975000,None,None,-25559000,2151000,106647000,10464000,71258000,23055000,23170000,0,0,10809000,0,0,3500000,0,5467000,-25559000,None,3483000,None,57276000,None,None,1779000,4512000,None,None,None,129028000,163923000,77967000,None,31000000,USD,None,7540000,-10489000,-10288000,None,-672000,None,264000,5580000,-6330000,4831000,-5689000,1600000,-3312000,2640000,0,-6169000,1969000,201000,-6169000,None,-6330000,12.53,12.76
11,2017-10-31,USD,26337000,10764000,12331000,14006000,3918000,2480000,2643000,0,3918000,0,8053000,676000,3242000,68000,0,None,None,None,0,0,0,1438000,0,0,2480000,2480000,None,USD,148638000,12163000,None,5708000,41393000,107245000,3406000,29568000,3470000,3230000,725000,19549000,43812000,61242000,37913000,None,None,-25559000,2027000,102799000,10552000,75533000,19221000,16628000,0,0,8345000,0,0,3470000,0,3230000,-25559000,None,1548000,None,45839000,None,None,74000,3480000,None,None,None,126104000,148638000,80463000,None,30000000,USD,None,-695000,-1409000,-1330000,None,-81000,None,-2013000,2480000,-4985000,-3495000,-10631000,1320000,-3270000,3189000,0,3243000,4292000,79000,-261000,None,-4985000,12.41,12.53
12,2017-07-31,USD,26886000,11603000,11661000,15225000,4221000,2725000,2507000,0,4221000,0,8748000,599000,3622000,348000,0,None,None,None,0,0,0,1496000,0,0,2725000,2725000,None,USD,145842000,12056000,None,3900000,41428000,104414000,2354000,30803000,3432000,4064000,317000,19549000,39300000,66227000,38997000,None,None,None,2069000,104473000,6352000,72809000,17979000,16367000,0,0,8194000,0,0,3432000,0,4064000,-25559000,None,1343000,None,41369000,None,None,77000,2431000,None,None,None,122477000,145842000,84206000,None,30000000,USD,None,-3748000,-1420000,-1287000,None,-2369000,None,255000,2725000,226000,4015000,-5184000,1385000,-3259000,890000,0,3504000,5333000,133000,3504000,None,226000,9.7,12.41
13,2017-04-30,USD,26266000,11382000,11927000,14339000,15288000,10278000,2546000,0,15288000,0,8497000,12331000,2957000,339000,0,None,None,None,0,0,0,5010000,13849000,0,10278000,10278000,None,USD,148774000,12013000,None,4322000,45024000,103750000,2208000,34608000,3421000,4608000,293000,19549000,37193000,66001000,42737000,None,None,None,2055000,109526000,4455000,72188000,19332000,19871000,0,0,8129000,0,0,3421000,0,4608000,-25559000,None,1176000,None,39248000,None,None,79000,2287000,None,None,None,121280000,148774000,85333000,None,30000000,USD,None,2170000,11650000,11881000,None,-1919000,-200000,-284000,10278000,10249000,518000,-3396000,1595000,-3241000,1320000,0,1187000,-7655000,231000,-2474000,None,10249000,10.97,9.7
14,2017-01-31,USD,26441000,11594000,12392000,14049000,3480000,2243000,3074000,0,3480000,0,8135000,1025000,2455000,385000,0,None,None,None,0,0,0,1237000,0,0,2243000,2243000,None,USD,136973000,12217000,None,4394000,41900000,95073000,1352000,33354000,3405000,-2432000,383000,19549000,35307000,55752000,40478000,None,None,None,3321000,98345000,2715000,63307000,20804000,17395000,0,0,7124000,0,0,3405000,0,-2432000,-25559000,None,826000,None,38628000,None,None,70000,1422000,None,None,None,119659000,136973000,76556000,None,30000000,USD,None,5261000,-1036000,-865000,None,-1008000,None,1614000,2243000,7583000,9627000,-3415000,2002000,-3202000,2194000,0,3661000,5567000,171000,-2031000,None,7583000,10.49,10.97
15,2016-10-31,USD,26146000,12310000,13128000,13018000,541000,412000,3169000,0,541000,0,8892000,-167000,708000,249000,0,None,None,None,0,0,0,129000,0,0,412000,412000,None,USD,130162000,13198000,None,5053000,36598000,93564000,1470000,27965000,3377000,-1414000,487000,19549000,38004000,48169000,35054000,None,None,None,3303000,88855000,3863000,60817000,20268000,15365000,0,0,7089000,0,0,3377000,0,-1414000,-25559000,None,1394000,None,41307000,None,None,74000,1544000,None,None,None,117160000,130162000,68437000,None,30000000,USD,None,-1209000,-5596000,-5411000,None,-2677000,-200000,660000,412000,-3668000,4605000,-2151000,1636000,-3201000,724000,0,5692000,2753000,185000,3164000,None,-3668000,10.43,10.49
16,2016-07-31,USD,27433000,12150000,13637000,13796000,2306000,1688000,3100000,0,2306000,0,8982000,660000,1646000,68000,0,None,None,None,0,0,0,618000,0,0,1688000,1688000,None,USD,133365000,10423000,None,3719000,38116000,95249000,1839000,29292000,3368000,1385000,569000,18749000,36407000,51837000,36220000,None,None,None,3345000,93613000,6088000,66077000,20037000,18020000,0,0,6928000,0,0,3368000,0,1385000,-25559000,None,1147000,None,39752000,None,None,57000,1896000,None,None,None,116055000,133365000,71874000,None,29000000,USD,None,-4027000,-780000,-636000,None,-1417000,-200000,3254000,1688000,2833000,5030000,-1589000,1407000,-2896000,1479000,0,2528000,5023000,144000,2528000,None,2833000,11.03,10.43
17,2016-04-30,USD,28866000,11978000,13027000,15839000,4792000,3406000,3071000,0,4792000,0,8839000,931000,3861000,68000,0,None,None,None,0,0,0,1386000,1173000,0,3406000,3406000,None,USD,136724000,10998000,None,3586000,41830000,94894000,1931000,30778000,3346000,2897000,1217000,18749000,39233000,49004000,39294000,None,None,None,3396000,94095000,7924000,65147000,20957000,20548000,0,0,8516000,0,0,3346000,0,2897000,-25559000,None,1562000,None,42629000,None,None,605000,2536000,None,None,None,114210000,136724000,69961000,None,29000000,USD,None,1091000,-739000,-565000,None,-3045000,-231000,-740000,3406000,6042000,9826000,-2374000,1403000,-2885000,71000,0,-945000,6118000,174000,182000,None,6042000,9.14,11.03
18,2016-01-31,USD,27095000,11089000,13488000,13607000,2324000,2111000,3012000,0,2324000,0,8009000,-194000,2518000,68000,0,None,None,None,0,0,0,213000,0,0,2111000,2111000,None,USD,134682000,11641000,None,4846000,40522000,94160000,1272000,29942000,3343000,2378000,1343000,18749000,40962000,42962000,38644000,None,None,None,3415000,90305000,9596000,63770000,21767000,20730000,0,0,8702000,0,0,3343000,0,2378000,-25448000,None,976000,None,44377000,None,None,606000,1878000,None,None,None,113887000,134682000,64729000,None,29000000,USD,None,4396000,-931000,-691000,None,-1732000,210000,None,2111000,1440000,4103000,-4054000,1402000,-2869000,927000,0,1127000,2683000,240000,-2435000,None,1440000,9.73,9.14
19,2015-10-31,USD,29070000,11569000,14173000,14897000,3461000,2153000,2416000,0,3461000,0,9085000,133000,3328000,68000,0,None,None,None,0,0,0,1308000,0,0,2153000,2153000,None,USD,129783000,12156000,None,4422000,36394000,93389000,1029000,26829000,3327000,3153000,934000,18749000,42703000,41522000,34760000,None,None,None,3368000,83712000,11143000,62484000,19473000,18295000,0,0,7931000,0,0,3327000,0,3153000,-25448000,None,655000,None,46071000,None,None,605000,1634000,None,None,None,112357000,129783000,60995000,None,29000000,USD,None,-2492000,-1349000,-1173000,None,-2672000,-192000,None,2153000,-4924000,-903000,-4624000,1410000,-2863000,383000,0,1308000,3641000,176000,-991000,None,-4924000,10.23,9.73
