,fiscalDateEnding,reportedCurrency_x,totalRevenue,totalOperatingExpense,costOfRevenue,grossProfit,ebit,netIncome_x,researchAndDevelopment,effectOfAccountingCharges,incomeBeforeTax,minorityInterest,sellingGeneralAdministrative,otherNonOperatingIncome,operatingIncome,otherOperatingExpense,interestExpense,taxProvision,interestIncome,netInterestIncome,extraordinaryItems,nonRecurring,otherItems,incomeTaxExpense,totalOtherIncomeExpense,discontinuedOperations,netIncomeFromContinuingOperations,netIncomeApplicableToCommonShares,preferredStockAndOtherAdjustments,reportedCurrency_y,totalAssets,intangibleAssets,earningAssets,otherCurrentAssets,totalLiabilities,totalShareholderEquity,deferredLongTermLiabilities,otherCurrentLiabilities,commonStock,retainedEarnings,otherLiabilities,goodwill,otherAssets,cash,totalCurrentLiabilities,shortTermDebt,currentLongTermDebt,otherShareholderEquity,propertyPlantEquipment,totalCurrentAssets,longTermInvestments,netTangibleAssets,shortTermInvestments,netReceivables,longTermDebt,inventory,accountsPayable,totalPermanentEquity,additionalPaidInCapital,commonStockTotalEquity,preferredStockTotalEquity,retainedEarningsTotalEquity,treasuryStock,accumulatedAmortization,otherNonCurrrentAssets,deferredLongTermAssetCharges,totalNonCurrentAssets,capitalLeaseObligations,totalLongTermDebt,otherNonCurrentLiabilities,totalNonCurrentLiabilities,negativeGoodwill,warrants,preferredStockRedeemable,capitalSurplus,liabilitiesAndShareholderEquity,cashAndShortTermInvestments,accumulatedDepreciation,commonStockSharesOutstanding,reportedCurrency,investments,changeInLiabilities,cashflowFromInvestment,otherCashflowFromInvestment,netBorrowings,cashflowFromFinancing,otherCashflowFromFinancing,changeInOperatingActivities,netIncome_y,changeInCash,operatingCashflow,otherOperatingCashflow,depreciation,dividendPayout,stockSaleAndPurchase,changeInInventory,changeInAccountReceivables,changeInNetIncome,capitalExpenditures,changeInReceivables,changeInExchangeRate,changeInCashAndCashEquivalents,clossingVal,nextClossingVal
0,2020-06-30,USD,1067000000,808000000,None,1067000000,778000000,569000000,None,None,753000000,None,736000000,None,778000000,-447000000,25000000,184000000,304000000,278000000,None,None,None,184000000,None,None,569000000,569000000,None,USD,54394000000,1114000000,None,18316000000,44826000000,9568000000,283000000,None,7000000,9469000000,283000000,4227000000,208000000,20893000000,40807000000,None,None,144000000,894000000,45204000000,2224000000,4227000000,1798000000,24311000000,3736000000,None,40807000000,None,None,7000000,None,9469000000,-3530000000,None,731000000,None,9190000000,None,3736000000,None,4019000000,None,None,None,3478000000,54394000000,20893000000,None,541000000,USD,-31000000,4167000000,-31000000,-1000000,-1224000000,-1392000000,-1000000,-4104000000,569000000,-6376000000,-4953000000,-4037000000,73000000,-168000000,0,None,-5500000000,31000000,32000000,-5756000000,None,-6376000000,36.38,
1,2020-03-31,USD,892000000,849000000,None,892000000,630000000,446000000,None,None,599000000,None,776000000,-1000000,631000000,-515000000,31000000,153000000,333000000,301000000,None,None,None,153000000,None,None,446000000,446000000,None,USD,51005000000,1144000000,None,19501000000,41852000000,9153000000,279000000,None,7000000,9068000000,279000000,4227000000,1421000000,23230000000,36629000000,1223000000,None,141000000,905000000,41777000000,2213000000,3782000000,1796000000,18547000000,4944000000,None,36629000000,None,None,7000000,None,9068000000,-3530000000,None,739000000,None,9228000000,None,4944000000,None,5223000000,None,None,None,3467000000,51005000000,23230000000,None,541000000,USD,2000000,5714000000,-51000000,-1000000,1023000000,1047000000,-9000000,-965000000,445000000,11063000000,10067000000,-904000000,72000000,-167000000,0,None,4557000000,28000000,53000000,4712000000,None,11063000000,34.66,36.38
2,2019-12-31,USD,692000000,770000000,88000000,692000000,523000000,379000000,None,None,491000000,None,698000000,2000000,521000000,-527000000,32000000,112000000,365000000,327000000,None,None,None,112000000,-23000000,None,379000000,379000000,None,USD,43481000000,1174000000,None,16000000,34734000000,8747000000,256000000,47000000,7000000,8790000000,256000000,4227000000,244000000,11087000000,30923000000,17000000,17000000,18000000,895000000,34400000000,2156000000,3346000000,1636000000,23313000000,3555000000,None,30923000000,None,None,7000000,None,8790000000,-3527000000,None,629000000,None,9081000000,None,3555000000,None,3811000000,None,None,None,3459000000,43481000000,11087000000,None,541000000,USD,-4000000,-703000000,-106000000,-1000000,200000000,-323000000,-12000000,-433000000,379000000,-902000000,-473000000,-446000000,72000000,-168000000,-143000000,None,-573000000,59000000,102000000,166000000,None,-902000000,49.7,34.66
3,2019-09-30,USD,1522000000,785000000,84000000,965000000,778000000,550000000,None,None,741000000,None,509000000,-2000000,780000000,55000000,41000000,191000000,417000000,376000000,None,None,None,191000000,4000000,None,550000000,550000000,None,USD,43786000000,1204000000,None,10000000,35086000000,8700000000,228000000,86000000,7000000,8580000000,229000000,4227000000,229000000,5324000000,31263000000,3000000,3000000,41000000,837000000,35620000000,6594000000,3269000000,1668000000,20618000000,3594000000,None,4192000000,None,None,7000000,None,8580000000,-3380000000,None,308000000,None,8776000000,None,3594000000,None,3822000000,None,None,None,3452000000,43786000000,2852000000,None,557000000,USD,-543000000,2429000000,-543000000,-1000000,-1000000,-396000000,-7000000,-797000000,550000000,908000000,1847000000,-747000000,71000000,-164000000,-296000000,None,227000000,26000000,48000000,-482000000,None,908000000,46.7,49.7
4,2019-06-30,USD,919000000,771000000,98000000,919000000,780000000,555000000,None,None,743000000,None,702000000,60000000,720000000,-503000000,37000000,188000000,385000000,346000000,None,None,None,188000000,38000000,None,555000000,555000000,None,USD,41119000000,1236000000,None,45000000,32626000000,8493000000,219000000,46000000,7000000,8194000000,227000000,4227000000,7124000000,10077000000,28833000000,502000000,502000000,11000000,833000000,33091000000,1447000000,3030000000,1129000000,23014000000,3574000000,None,28833000000,None,None,7000000,None,8194000000,-3074000000,None,285000000,None,8028000000,None,3574000000,None,3793000000,None,None,None,3355000000,41119000000,10077000000,None,550000000,USD,-207000000,2226000000,-195000000,71000000,-1000000,-409000000,-8000000,-143000000,555000000,1834000000,2438000000,-135000000,69000000,-166000000,-242000000,None,-73000000,-42000000,59000000,-235000000,None,1834000000,49.92,46.7
5,2019-03-31,USD,884000000,746000000,91000000,884000000,705000000,499000000,None,None,668000000,None,679000000,None,705000000,-500000000,37000000,169000000,364000000,325000000,None,None,None,169000000,-2000000,None,499000000,499000000,None,USD,38679000000,1267000000,None,2000000,30356000000,8323000000,215000000,20000000,7000000,7805000000,223000000,4227000000,268000000,8254000000,26621000000,517000000,517000000,-2000000,812000000,31044000000,1053000000,2829000000,894000000,22790000000,3520000000,None,26621000000,None,None,7000000,None,7805000000,-2832000000,None,276000000,None,7635000000,None,3520000000,None,3735000000,None,None,None,3345000000,38679000000,8254000000,None,554000000,USD,-48000000,1508000000,-48000000,20000000,-1000000,-552000000,-66000000,49000000,499000000,-27000000,573000000,16000000,67000000,-169000000,-317000000,None,-1341000000,19000000,48000000,-1536000000,None,-27000000,49.99,49.92
6,2018-12-31,USD,945000000,720000000,91000000,945000000,810000000,604000000,0,None,778000000,None,654000000,14000000,796000000,-505000000,32000000,None,None,None,None,None,None,174000000,12000000,None,604000000,604000000,None,USD,37191000000,1298000000,None,50000000,28834000000,8357000000,211000000,2000000,7000000,7475000000,226000000,4227000000,259000000,8302000000,25139000000,545000000,545000000,-10000000,797000000,29614000000,993000000,2832000000,3294000000,21312000000,3484000000,None,25139000000,None,None,7000000,None,7475000000,-2515000000,None,262000000,None,7577000000,None,3484000000,None,3695000000,None,None,None,3400000000,37191000000,8302000000,None,561000000,USD,-393000000,-1577000000,-426000000,11000000,896000000,594000000,-20000000,473000000,604000000,2930000000,2762000000,455000000,66000000,-168000000,-114000000,None,3148000000,48000000,44000000,3166000000,None,2930000000,48.96,49.99
7,2018-09-30,USD,863000000,763000000,78000000,863000000,636000000,454000000,0,0,609000000,0,693000000,1000000,635000000,-465000000,27000000,None,None,None,0,-180000000,0,-673000000,-19000000,0,1282000000,454000000,None,USD,37520000000,1329000000,None,118000000,29517000000,8003000000,177000000,48000000,7000000,7011000000,246000000,4227000000,270000000,5875000000,26805000000,597000000,597000000,-23000000,792000000,30320000000,640000000,2447000000,3341000000,24445000000,2439000000,156000000,26805000000,0,0,7000000,0,7011000000,-2371000000,None,212000000,None,7200000000,None,2439000000,96000000,2712000000,None,None,None,3379000000,37520000000,5875000000,None,563000000,USD,-3000000,-67000000,-66000000,20000000,-1000000,-408000000,-32000000,1433000000,454000000,1347000000,1821000000,1460000000,70000000,-120000000,-255000000,347000000,-114000000,56000000,63000000,-152000000,None,1347000000,52.83,48.96
8,2018-06-30,USD,855000000,751000000,88000000,855000000,631000000,451000000,0,0,603000000,0,682000000,None,631000000,-458000000,28000000,None,None,None,0,515000000,0,152000000,-44000000,0,451000000,451000000,None,USD,37511000000,1363000000,None,78000000,29575000000,7936000000,163000000,117000000,7000000,6673000000,163000000,4198000000,286000000,5952000000,26859000000,80000000,80000000,-21000000,778000000,30297000000,682000000,2375000000,4804000000,24345000000,2553000000,195000000,26859000000,0,0,7000000,0,6673000000,-2118000000,None,193000000,None,7214000000,None,2553000000,None,2716000000,None,None,None,3395000000,37511000000,5952000000,None,568000000,USD,-3000000,-1038000000,-35000000,12000000,-222000000,-344000000,-3000000,2487000000,451000000,-30000000,349000000,2482000000,69000000,-119000000,0,308000000,-1662000000,31000000,47000000,-1646000000,None,-30000000,54.77,52.83
9,2018-03-31,USD,893000000,1019000000,788000000,893000000,396000000,271000000,0,0,372000000,0,947000000,None,396000000,-450000000,24000000,None,None,None,0,-451000000,0,101000000,-136000000,0,271000000,271000000,None,USD,38410000000,1395000000,None,44000000,30815000000,7595000000,131000000,208000000,7000000,6341000000,131000000,4202000000,6251000000,8236000000,27889000000,62000000,62000000,-20000000,801000000,31433000000,413000000,1998000000,488000000,22709000000,2795000000,413000000,27889000000,0,0,7000000,0,6341000000,-2120000000,None,166000000,None,6977000000,None,2795000000,None,2926000000,None,None,None,3387000000,38410000000,8724000000,None,567000000,USD,-392000000,-1274000000,-440000000,8000000,219000000,45000000,-55000000,3436000000,271000000,-271000000,124000000,3519000000,72000000,-119000000,0,90000000,-2415000000,34000000,56000000,-2498000000,None,-271000000,59.23,54.77
10,2017-12-31,USD,743000000,921000000,669000000,743000000,323000000,297000000,0,0,303000000,0,849000000,-13000000,336000000,-442000000,20000000,None,None,None,0,116000000,0,6000000,-191000000,0,297000000,297000000,None,USD,39412000000,1432000000,None,None,31979000000,7433000000,182000000,279000000,7000000,6189000000,182000000,4197000000,5972000000,11780000000,29169000000,50000000,17000000,-19000000,780000000,32166000000,593000000,1804000000,99000000,20287000000,2531000000,593000000,29119000000,0,0,7000000,0,6189000000,-2119000000,None,244000000,None,7246000000,None,2531000000,97000000,2810000000,None,None,None,3375000000,39412000000,11879000000,None,567000000,USD,708000000,612000000,633000000,-12000000,50000000,-75000000,44000000,5000000,297000000,172000000,-386000000,29000000,72000000,-119000000,0,0,-1385000000,13000000,63000000,-1409000000,None,172000000,51.13,59.23
11,2017-09-30,USD,561000000,621000000,511000000,561000000,361000000,211000000,0,0,338000000,0,571000000,None,361000000,-371000000,23000000,None,None,None,0,-51000000,0,127000000,-24000000,0,211000000,211000000,None,USD,38627000000,1470000000,None,5000000,31380000000,7247000000,193000000,111000000,7000000,6011000000,193000000,4213000000,6658000000,11918000000,28535000000,3000000,3000000,-24000000,752000000,31460000000,503000000,1564000000,746000000,18796000000,2555000000,503000000,28535000000,0,0,7000000,0,6011000000,-2116000000,None,229000000,None,7167000000,None,2555000000,97000000,2845000000,None,None,None,3369000000,38627000000,12664000000,None,567000000,USD,-62000000,-222000000,-1406000000,-1288000000,-342000000,-37000000,-1000000,1714000000,211000000,-1408000000,35000000,403000000,50000000,-94000000,400000000,0,-2050000000,13000000,56000000,-420000000,None,-1408000000,48.8,51.13
12,2017-06-30,USD,533000000,537000000,477000000,533000000,393000000,231000000,0,0,373000000,0,493000000,-1000000,394000000,-354000000,20000000,None,None,None,0,240000000,0,142000000,-7000000,0,231000000,231000000,None,USD,30110000000,518000000,None,None,24650000000,5460000000,268000000,41000000,6000000,5895000000,268000000,2467000000,3883000000,10208000000,21821000000,2561000000,2561000000,-24000000,592000000,25975000000,407000000,2475000000,747000000,15020000000,2561000000,407000000,21821000000,0,0,6000000,0,5895000000,-2116000000,None,151000000,None,4135000000,None,2561000000,None,2829000000,None,None,None,1699000000,30110000000,10955000000,None,528000000,USD,-62000000,18000000,-62000000,48000000,790000000,685000000,-10000000,1330000000,231000000,649000000,26000000,1322000000,45000000,-95000000,0,0,1563000000,8000000,62000000,-1598000000,None,649000000,42.99,48.8
13,2017-03-31,USD,532000000,546000000,493000000,532000000,358000000,214000000,0,0,344000000,0,502000000,None,358000000,-328000000,14000000,None,None,None,0,-121000000,0,130000000,0,0,214000000,214000000,None,USD,29165000000,537000000,None,None,23840000000,5325000000,269000000,48000000,6000000,5759000000,269000000,2467000000,3902000000,10958000000,21806000000,1765000000,1765000000,-25000000,555000000,25098000000,357000000,2321000000,747000000,13393000000,1765000000,357000000,21806000000,0,0,6000000,0,5759000000,-2111000000,None,151000000,None,4067000000,None,1765000000,None,2034000000,None,None,None,1696000000,29165000000,11705000000,None,528000000,USD,-62000000,225000000,-50000000,28000000,790000000,-97000000,-2000000,354000000,214000000,569000000,716000000,387000000,44000000,-95000000,0,0,9000000,-6000000,50000000,-148000000,None,569000000,38.86,42.99
14,2016-12-31,USD,520000000,506000000,460000000,520000000,353000000,216000000,0,0,339000000,0,463000000,None,353000000,-296000000,14000000,None,None,None,0,24000000,0,123000000,-14000000,0,216000000,216000000,None,USD,28834000000,556000000,None,None,23635000000,5199000000,284000000,None,6000000,5640000000,None,2467000000,3924000000,10925000000,21582000000,None,None,-26000000,531000000,24949000000,177000000,2176000000,747000000,13277000000,1769000000,177000000,21582000000,0,0,6000000,0,5640000000,-2110000000,None,154000000,None,3885000000,None,1769000000,None,2053000000,None,None,None,1689000000,28834000000,11672000000,None,528000000,USD,-62000000,-76000000,-29000000,14000000,790000000,-74000000,-2000000,-401000000,216000000,-193000000,-90000000,-439000000,43000000,-95000000,23000000,154000000,98000000,9000000,29000000,157000000,None,-193000000,43.6,38.86
15,2016-09-30,USD,503000000,547000000,501000000,503000000,284000000,185000000,0,0,270000000,0,502000000,None,284000000,-283000000,14000000,None,None,None,0,189000000,0,85000000,39000000,0,185000000,185000000,None,USD,28818000000,575000000,None,None,23767000000,5051000000,281000000,99000000,6000000,5518000000,281000000,2467000000,3980000000,10584000000,21669000000,1817000000,1817000000,-22000000,526000000,24738000000,331000000,2009000000,757000000,13397000000,1817000000,331000000,21669000000,0,0,6000000,0,5518000000,-2121000000,None,181000000,None,4080000000,None,1817000000,None,2098000000,None,None,None,1670000000,28818000000,11341000000,None,526000000,USD,-357000000,1649000000,-384000000,53000000,510000000,-114000000,9000000,-2374000000,185000000,-62000000,436000000,-1746000000,45000000,-90000000,-33000000,94000000,485000000,7000000,27000000,296000000,None,-62000000,35.24,43.6
16,2016-06-30,USD,508000000,490000000,447000000,508000000,348000000,240000000,0,0,334000000,0,445000000,None,348000000,-285000000,14000000,None,None,None,0,-99000000,0,94000000,-39000000,0,240000000,240000000,None,USD,27107000000,595000000,None,None,22135000000,4972000000,293000000,None,6000000,5423000000,None,2467000000,3271000000,8981000000,20014000000,None,None,-23000000,531000000,23068000000,237000000,1910000000,404000000,13683000000,1828000000,237000000,20014000000,0,0,6000000,0,5423000000,-2088000000,None,209000000,None,4039000000,None,1828000000,None,2121000000,None,None,None,1654000000,27107000000,9385000000,None,527000000,USD,-400000000,-167000000,-420000000,39000000,None,-150000000,-10000000,596000000,240000000,-559000000,11000000,610000000,44000000,-90000000,-50000000,188000000,189000000,19000000,20000000,-735000000,None,-559000000,28.475,35.24
17,2016-03-31,USD,523000000,503000000,458000000,523000000,343000000,205000000,0,0,330000000,0,459000000,None,343000000,-279000000,13000000,None,None,None,0,20000000,0,125000000,0,0,205000000,205000000,None,USD,27154000000,616000000,None,None,22282000000,4872000000,285000000,None,6000000,5273000000,None,2467000000,3282000000,10209000000,20183000000,None,None,-24000000,535000000,23172000000,165000000,1789000000,7733000000,12963000000,1814000000,165000000,20183000000,0,0,6000000,0,5273000000,-2039000000,None,199000000,None,3982000000,None,1814000000,None,2099000000,None,None,None,1656000000,27154000000,10209000000,None,529000000,USD,200000000,1475000000,185000000,0,None,-314000000,8000000,-1585000000,205000000,741000000,870000000,-1569000000,45000000,-91000000,-231000000,260000000,924000000,-8000000,15000000,722000000,None,741000000,31.53,28.475
18,2015-12-31,USD,493000000,469000000,425000000,493000000,343000000,212000000,0,0,331000000,0,425000000,None,343000000,-275000000,12000000,None,None,None,0,0,0,119000000,0,0,212000000,212000000,None,USD,25766000000,639000000,None,None,20792000000,4974000000,300000000,None,6000000,5159000000,None,2467000000,3281000000,7775000000,18709000000,None,None,-24000000,542000000,21680000000,263000000,1868000000,204000000,13701000000,1783000000,263000000,18709000000,0,0,6000000,0,5159000000,-1809000000,None,175000000,None,4086000000,None,1783000000,None,2083000000,None,None,None,1642000000,25766000000,7979000000,None,537000000,USD,-201000000,-662000000,-244000000,0,None,-150000000,-21000000,None,212000000,-243000000,151000000,347000000,44000000,-91000000,-38000000,162000000,0,8000000,43000000,202000000,None,-243000000,34.71,31.53
19,2015-09-30,USD,528000000,471000000,427000000,528000000,360000000,216000000,0,0,348000000,0,426000000,None,360000000,-258000000,12000000,None,None,None,0,91000000,0,132000000,14000000,0,216000000,216000000,None,USD,26375000000,661000000,None,None,21472000000,4903000000,287000000,103000000,6000000,5038000000,287000000,2467000000,3277000000,8283000000,19385000000,1800000000,1800000000,-25000000,521000000,22152000000,425000000,1775000000,6305000000,13869000000,1800000000,425000000,19385000000,0,0,6000000,0,5038000000,-1765000000,None,149000000,None,4223000000,None,1800000000,None,2087000000,None,None,None,1649000000,26375000000,8283000000,None,537000000,USD,8000000,1330000000,-13000000,3000000,-25000000,-345000000,-2000000,-1227000000,216000000,-255000000,103000000,-1869000000,45000000,-82000000,-236000000,0,-885000000,4000000,13000000,377000000,None,-255000000,31.84,34.71
