,fiscalDateEnding,reportedCurrency_x,totalRevenue,totalOperatingExpense,costOfRevenue,grossProfit,ebit,netIncome_x,researchAndDevelopment,effectOfAccountingCharges,incomeBeforeTax,minorityInterest,sellingGeneralAdministrative,otherNonOperatingIncome,operatingIncome,otherOperatingExpense,interestExpense,taxProvision,interestIncome,netInterestIncome,extraordinaryItems,nonRecurring,otherItems,incomeTaxExpense,totalOtherIncomeExpense,discontinuedOperations,netIncomeFromContinuingOperations,netIncomeApplicableToCommonShares,preferredStockAndOtherAdjustments,reportedCurrency_y,totalAssets,intangibleAssets,earningAssets,otherCurrentAssets,totalLiabilities,totalShareholderEquity,deferredLongTermLiabilities,otherCurrentLiabilities,commonStock,retainedEarnings,otherLiabilities,goodwill,otherAssets,cash,totalCurrentLiabilities,shortTermDebt,currentLongTermDebt,otherShareholderEquity,propertyPlantEquipment,totalCurrentAssets,longTermInvestments,netTangibleAssets,shortTermInvestments,netReceivables,longTermDebt,inventory,accountsPayable,totalPermanentEquity,additionalPaidInCapital,commonStockTotalEquity,preferredStockTotalEquity,retainedEarningsTotalEquity,treasuryStock,accumulatedAmortization,otherNonCurrrentAssets,deferredLongTermAssetCharges,totalNonCurrentAssets,capitalLeaseObligations,totalLongTermDebt,otherNonCurrentLiabilities,totalNonCurrentLiabilities,negativeGoodwill,warrants,preferredStockRedeemable,capitalSurplus,liabilitiesAndShareholderEquity,cashAndShortTermInvestments,accumulatedDepreciation,commonStockSharesOutstanding,reportedCurrency,investments,changeInLiabilities,cashflowFromInvestment,otherCashflowFromInvestment,netBorrowings,cashflowFromFinancing,otherCashflowFromFinancing,changeInOperatingActivities,netIncome_y,changeInCash,operatingCashflow,otherOperatingCashflow,depreciation,dividendPayout,stockSaleAndPurchase,changeInInventory,changeInAccountReceivables,changeInNetIncome,capitalExpenditures,changeInReceivables,changeInExchangeRate,changeInCashAndCashEquivalents,clossingVal,nextClossingVal
0,2020-06-30,USD,0,834124,None,None,-834124,-781003,None,None,-781003,None,None,None,-834124,None,None,None,111658,111658,None,None,None,None,-58537,None,-781003,None,None,USD,110783317,None,None,None,727142,110056175,None,None,None,1285626,None,None,None,168224,727142,None,None,None,None,203558,None,None,None,None,None,None,None,None,None,None,None,None,None,None,110579759,None,110579759,None,None,None,0,None,None,None,None,None,None,None,None,USD,100000,None,None,None,None,0,None,None,-781003,9942,-90058,None,None,None,None,None,None,None,0,None,None,None,11.0,
1,2020-03-31,USD,0,144337,None,None,-144337,333179,None,None,333179,None,None,None,-144337,None,None,None,418597,418597,None,None,None,None,58919,None,333179,333180,None,USD,110855629,None,None,None,18451,110837178,None,None,105837530,2066629,None,None,None,158282,18451,None,None,None,None,228991,None,None,None,None,None,None,None,None,None,None,None,None,None,None,110626638,None,110626638,None,None,None,0,None,None,None,2933020,None,158280,None,None,USD,0,None,None,None,None,0,None,None,333179,-194242,-194242,None,None,None,None,None,None,None,0,None,None,None,10.173,11.0
2,2019-12-31,USD,0,78901,None,None,-78901,390429,None,None,390429,None,None,None,-78901,None,None,None,480678,480678,None,None,None,None,-11348,None,390429,390430,None,USD,110509722,None,None,270,5723,110503999,None,None,105504350,1733450,None,None,None,352254,5723,None,None,None,None,360600,110149122,None,None,None,None,None,5723,None,None,None,None,None,None,None,110149122,None,110149122,None,None,None,0,None,None,None,3266200,None,352250,None,None,USD,0,None,-108000000,-108000000,None,0,3558130,None,390429,-43940,-43940,None,None,None,105300000,None,None,None,0,None,None,None,10.56,10.173
3,2019-09-30,USD,0,99898,None,None,-99898,477455,None,None,477455,None,None,None,-99898,None,None,None,592838,592838,None,None,None,None,-15485,None,477455,477460,None,USD,110131164,None,None,None,17594,110113570,None,None,105113920,1343021,None,None,None,396464,17594,None,None,None,None,451372,109679792,None,None,None,None,None,17594,None,None,None,None,None,None,None,109679792,None,109679792,None,None,None,0,None,None,None,3656630,None,396460,None,None,USD,0,None,-108000000,-108000000,None,0,3558130,None,477455,-47108,-47108,None,None,None,105300000,None,None,None,0,None,None,None,10.5,10.56
4,2019-06-30,USD,0,102738,None,None,-102738,585796,None,None,585796,None,None,None,-102738,None,None,None,649324,649324,None,None,None,None,39210,None,585796,585800,None,USD,109643487,None,None,None,7373,109636114,None,None,104636460,865565,None,None,None,443572,7373,None,None,None,None,541049,109102438,None,None,None,None,None,7373,None,None,None,None,None,None,None,109102438,None,109102438,None,None,None,0,None,None,None,4134090,None,443570,None,None,USD,0,None,-108000000,-108000000,None,0,3558130,None,585796,-82664,-82664,None,None,None,105300000,None,None,None,0,None,None,None,10.28,10.5
5,2019-03-31,USD,0,105138,None,None,-105138,308767,None,None,308767,None,105138,None,-105138,None,None,None,413855,413855,None,None,None,None,50,None,308767,308770,None,USD,109080282,None,None,None,29963,109050319,None,None,104050670,279770,None,None,None,526236,29963,None,None,None,None,666377,108413905,None,None,None,None,None,29963,None,None,None,None,None,None,None,108413905,None,108413905,None,None,None,0,None,None,None,4719880,None,526240,None,None,USD,-108000000,None,-108000000,-108000000,None,108751627,3558130,None,308767,526236,-225391,None,None,None,105300000,None,None,None,0,None,None,None,10.1,10.28
6,2018-09-30,USD,0,0,0,0,0,-1046,0,0,-1046,0,0,0,0,0,0,None,None,None,0,0,0,0,-1046,0,-1046,-1046,0,USD,74204,0,None,0,70711,3493,74204,33100,287,-21507,0,0,74204,0,70711,0,0,0,0,0,0,3493,0,0,0,0,3352,0,0,0,0,0,0,0,0,0,0,0,0,0,0,0,0,0,0,0,0,0,0,USD,0,0,0,0,0,0,0,0,-1046,0,0,0,0,0,0,0,0,0,0,0,0,0,nan,10.1
7,2018-03-31,USD,0,0,0,0,0,-1797,0,0,-1797,0,0,0,0,0,0,None,None,None,0,0,0,0,-1797,0,-1797,-1797,0,USD,35839,0,None,0,26861,8978,35839,0,287,-16022,0,0,35839,0,26861,0,0,0,0,0,0,8978,0,0,0,0,4714,0,0,0,0,0,0,0,0,0,0,0,0,0,0,0,0,0,0,0,0,0,0,USD,0,1797,0,0,0,0,0,0,-1797,0,0,0,0,0,0,0,0,0,0,0,0,0,nan,nan
8,2017-12-31,USD,0,0,0,0,722113,721689,0,0,721689,0,-1001068,None,1001068,0,0,None,None,None,0,0,0,0,-279379,0,721689,721689,None,USD,36000,None,None,None,25000,11000,35839,None,287,-14225,None,None,36000,None,25000,None,None,None,None,None,None,10775,None,None,None,None,3000,None,None,None,None,None,None,None,None,None,None,None,None,None,None,None,None,None,None,None,None,None,None,USD,None,-5884,None,None,6308,6000,None,None,-424,None,-6308,None,None,None,None,None,None,None,0,None,None,None,15.36,nan
9,2017-09-30,USD,0,0,0,0,221674,221674,0,0,221674,0,-397680,None,397680,0,0,None,None,None,0,0,0,0,-176006,0,221674,221674,None,USD,29504386,None,None,278538,1091679,5000002,None,None,187,-1139057,None,None,29194458,31390,1091679,None,None,None,None,309928,None,5000002,None,None,None,None,1091679,None,None,None,None,None,None,None,None,None,None,None,None,None,None,None,None,None,None,None,None,None,None,USD,None,433837,11842910,11842910,482215,-11336123,None,-19485,-722113,-32399,-539186,None,None,None,-11818338,None,None,-231425,0,None,None,None,10.95,15.36
10,2017-06-30,USD,0,0,0,0,-110837,-110837,0,0,-110837,0,198840,None,-198840,0,0,None,None,None,0,0,0,0,88003,0,-110837,-110837,None,USD,40909871,None,None,279618,218090,5000009,None,None,179,-678321,None,None,40607272,17142,218090,None,None,None,None,302599,None,5000009,None,5839,None,None,218090,None,None,None,None,None,None,None,None,None,None,None,None,None,None,None,None,None,None,None,None,None,None,USD,None,-5495,105145,105145,70000,70000,None,10279,-110837,-18900,-194045,None,None,None,-11818338,None,5839,-87992,0,None,None,None,nan,10.95
11,2017-03-31,USD,0,0,0,0,-18477,-18477,None,None,-18477,None,86703,None,-86703,None,None,None,None,None,None,None,None,0,68226,None,-18477,-18477,None,USD,40956203,None,None,289897,153585,5000007,None,None,178,-567484,None,None,40624425,36042,153585,None,None,None,None,331778,None,5000007,None,5839,None,None,153585,None,None,None,None,None,None,None,None,None,None,None,None,None,None,None,None,None,None,None,None,None,None,USD,None,1113,55777,55777,30000,30000,None,8032,-18477,8219,-77558,None,None,None,-11818338,None,5839,-68226,0,None,None,None,10.8,nan
12,2017-02-28,USD,0,0,0,0,-132063,-132063,None,None,-132063,None,178588,None,-178588,None,None,None,None,None,None,None,None,0,46525,None,-132063,-132063,None,USD,40943567,None,None,297929,122472,5000002,None,None,178,-549007,None,None,40611976,27823,122472,None,None,None,None,331591,None,5000002,None,5839,None,None,122472,None,None,None,None,None,None,None,None,None,None,None,None,None,None,None,None,None,None,None,None,None,None,USD,None,101362,85973,85973,30000,30000,None,-38876,-132063,-35966,-121939,None,None,None,-11818338,None,-5839,-46523,0,None,None,None,10.654,10.8
13,2016-12-31,USD,0,0,0,0,359111,317134,0,0,317134,0,-513552,None,513552,0,0,None,None,None,0,0,0,0,-196418,0,317134,317134,None,USD,36000,None,None,None,25000,11000,35839,None,287,-13801,None,None,36000,None,25000,None,None,None,None,None,None,11199,None,None,None,None,9000,None,None,None,None,None,None,None,None,None,None,None,None,None,None,None,None,None,None,None,None,None,None,USD,None,21122,None,None,26014,6308,-26014,12000,-33122,None,-6308,None,None,None,None,None,None,None,0,None,None,None,10.5,10.654
14,2016-11-30,USD,0,0,0,0,-359111,-341401,0,0,-341401,0,513552,None,-513552,0,0,None,None,None,0,0,0,0,172151,0,-341401,-341401,None,USD,40974268,None,None,259053,21110,5000009,None,None,177,-416944,None,None,40651426,63789,21110,None,None,None,None,322842,None,5000009,None,None,None,None,21110,None,None,None,None,None,None,None,None,None,None,None,None,None,None,None,None,None,None,None,None,None,None,USD,None,-55580,-40497005,-40497005,-139172,41363235,None,-233429,-359111,63689,-802541,None,None,None,41502407,None,None,-154421,0,None,None,None,10.5,10.5
15,2016-09-30,USD,0,0,0,0,0,-8855,0,0,-8855,0,0,0,0,0,0,None,None,None,0,0,0,0,-8855,0,-8855,-8855,0,USD,25000,0,None,0,8855,16145,25000,5000,287,-8855,0,0,25000,0,8855,0,0,0,0,0,0,16145,0,0,0,0,3855,0,0,0,0,0,0,0,0,0,0,0,0,0,0,0,0,0,0,0,0,0,0,USD,0,3855,0,0,0,0,0,5000,-8855,0,0,0,0,0,0,0,0,0,0,0,0,0,10.3,10.5
