,fiscalDateEnding,reportedCurrency_x,totalRevenue,totalOperatingExpense,costOfRevenue,grossProfit,ebit,netIncome_x,researchAndDevelopment,effectOfAccountingCharges,incomeBeforeTax,minorityInterest,sellingGeneralAdministrative,otherNonOperatingIncome,operatingIncome,otherOperatingExpense,interestExpense,taxProvision,interestIncome,netInterestIncome,extraordinaryItems,nonRecurring,otherItems,incomeTaxExpense,totalOtherIncomeExpense,discontinuedOperations,netIncomeFromContinuingOperations,netIncomeApplicableToCommonShares,preferredStockAndOtherAdjustments,reportedCurrency_y,totalAssets,intangibleAssets,earningAssets,otherCurrentAssets,totalLiabilities,totalShareholderEquity,deferredLongTermLiabilities,otherCurrentLiabilities,commonStock,retainedEarnings,otherLiabilities,goodwill,otherAssets,cash,totalCurrentLiabilities,shortTermDebt,currentLongTermDebt,otherShareholderEquity,propertyPlantEquipment,totalCurrentAssets,longTermInvestments,netTangibleAssets,shortTermInvestments,netReceivables,longTermDebt,inventory,accountsPayable,totalPermanentEquity,additionalPaidInCapital,commonStockTotalEquity,preferredStockTotalEquity,retainedEarningsTotalEquity,treasuryStock,accumulatedAmortization,otherNonCurrrentAssets,deferredLongTermAssetCharges,totalNonCurrentAssets,capitalLeaseObligations,totalLongTermDebt,otherNonCurrentLiabilities,totalNonCurrentLiabilities,negativeGoodwill,warrants,preferredStockRedeemable,capitalSurplus,liabilitiesAndShareholderEquity,cashAndShortTermInvestments,accumulatedDepreciation,commonStockSharesOutstanding,reportedCurrency,investments,changeInLiabilities,cashflowFromInvestment,otherCashflowFromInvestment,netBorrowings,cashflowFromFinancing,otherCashflowFromFinancing,changeInOperatingActivities,netIncome_y,changeInCash,operatingCashflow,otherOperatingCashflow,depreciation,dividendPayout,stockSaleAndPurchase,changeInInventory,changeInAccountReceivables,changeInNetIncome,capitalExpenditures,changeInReceivables,changeInExchangeRate,changeInCashAndCashEquivalents,clossingVal,nextClossingVal
0,2020-06-30,USD,1890180000,90136000,1783914000,106266000,19659000,30439000,None,None,7832000,-10407000,90136000,3529000,16130000,None,11827000,-12200000,None,-11827000,None,None,None,-12200000,3529000,None,20032000,30439000,None,USD,3303989000,160180000,None,1244638000,2171906000,939388000,162475000,549626000,138000,622718000,203149000,135709000,14498000,30011000,926782000,229734000,164548000,-26245000,906017000,1398189000,25083000,939388000,None,537011000,975973000,616323000,147422000,None,None,138000,None,622718000,-953000,None,23152000,None,906017000,41061000,975973000,106676000,1245124000,None,None,None,343730000,3303989000,None,None,None,USD,-2569000,-119015000,-35586000,-7680000,-224037000,-328645000,-99964000,-148000,20033000,9710000,373941000,-119163000,47000000,-5746000,1102000,414628000,2556000,8887000,25337000,2556000,608000,10318000,13.76,
1,2020-03-31,USD,1853105000,105060000,1789975000,63130000,-36988000,-37662000,None,None,-52575000,-13449000,105060000,4942000,-41930000,None,15587000,-1464000,-15458000,-15587000,None,None,None,-1464000,4942000,None,-51111000,-37662000,None,USD,3752691000,167398000,None,1263359000,2638829000,912257000,156804000,674564000,137000,599039000,197974000,135360000,15651000,19693000,1385488000,563699000,473208000,-27649000,921585000,1821882000,22910000,912257000,None,539671000,987526000,1028076000,147225000,None,None,137000,None,599039000,-652000,None,24305000,None,921585000,43308000,987526000,109011000,1253341000,None,None,None,341382000,3752691000,19693000,None,33000000,USD,-280000,-362609000,-30416000,-10829000,342198000,223577000,-105907000,-9656000,-51111000,-35269000,-228430000,-372265000,46898000,-5723000,-6991000,122323000,-11737000,37462000,19307000,-11737000,67000,-35202000,18.75,13.76
2,2019-12-31,USD,1885603000,109457000,1747244000,138359000,72585000,6649000,None,None,20375000,-982000,109457000,43683000,28902000,None,14079000,14708000,16391000,-14078000,None,38131000,None,14708000,5551000,None,5667000,6649000,None,USD,3900741000,175312000,None,1200525000,2705086000,973610000,146660000,1006666000,137000,642687000,187439000,135360000,13349000,54895000,1439919000,256872000,192294000,-7231000,938418000,1945342000,23857000,973610000,None,536367000,1016248000,1170536000,176381000,None,None,137000,None,642687000,-7342000,None,20804000,None,938418000,90228000,1016248000,102259000,1265167000,None,None,None,345359000,3900741000,54895000,None,33000000,USD,9839000,103842000,9839000,49711000,-490861000,-3550000,492858000,3487000,5667000,35226000,28937000,267767000,47770000,-5547000,None,-407198000,-3392000,49695000,39872000,-3392000,-1630000,33596000,25.28,18.75
3,2019-09-30,USD,1982755000,107118000,1873614000,109141000,893000,-4237000,None,None,-13082000,-1633000,107118000,-1130000,2023000,None,13975000,-7212000,-18318000,-13975000,None,None,None,-7212000,-1130000,None,-5870000,-4237000,None,USD,3284452000,181100000,None,1316860000,2273102000,962458000,129963000,629982000,137000,641607000,177291000,135872000,13038000,21299000,1065485000,272754000,187817000,-7620000,703396000,1488775000,117348000,962458000,None,523110000,968117000,741086000,162749000,None,None,137000,None,641607000,-7582000,None,19499000,None,703396000,86555000,968117000,109537000,1207617000,None,None,None,335916000,3284452000,21299000,None,33000000,USD,-250000,79035000,-63478000,-25086000,-222064000,-332153000,-104558000,104237000,-5870000,8841000,404472000,183272000,34250000,-5530000,-1000,10990000,186796000,-4966000,38142000,186796000,1371000,10212000,22.43,25.28
4,2019-06-30,USD,2325041000,106918000,2164313000,160728000,59216000,29888000,None,None,40408000,-477000,106918000,5406000,53810000,None,15727000,10997000,-16250000,-15727000,None,3081000,None,10997000,2325000,None,29411000,29888000,None,USD,3571859000,188818000,None,1399010000,2551220000,970114000,150824000,577011000,137000,651481000,191241000,135872000,19598000,11087000,1304566000,562172000,492803000,-6241000,695827000,1768627000,120929000,970114000,None,712294000,1007012000,753641000,165383000,None,None,137000,None,651481000,-6449000,None,21841000,None,695827000,48401000,1007012000,88818000,1246654000,None,None,None,331186000,3571859000,11087000,None,33000000,USD,-1240000,-147106000,-65557000,-21836000,43736000,8360000,-29850000,-57701000,29411000,-19999000,37198000,-204807000,30386000,-5526000,None,269889000,-102622000,14941000,42481000,-102622000,1095000,-18904000,27.24,22.43
5,2019-03-31,USD,1976792000,113349000,1867128000,109664000,-3680000,-13993000,None,None,-19590000,-155000,112839000,5000,-3685000,None,15910000,-5442000,-15858000,-15910000,None,None,None,-5442000,5000,None,-14148000,-13993000,None,USD,3660252000,206572000,None,1320701000,2661966000,947284000,142419000,738603000,137000,627136000,167106000,119641000,30449000,29991000,1446338000,556087000,489464000,2474000,671805000,1886609000,121781000,947284000,None,611290000,982025000,1026465000,151648000,None,None,137000,None,627136000,-7216000,None,26692000,None,671805000,57451000,982025000,91184000,1215628000,None,None,None,324753000,3660252000,29991000,None,33000000,USD,-205836000,-191095000,-205836000,-161108000,697915000,336050000,-361065000,2188000,-14148000,8169000,-122045000,-188907000,33760000,-5515000,4715000,124741000,-79295000,1804000,44728000,-79295000,-771000,7398000,32.23,27.24
6,2018-12-31,USD,812662000,67776000,718700000,93962000,37780000,23753000,0,0,29932000,-84000,61276000,11594000,26186000,0,7848000,6263000,None,None,0,0,0,6253000,-2755000,0,23679000,23753000,None,USD,2392003000,99138000,None,994610000,1515239000,830322000,130976000,495068000,96000,647517000,162481000,6024000,15667000,22593000,833350000,259236000,21589000,-6387000,476711000,1023198000,249480000,830322000,None,207285000,496187000,690804000,79046000,None,None,96000,None,647517000,-35300000,None,None,None,476711000,None,496187000,54726000,681889000,None,None,None,224396000,2392003000,22593000,None,28000000,USD,-1086000,-69935000,-70110000,-13139000,26910000,140232000,112364000,-31527000,23668000,5773000,-64349000,169533000,22337000,-4663000,5621000,-200435000,-3935000,-5582000,55885000,-3935000,None,5773000,29.89,32.23
7,2018-09-30,USD,685579000,65986000,631715000,53864000,1537000,-2098000,0,0,-3639000,223000,62486000,13659000,-12122000,0,5176000,-1764000,None,None,0,0,0,-1764000,4983000,0,-1875000,-2098000,None,USD,2151618000,100730000,None,1003582000,1308975000,811737000,125071000,382648000,96000,628676000,157942000,6024000,19559000,16820000,690653000,239080000,15677000,-4364000,434505000,878293000,247731000,811737000,None,206380000,437280000,490331000,68925000,None,None,96000,None,628676000,-35039000,None,None,None,434505000,None,437280000,55971000,618322000,None,None,None,222368000,2151618000,16820000,None,28000000,USD,-11086000,80968000,-69444000,-37050000,-46659000,-45106000,-3092000,-34195000,-1874000,-41791000,72759000,46773000,22728000,-4664000,9309000,5280000,13006000,-13154000,32394000,13006000,None,-41791000,37.65,29.89
8,2018-06-30,USD,911402000,59853000,820928000,90474000,43252000,21529000,0,0,29155000,-116000,59853000,12631000,30621000,0,7825000,7742000,None,None,0,6272000,0,7742000,-1466000,0,21413000,21529000,None,USD,2117788000,105289000,None,936515000,1270798000,817885000,122066000,298324000,96000,635438000,154985000,6024000,20253000,58611000,656696000,283860000,13788000,-5347000,408575000,879421000,239802000,817885000,0,218476000,435580000,495611000,74512000,846990000,223259000,96000,0,635438000,-35561000,None,None,None,408575000,None,435580000,56456000,614102000,None,None,None,223259000,2117788000,58611000,None,28000000,USD,-11086000,-35935000,-2090000,22796000,-197485000,-305574000,-110533000,97043000,21413000,27114000,334778000,61108000,22553000,-4662000,7106000,236357000,-3129000,-3524000,24886000,-3129000,None,27114000,34.2,37.65
9,2018-03-31,USD,635739000,64257000,572034000,63705000,4707000,-1700000,0,0,-2292000,-282000,64257000,5259000,-552000,0,6999000,-310000,None,None,0,0,0,-300000,-1740000,0,-1992000,-1700000,None,USD,2363528000,108855000,None,990618000,1540771000,800642000,120347000,345297000,96000,618572000,153840000,6024000,22917000,31497000,923950000,518558000,14134000,-3988000,393763000,1137879000,231837000,800642000,0,216021000,438628000,731629000,60095000,822757000,221990000,96000,0,618572000,-36028000,None,None,None,393763000,None,438628000,57846000,616821000,None,None,None,221990000,2363528000,31497000,None,28000000,USD,-11086000,-235075000,-44349000,-14935000,409698000,419634000,-114000,-44641000,-1982000,-3422000,-378707000,-279716000,22679000,-4650000,14700000,-85262000,-30730000,-3696000,29414000,-30730000,None,-3422000,33.1,34.2
10,2017-12-31,USD,1004072000,67599000,919236000,84836000,31194000,69720000,0,0,-895000,25000,67599000,13957000,17237000,0,4095000,None,None,None,0,27994000,0,-70688000,-62894000,0,69793000,69720000,None,USD,2162354000,118917000,None,910817000,1339455000,815202000,122555000,563281000,96000,633496000,36370000,6024000,355023000,34919000,738716000,105856000,54205000,-2700000,384677000,999211000,230627000,815202000,0,183238000,418339000,648703000,69579000,822899000,224622000,96000,0,633496000,-40312000,None,None,None,384677000,None,418339000,59845000,600739000,None,None,None,224622000,2162354000,34919000,None,28000000,USD,-5949000,-74237000,-48618000,-34772000,50137000,44508000,-135000,14662000,69744000,10441000,14551000,154201000,21866000,-4667000,-827000,-184526000,9781000,17388000,7897000,10115000,None,10441000,31.15,33.1
11,2017-09-30,USD,836595000,68456000,766924000,69671000,10389000,2533000,0,0,5005000,83000,67953000,9174000,1215000,0,5384000,None,None,None,0,237994000,0,2389000,0,0,2616000,2533000,None,USD,1964160000,136476000,None,848540000,1214349000,741761000,182778000,410879000,96000,568438000,46965000,23105000,363604000,24478000,589493000,111550000,53972000,-9682000,419348000,803815000,None,741761000,0,196192000,371315000,475602000,67064000,749811000,223814000,96000,0,568438000,-40905000,None,None,None,419348000,None,371315000,70763000,624856000,None,None,None,223814000,1964160000,24478000,None,28000000,USD,1339000,122865000,-719000,8671000,-94678000,-99700000,-498000,-11804000,2617000,5544000,105963000,111061000,21668000,-4501000,-23000,-12397000,0,-3566000,10729000,-13420000,None,5544000,34.25,31.15
12,2017-06-30,USD,993662000,69928000,905828000,87834000,28923000,-26653000,0,0,-19065000,-64000,66044000,11017000,17906000,0,5988000,None,None,None,0,42000000,0,7700000,0,0,-26765000,-26653000,None,USD,1911425000,136597000,None,818880000,1163633000,739825000,182140000,282307000,96000,570406000,47712000,23105000,362268000,19967000,556149000,204586000,567406000,-11993000,423042000,751023000,None,739825000,1033000,186331000,354066000,463205000,69256000,747792000,222261000,96000,0,570406000,-40945000,None,None,None,423042000,None,354066000,71278000,607484000,None,None,None,222261000,1911425000,19967000,None,28000000,USD,-612000,-74521000,-50910000,-40542000,-139047000,-143807000,-221000,43657000,-26717000,-10711000,184006000,-30864000,21875000,-4501000,-38000,179608000,13086000,34581000,10368000,5523000,None,-10711000,34.15,34.25
13,2017-03-31,USD,852016000,81947000,775558000,76458000,530000,-3089000,0,0,-5570000,54000,73745000,6019000,-5489000,0,6100000,None,None,None,0,42000000,0,-2535000,0,0,-3035000,-3089000,None,USD,2161753000,166991000,None,859039000,1384391000,769331000,181991000,358462000,96000,601560000,47307000,63934000,384431000,30397000,765472000,341058000,341058000,-11964000,440395000,993991000,None,769331000,752000,190628000,365971000,641294000,65952000,777362000,220366000,96000,0,601560000,-40727000,None,None,None,440395000,None,365971000,70957000,618919000,None,None,None,220366000,2161753000,30397000,None,28000000,USD,-1817000,-277612000,-13247000,-7639000,213686000,209497000,-217000,-5358000,-3035000,-32985000,-229235000,-282970000,21003000,-4483000,511000,33456000,7563000,-5252000,5608000,7563000,None,-32985000,37.9,34.15
14,2016-12-31,USD,1113055000,84342000,1009361000,103694000,28915000,10145000,0,0,16735000,1165000,84629000,9563000,19352000,0,3073000,None,None,None,0,9107000,0,5425000,-5730000,0,11310000,10145000,None,USD,2232849000,170034000,None,842251000,1442152000,774361000,182452000,630416000,96000,609206000,63198000,63934000,397476000,63101000,799776000,99712000,47545000,-12468000,450052000,1058126000,220225000,774361000,471000,194698000,397065000,682747000,69648000,790697000,222910000,96000,0,609206000,-45383000,None,None,None,450052000,None,397065000,62859000,642376000,None,None,None,222910000,2232849000,63101000,None,28000000,USD,-780000,-94688000,-33015000,-10633000,26334000,19248000,-159000,9417000,11310000,-15528000,-1761000,329174000,22081000,-4342000,-2585000,-254993000,-26429000,6359000,21602000,-21004000,None,-15528000,44.7,37.9
15,2016-09-30,USD,859612000,78767000,761732000,77015000,8886000,1722000,0,0,4445000,1619000,78480000,10638000,-1752000,0,4441000,None,None,None,0,-36428000,0,1104000,0,0,3341000,1722000,None,USD,1984411000,174089000,None,844469000,1204244000,762543000,180489000,372656000,96000,586251000,64039000,63934000,406470000,78158000,552411000,111290000,111290000,-17305000,460247000,783293000,None,762543000,190000,173593000,409259000,427754000,68465000,780167000,221326000,96000,0,603556000,-45130000,None,None,None,460247000,None,395559000,75785000,651833000,None,None,None,221326000,1984411000,78348000,None,28000000,USD,7443000,33182000,-10108000,4144000,-170554000,-178824000,-406000,73959000,3341000,46775000,235707000,107141000,20865000,-4341000,-3523000,58790000,0,7345000,21695000,38225000,None,46775000,36.18,44.7
16,2016-06-30,USD,1064244000,75405000,967202000,97042000,29663000,14423000,0,0,23109000,1018000,75405000,8026000,21637000,0,6554000,None,None,None,0,9107000,0,7668000,0,0,15441000,14423000,None,USD,2107415000,177179000,None,928954000,1324312000,763698000,182093000,320665000,96000,606177000,64514000,63934000,424140000,32370000,668141000,276307000,276307000,-17094000,447267000,895872000,None,763698000,987000,212588000,398746000,486236000,71169000,783103000,219489000,96000,0,606177000,-44970000,None,None,None,447267000,None,398746000,75332000,656171000,None,None,None,219489000,2107415000,32370000,None,28000000,USD,22000,-125741000,14905000,36771000,-98122000,-103065000,-599000,-10727000,14423000,-14918000,73492000,-136468000,20477000,-4341000,7000,180421000,0,-203000,22138000,-6176000,None,-14918000,35.54,36.18
17,2016-03-31,USD,887879000,79881000,799222000,67755000,-15857000,-14696000,0,0,-22908000,-926000,79881000,-3731000,-12126000,0,7051000,None,None,None,0,0,0,-7286000,0,0,-15622000,-14696000,None,USD,2319638000,180957000,None,898766000,1550919000,750160000,180654000,467722000,96000,577788000,64488000,63934000,423214000,46301000,894291000,361440000,None,-18327000,462661000,1096102000,None,750160000,718000,207740000,412360000,703452000,65129000,0,0,96000,0,596115000,-44774000,None,None,None,462661000,None,402360000,73614000,656628000,None,None,None,217050000,2319638000,47019000,None,28000000,USD,14991000,None,250000,-2436000,254210000,250154000,-993000,None,-14696000,-17449000,-267853000,-284400000,20902000,-4338000,1275000,43947000,0,4794000,12305000,-37474000,None,-17449000,31.41,35.54
18,2015-12-31,USD,1104139000,87069000,1004977000,99162000,46959000,-47029000,0,0,-64514000,314000,51446000,34866000,12093000,0,3861000,None,None,None,0,56166000,0,-17799000,-49573000,0,-46715000,-47029000,None,USD,2359101000,184174000,None,914557000,1575362000,764254000,187136000,735550000,96000,615151000,65044000,63934000,436208000,64201000,888037000,82163000,27977000,-20939000,455260000,1129522000,242107000,764254000,13251000,177684000,436208000,747399000,70324000,0,0,96000,0,615151000,-52902000,None,None,None,455260000,None,436208000,63981000,687325000,None,None,None,222848000,2359101000,64201000,None,28000000,USD,-798000,198480000,-26045000,4835000,-41196000,-47224000,-1386000,-12217000,-46716000,23092000,96361000,344767000,21091000,-3910000,-732000,-219610000,45058000,66035000,30082000,51061000,None,23092000,31.63,31.41
19,2015-09-30,USD,935774000,88698000,850584000,85190000,3692000,-1227000,0,0,-2455000,277000,84213000,7200000,-3508000,0,6147000,None,None,None,0,0,0,-1505000,0,0,-950000,-1227000,None,USD,2191694000,116086000,None,919622000,1392000000,779768000,182503000,490009000,96000,666507000,77545000,116086000,445146000,40839000,721303000,159701000,None,-57459000,495045000,904403000,None,779768000,181000,208399000,413561000,527789000,71593000,0,0,96000,0,666507000,-53971000,None,None,None,495045000,None,413561000,74633000,670697000,None,None,None,224595000,2191694000,40839000,None,28000000,USD,-386000,None,-34298000,-19739000,-62130000,-82988000,-1230000,None,-950000,-115000,117171000,74314000,20769000,-3967000,-15661000,-19381000,0,6213000,14173000,36206000,None,-115000,34.06,31.63
