,fiscalDateEnding,reportedCurrency_x,totalRevenue,totalOperatingExpense,costOfRevenue,grossProfit,ebit,netIncome_x,researchAndDevelopment,effectOfAccountingCharges,incomeBeforeTax,minorityInterest,sellingGeneralAdministrative,otherNonOperatingIncome,operatingIncome,otherOperatingExpense,interestExpense,taxProvision,interestIncome,netInterestIncome,extraordinaryItems,nonRecurring,otherItems,incomeTaxExpense,totalOtherIncomeExpense,discontinuedOperations,netIncomeFromContinuingOperations,netIncomeApplicableToCommonShares,preferredStockAndOtherAdjustments,reportedCurrency_y,totalAssets,intangibleAssets,earningAssets,otherCurrentAssets,totalLiabilities,totalShareholderEquity,deferredLongTermLiabilities,otherCurrentLiabilities,commonStock,retainedEarnings,otherLiabilities,goodwill,otherAssets,cash,totalCurrentLiabilities,shortTermDebt,currentLongTermDebt,otherShareholderEquity,propertyPlantEquipment,totalCurrentAssets,longTermInvestments,netTangibleAssets,shortTermInvestments,netReceivables,longTermDebt,inventory,accountsPayable,totalPermanentEquity,additionalPaidInCapital,commonStockTotalEquity,preferredStockTotalEquity,retainedEarningsTotalEquity,treasuryStock,accumulatedAmortization,otherNonCurrrentAssets,deferredLongTermAssetCharges,totalNonCurrentAssets,capitalLeaseObligations,totalLongTermDebt,otherNonCurrentLiabilities,totalNonCurrentLiabilities,negativeGoodwill,warrants,preferredStockRedeemable,capitalSurplus,liabilitiesAndShareholderEquity,cashAndShortTermInvestments,accumulatedDepreciation,commonStockSharesOutstanding,reportedCurrency,investments,changeInLiabilities,cashflowFromInvestment,otherCashflowFromInvestment,netBorrowings,cashflowFromFinancing,otherCashflowFromFinancing,changeInOperatingActivities,netIncome_y,changeInCash,operatingCashflow,otherOperatingCashflow,depreciation,dividendPayout,stockSaleAndPurchase,changeInInventory,changeInAccountReceivables,changeInNetIncome,capitalExpenditures,changeInReceivables,changeInExchangeRate,changeInCashAndCashEquivalents,clossingVal,nextClossingVal
0,2020-06-30,USD,385661000,218994000,53860000,331801000,115625000,96564000,86133000,None,112585000,None,128698000,2818000,112807000,4163000,3040000,16021000,934000,-2106000,None,None,None,16021000,1884000,None,96564000,96564000,None,USD,4671866000,481694000,None,950584000,1233818000,3438048000,66661000,325098000,946000,3513334000,162744000,2474299000,215575000,744546000,543806000,None,None,-79385000,88792000,1294264000,None,482055000,433000,343247000,423683000,None,218708000,None,None,946000,None,3513334000,-1141040000,None,332817000,None,3377602000,103585000,423683000,199668000,690012000,None,None,None,1144193000,4671866000,433000,None,None,USD,2784000,24581000,-109967000,-99987000,None,3187000,-2971000,21508000,96564000,24812000,131592000,-3952000,25795000,None,6158000,None,-38386000,26990000,9980000,-38386000,None,24812000,291.73,
1,2020-03-31,USD,304985000,220796000,50116000,254869000,36975000,46064000,86112000,None,33324000,None,130522000,2902000,34073000,4162000,3651000,-12740000,2775000,-876000,None,None,None,-12740000,127000,None,46064000,46064000,None,USD,4526085000,458136000,None,953313000,1233735000,3292350000,69778000,352964000,946000,3416770000,165951000,2398684000,175263000,717748000,537142000,None,None,-89673000,82471000,1290700000,None,435530000,282000,337105000,423607000,None,184178000,None,None,946000,None,3416770000,-1153863000,None,273352000,None,3235385000,107035000,423607000,203208000,696593000,None,None,None,1118170000,4526085000,282000,None,87000000,USD,5628000,-85798000,-9599000,-2612000,-75000000,-288738000,-62425000,20895000,46064000,-150925000,147412000,13371000,25777000,None,-151313000,None,117830000,30168000,6987000,117830000,None,-150925000,232.47,291.73
2,2019-12-31,USD,486228000,250916000,49596000,436632000,188608000,165852000,79152000,None,185147000,None,167937000,2892000,185716000,3827000,3461000,19295000,3186000,-275000,None,None,None,19295000,-294000,None,165852000,165852000,None,USD,4838887000,476711000,None,1121713000,1385508000,3453379000,78643000,351353000,946000,3370706000,175069000,2413280000,204109000,872094000,695140000,75000000,75000000,-65381000,83636000,1555480000,None,563388000,288000,433479000,423531000,None,268787000,None,None,946000,None,3370706000,-1041831000,None,285703000,None,3283407000,91768000,423531000,188194000,690368000,None,None,None,1188939000,4838887000,288000,None,86000000,USD,787000,76079000,-500100000,-480941000,500000000,499445000,-6015000,-70164000,165852000,138796000,139451000,-14237000,22847000,None,5460000,None,-141793000,30703000,19159000,-141793000,None,138796000,257.41,232.47
3,2019-09-30,USD,343899000,197487000,41365000,302534000,108829000,89463000,73018000,None,108829000,None,120682000,3782000,105047000,3787000,-3461000,19366000,3188000,3188000,None,None,None,19366000,594000,None,89463000,89463000,None,USD,3582012000,267378000,None,910418000,658688000,2923324000,31201000,291385000,932000,3204854000,93685000,1771862000,162091000,732684000,473830000,None,None,-90141000,70295000,1206226000,None,884084000,218000,295590000,None,None,182445000,None,None,932000,None,3204854000,-1057955000,None,238917000,None,2375786000,91173000,None,153657000,184858000,None,None,None,865634000,3582012000,218000,None,86000000,USD,-22171000,-5239000,-22171000,-13336000,500000000,5522000,-2331000,21381000,89463000,103719000,120368000,-287000,19640000,None,7853000,None,-9661000,26452000,8835000,-9661000,None,103719000,221.36,257.41
4,2019-06-30,USD,368635000,199510000,40497000,328138000,129941000,109750000,75302000,None,129941000,None,120412000,1313000,128628000,3796000,-3461000,20191000,2980000,2980000,500000,None,None,20191000,-1667000,None,109750000,109750000,None,USD,3512842000,282070000,None,835306000,695556000,2817286000,36482000,321060000,932000,3115391000,99470000,1775734000,148890000,631455000,505666000,None,None,-69379000,68294000,1133345000,None,759482000,241000,297798000,None,None,184606000,None,None,932000,None,3115391000,-1069354000,None,228893000,None,2379497000,90420000,None,153408000,189890000,None,None,None,839696000,3512842000,241000,None,85000000,USD,-59594000,8914000,-59594000,-49548000,500000000,-6467000,-2611000,-16283000,109750000,22478000,88539000,-28117000,18590000,None,-3856000,None,-46932000,26334000,10046000,-46932000,None,23030000,204.82,221.36
5,2019-03-31,USD,317130000,186666000,34815000,282315000,98666000,86230000,70738000,None,98666000,None,112169000,3017000,95649000,3759000,-3461000,13736000,2929000,3442000,1300000,None,None,12436000,-425000,None,86230000,86230000,None,USD,3372263000,278327000,None,186657000,687882000,2684381000,38370000,330890000,932000,3005641000,97213000,1748228000,119605000,607391000,503410000,15266000,15266000,-69937000,63301000,1062811000,None,657826000,237000,268526000,87259000,None,172520000,None,None,932000,None,3005641000,-1077252000,None,197690000,21906000,2309452000,87259000,None,146102000,184472000,None,None,None,824997000,3372263000,607628000,None,85000000,USD,-251683000,-48511000,-251683000,-244783000,500000000,-69091000,-34611000,25387000,86230000,-169196000,151578000,28082000,17898000,None,-34480000,None,43983000,23896000,6900000,43983000,-552000,-169748000,182.71,204.82
6,2018-12-31,USD,415432000,195407000,40089000,375343000,185062000,153163000,58896000,0,185062000,0,133137000,5126000,179936000,3374000,0,None,None,None,0,0,0,31899000,4026000,0,153163000,153163000,None,USD,3265964000,211272000,None,216113000,616417000,2649547000,30077000,328584000,932000,2919411000,91650000,1572455000,109405000,777139000,524767000,None,None,-62379000,61655000,1311177000,None,865820000,225000,317700000,None,None,196183000,None,None,932000,None,2919411000,-1075879000,None,82775000,26630000,1954787000,None,None,61573000,91650000,None,None,None,867462000,3265964000,777364000,None,86000000,USD,None,54730000,-12067000,-3382000,None,-75392000,-1999000,-52718000,153163000,45475000,132934000,2420000,11914000,None,-73393000,None,-106811000,17518000,8685000,-106811000,2484000,47959000,142.94,182.71
7,2018-09-30,USD,289418000,160086000,36308000,253110000,95263000,89336000,59019000,0,95263000,0,97576000,2239000,93024000,3491000,0,None,None,None,0,0,0,5927000,2239000,0,89336000,89336000,None,USD,3056111000,219564000,None,162629000,507565000,2548546000,29955000,272872000,932000,2766259000,92126000,1575567000,75511000,729180000,415439000,None,None,-60891000,57902000,1127567000,None,753415000,211000,235547000,0,0,142567000,0,0,932000,0,2766259000,-1008370000,None,53226000,22285000,1928544000,None,None,62171000,92126000,None,None,None,850616000,3056111000,729391000,None,86000000,USD,None,489000,-6360000,-34000,None,-66074000,-1914000,10327000,89336000,37527000,109961000,-6856000,13603000,0,-64160000,0,4832000,8557000,6326000,4832000,-4241000,33286000,186.68,142.94
8,2018-06-30,USD,305913000,156910000,40450000,265463000,109722000,92596000,58357000,0,109722000,0,95058000,1169000,108553000,3495000,-2692000,None,None,None,0,0,0,17126000,169000,0,92596000,92596000,None,USD,3058250000,229654000,None,188542000,550771000,2507479000,38772000,306879000,932000,2676924000,115770000,1575276000,53834000,695894000,435001000,None,None,-55789000,56501000,1142985000,None,702549000,269000,258280000,0,0,128122000,0,0,932000,0,2676924000,-951912000,None,39101000,14733000,1915265000,None,None,76998000,115770000,None,None,None,837324000,3058250000,696163000,None,86000000,USD,None,-43180000,-288017000,-284199000,None,8196000,-5647000,-10997000,92596000,-168700000,111121000,26340000,17125000,0,13843000,0,5017000,13223000,3818000,5017000,-20899000,-189599000,174.18,186.68
9,2018-03-31,USD,282873000,148774000,39038000,243835000,97038000,84280000,57530000,0,97038000,0,87809000,1977000,95061000,3435000,2692000,None,None,None,0,0,0,12758000,1977000,0,84280000,84280000,None,USD,2959166000,146396000,None,181001000,551806000,2407360000,28849000,311718000,932000,2584328000,109714000,1379458000,50177000,885493000,442092000,42206000,42206000,-29601000,55806000,1327329000,68511000,881506000,4275000,256560000,10072000,39855000,130374000,None,None,932000,None,2584328000,-981713000,None,34731000,15446000,1631837000,None,None,80865000,109714000,None,None,None,833414000,2959166000,889768000,None,86000000,USD,-20394000,-10695000,-7236000,-4303000,41087000,-129405000,-24333000,6773000,84280000,-4220000,132421000,7356000,16613000,None,-105072000,54982000,22507000,12360000,2933000,22507000,8212000,3992000,156.69,174.18
10,2017-12-31,USD,302336000,160845000,40812000,261524000,102330000,52585000,49222000,0,102330000,0,108157000,1651000,100679000,3466000,-4491000,None,None,None,0,0,0,49745000,3826000,0,52585000,52585000,None,USD,2941623000,157625000,None,263820000,695792000,2245831000,1461000,440491000,932000,2316916000,85778000,1378553000,1614261000,881501000,608553000,None,None,-37844000,57096000,1270266000,None,709653000,286000,124659000,0,0,168062000,0,0,932000,0,2316916000,-907530000,None,35972000,42111000,1671357000,None,None,85778000,87239000,None,None,None,873357000,2941623000,881787000,None,87000000,USD,None,131721000,-35820000,-31486000,None,-109277000,-1037000,17051000,52585000,-41619000,103478000,-81404000,17739000,0,-108240000,0,-14406000,15142000,4334000,-32305000,3549000,-38070000,147.59,156.69
11,2017-09-30,USD,275585000,133419000,35983000,239602000,107925000,73630000,50144000,0,107925000,0,80015000,1742000,106183000,3260000,5843000,None,None,None,0,0,0,34295000,-2173000,0,73630000,73630000,None,USD,2846013000,154996000,None,183683000,558759000,2287254000,1793000,381727000,932000,2264331000,60614000,1353444000,1587179000,919571000,496352000,32455000,32455000,-39427000,57160000,1201674000,None,778814000,7064000,91356000,0,0,114625000,0,0,932000,0,2264331000,-804012000,None,33633000,None,45106000,None,None,60614000,62407000,None,None,None,865430000,2846013000,926635000,None,87000000,USD,-13906000,-16701000,-36373000,-29060000,3603000,5328000,-1038000,21497000,73630000,57840000,88885000,15741000,16930000,0,6366000,0,-17899000,6281000,7313000,-6996000,3735000,61575000,122.73,147.59
12,2017-06-30,USD,263924000,129192000,36338000,227586000,99872000,69730000,49002000,0,99872000,0,77051000,1478000,98394000,3139000,-2849000,None,None,None,0,0,0,30142000,2933000,0,69730000,69730000,None,USD,2760965000,153639000,None,198975000,571550000,2189415000,2276000,411646000,932000,2190701000,54487000,1342968000,1561355000,857996000,514787000,29587000,29587000,-43576000,53930000,1145680000,None,692808000,5486000,83223000,0,0,103141000,0,0,932000,0,2190701000,-814424000,None,25639000,None,39109000,None,None,54487000,56763000,None,None,None,855782000,2760965000,863482000,None,87000000,USD,-2015000,-19112000,-14365000,-10920000,4233000,-112368000,-557000,26919000,69730000,-14551000,112182000,25259000,16418000,0,-111811000,0,-24895000,10052000,3445000,9835000,6359000,-8192000,121.68,122.73
13,2017-03-31,USD,253405000,130902000,37031000,216374000,85567000,63306000,54378000,0,85567000,0,73417000,95000,85472000,3107000,1352000,None,None,None,0,0,0,22261000,-3313000,0,63306000,63306000,None,USD,2794693000,164112000,None,223181000,583248000,2211445000,2227000,414708000,932000,2120971000,52295000,1340391000,1558111000,866188000,528726000,26993000,26993000,-50083000,54513000,1182069000,71883000,706942000,368000,92332000,10431000,93557000,114018000,None,None,932000,None,2120971000,-713853000,None,19122000,None,34486000,None,None,52295000,54522000,None,None,None,853478000,2794693000,866556000,None,87000000,USD,-5122000,-13794000,-10885000,-6828000,33293000,-78334000,-8480000,-1091000,63306000,36674000,125893000,24249000,16591000,None,-69854000,-60022000,-23056000,20481000,4057000,15060000,7035000,43709000,106.87,121.68
14,2016-12-31,USD,270628000,134684000,38978000,231650000,98112000,69983000,45560000,0,98066000,0,85950000,1146000,96966000,3174000,46000,None,None,None,0,0,0,28083000,2933000,0,69983000,69983000,None,USD,2800526000,172619000,None,239349000,592121000,2208405000,2259000,403279000,932000,2057665000,50762000,1337215000,1576448000,822479000,539100000,None,None,-57652000,54677000,1169401000,None,698571000,381000,107192000,0,0,135821000,0,0,932000,0,2057665000,-675550000,None,24287000,42327000,1631125000,None,None,50762000,53021000,None,None,None,883010000,2800526000,822860000,None,89000000,USD,None,105642000,-12599000,-8375000,None,-79621000,2962000,-44981000,69983000,4014000,96234000,-73162000,17267000,0,-82583000,0,-17388000,493000,4224000,-23989000,-19451000,-15437000,92.49,106.87
15,2016-09-30,USD,245862000,110177000,35586000,210276000,101023000,69557000,45418000,0,100993000,0,61537000,924000,100099000,3222000,30000,None,None,None,0,0,0,31436000,6037000,0,69557000,69557000,None,USD,2730357000,184768000,None,176606000,500592000,2229765000,1661000,359979000,932000,1987682000,44494000,1333531000,1574578000,837916000,454437000,None,None,-37897000,55628000,1100151000,None,711466000,356000,85273000,0,0,94458000,0,0,932000,0,1987682000,-605413000,None,17271000,39008000,1630206000,None,None,44494000,46155000,None,None,None,884461000,2730357000,838272000,None,89000000,USD,None,-10826000,-3250000,-1099000,None,-86230000,2370000,625000,69557000,-7491000,81989000,5035000,17444000,0,-88600000,0,-6601000,299000,2151000,480000,2052000,-5439000,92.61,92.49
16,2016-06-30,USD,246069000,114903000,37011000,209058000,95537000,69628000,47443000,0,95478000,0,64259000,1382000,94155000,3201000,59000,None,None,None,0,0,0,25850000,-5277000,0,69628000,69628000,None,USD,2747661000,196933000,None,180471000,511801000,2235860000,2160000,375802000,932000,1918125000,41931000,1333397000,1579824000,843355000,467710000,None,None,-39941000,58095000,1109742000,None,705530000,410000,85506000,0,0,91908000,0,0,932000,0,1918125000,-527931000,None,16926000,32568000,1637919000,None,None,41931000,44091000,None,None,None,884675000,2747661000,843765000,None,89000000,USD,None,-7174000,-13633000,-10260000,None,-77425000,1367000,-613000,69628000,-21029000,70029000,-8402000,17444000,0,-78793000,0,-6121000,2272000,3373000,-3739000,949000,-20080000,90.75,92.61
17,2016-03-31,USD,225906000,105599000,35285000,190621000,85864000,56468000,44672000,0,85778000,0,57769000,842000,85022000,3158000,86000,None,None,None,0,0,0,29310000,4897000,0,56468000,56468000,None,USD,2758828000,209677000,None,172304000,524925000,2233903000,6571000,375140000,932000,1848497000,43530000,1334129000,1579998000,863435000,474824000,28330000,28330000,-41093000,60151000,1118679000,75906000,690097000,442000,82498000,19092000,33343000,99684000,None,None,932000,None,1848497000,-456871000,None,5966000,30226000,1640149000,None,None,43530000,50101000,None,None,None,882438000,2758828000,863877000,None,90000000,USD,-14590000,-18411000,-2691000,4000,-1000,-36201000,-3652000,11189000,56468000,69683000,108575000,29718000,17432000,-80000,-32548000,-13405000,-20372000,13508000,2695000,9860000,9584000,79267000,89.46,90.75
18,2015-12-31,USD,251647000,117712000,36992000,214655000,97754000,68021000,41392000,0,97800000,0,71963000,811000,96943000,4357000,-46000,None,None,None,0,0,0,29779000,-19723000,0,68021000,68021000,None,USD,2729904000,220553000,None,200233000,535477000,2194427000,2091000,364644000,932000,1739865000,49240000,1332348000,1591554000,784168000,484146000,None,None,-52164000,61924000,1076426000,None,641526000,446000,91579000,0,0,119502000,0,0,932000,0,1792029000,-440839000,None,5757000,32896000,1653478000,None,None,49240000,51331000,None,None,None,894469000,2729904000,784614000,None,92000000,USD,None,77592000,-10373000,-4993000,-6000,-86313000,1795000,-21351000,68021000,12510000,109196000,-53115000,18888000,0,-88102000,0,6044000,-1527000,5380000,-663000,-4581000,7929000,92.5,89.46
19,2015-09-30,USD,237840000,111076000,36581000,201259000,90474000,66033000,44784000,0,90379000,0,61367000,291000,90183000,4925000,95000,None,None,None,0,0,0,24346000,30823000,0,66033000,66033000,None,USD,2701566000,233262000,None,148160000,489970000,2211596000,29396000,319705000,932000,1724008000,48617000,1334509000,1597712000,776239000,411957000,None,None,-46366000,58590000,1045264000,None,643825000,684000,120181000,0,0,92252000,0,0,932000,0,1724008000,-358898000,None,5665000,24276000,1656302000,None,None,48617000,78013000,None,None,None,891920000,2701566000,776923000,None,92000000,USD,None,-13245000,-33490000,-30407000,-5000,-106535000,614000,None,66033000,-62230000,77795000,10214000,19647000,0,-107144000,0,-6707000,-309000,3083000,-4545000,-1885000,-64115000,88.14,92.5
