,fiscalDateEnding,reportedCurrency_x,totalRevenue,totalOperatingExpense,costOfRevenue,grossProfit,ebit,netIncome_x,researchAndDevelopment,effectOfAccountingCharges,incomeBeforeTax,minorityInterest,sellingGeneralAdministrative,otherNonOperatingIncome,operatingIncome,otherOperatingExpense,interestExpense,taxProvision,interestIncome,netInterestIncome,extraordinaryItems,nonRecurring,otherItems,incomeTaxExpense,totalOtherIncomeExpense,discontinuedOperations,netIncomeFromContinuingOperations,netIncomeApplicableToCommonShares,preferredStockAndOtherAdjustments,reportedCurrency_y,totalAssets,intangibleAssets,earningAssets,otherCurrentAssets,totalLiabilities,totalShareholderEquity,deferredLongTermLiabilities,otherCurrentLiabilities,commonStock,retainedEarnings,otherLiabilities,goodwill,otherAssets,cash,totalCurrentLiabilities,shortTermDebt,currentLongTermDebt,otherShareholderEquity,propertyPlantEquipment,totalCurrentAssets,longTermInvestments,netTangibleAssets,shortTermInvestments,netReceivables,longTermDebt,inventory,accountsPayable,totalPermanentEquity,additionalPaidInCapital,commonStockTotalEquity,preferredStockTotalEquity,retainedEarningsTotalEquity,treasuryStock,accumulatedAmortization,otherNonCurrrentAssets,deferredLongTermAssetCharges,totalNonCurrentAssets,capitalLeaseObligations,totalLongTermDebt,otherNonCurrentLiabilities,totalNonCurrentLiabilities,negativeGoodwill,warrants,preferredStockRedeemable,capitalSurplus,liabilitiesAndShareholderEquity,cashAndShortTermInvestments,accumulatedDepreciation,commonStockSharesOutstanding,reportedCurrency,investments,changeInLiabilities,cashflowFromInvestment,otherCashflowFromInvestment,netBorrowings,cashflowFromFinancing,otherCashflowFromFinancing,changeInOperatingActivities,netIncome_y,changeInCash,operatingCashflow,otherOperatingCashflow,depreciation,dividendPayout,stockSaleAndPurchase,changeInInventory,changeInAccountReceivables,changeInNetIncome,capitalExpenditures,changeInReceivables,changeInExchangeRate,changeInCashAndCashEquivalents,clossingVal,nextClossingVal
0,2020-06-30,USD,891000,2857000,449000,442000,-1512000,-1946000,344000,None,-1943000,None,2064000,None,-1966000,None,194000,3000,None,-194000,None,None,None,3000,217000,None,-1946000,-1946000,None,USD,9675000,1772000,None,166000,8592000,1083000,99000,186000,188288000,-194645000,376000,1385000,555000,374000,7209000,None,489000,-1812000,None,3863000,2100000,-11326000,None,373000,1007000,659000,4217000,None,None,None,None,None,None,None,4000,None,5812000,None,None,43000,1383000,None,None,None,None,None,None,None,None,USD,None,633000,None,None,665000,740000,None,329000,-1946000,89000,-651000,None,237000,None,None,35000,None,-79000,0,None,None,None,2.86,
1,2020-03-31,USD,1010000,1627000,547000,463000,-1094000,-1103000,339000,None,-1103000,None,1288000,70000,-1164000,None,9000,None,-9000,-9000,None,None,None,None,70000,None,-1103000,-1103000,None,USD,8057000,1976000,None,666000,7856000,201000,365000,1110000,186296000,-192699000,381000,1385000,616000,285000,6750000,491000,491000,-1840000,None,1980000,2100000,-11604000,None,335000,375000,694000,5149000,None,None,186296000,8444000,-192699000,None,None,616000,None,6077000,None,375000,366000,1106000,None,None,None,None,8057000,285000,None,4016825,USD,None,95000,None,None,575000,575000,None,232000,-1103000,136000,-439000,224000,247000,None,None,59000,None,5000,0,34000,None,136000,0.7,2.86
2,2019-12-31,USD,1118000,1897000,-6761000,429000,-1655000,-1657000,379000,None,-1657000,None,1448000,-187000,-1468000,None,2000,None,-2000,-2000,None,70000,None,None,-257000,None,-1657000,-1657000,None,USD,8406000,2301000,None,670000,7166000,1240000,485000,1227000,186161000,-191596000,520000,1385000,677000,149000,6646000,491000,491000,-1769000,2000,1941000,2100000,-9290000,None,369000,None,753000,4928000,None,None,186161000,6844000,-191596000,None,None,677000,None,6465000,None,None,35000,520000,None,None,None,None,8406000,149000,None,2219141,USD,0,-1956000,None,None,170000,397000,None,278000,-1657000,20000,-377000,2083000,257000,None,227000,72000,None,416000,0,408000,None,20000,0.7782,0.7
3,2019-09-30,USD,1368000,1811000,883000,485000,935000,885000,460000,None,885000,None,1351000,2261000,-1326000,None,50000,None,-50000,-50000,None,None,None,None,2261000,None,885000,885000,None,USD,9157000,2613000,None,389000,9917000,-760000,625000,1201000,185117000,-189939000,713000,1385000,764000,129000,8185000,321000,821000,-1782000,3000,2120000,2100000,-10602000,None,777000,1019000,825000,6663000,None,None,185117000,5844000,-189939000,None,None,936000,None,7037000,None,1019000,1107000,1732000,None,None,None,None,9157000,129000,None,2963791,USD,0,108000,None,None,-68000,412000,None,280000,885000,-22000,-434000,-1918000,253000,None,480000,344000,-276000,-2028000,0,-276000,None,-22000,1.17,0.7782
4,2019-06-30,USD,963000,1768000,718000,245000,-1509000,-1665000,516000,None,-1665000,None,1252000,14000,-1523000,None,156000,None,-156000,-156000,None,None,None,None,14000,None,-1665000,-1665000,None,USD,9912000,2873000,None,703000,18640000,-8728000,679000,824000,183870000,-190824000,792000,1385000,827000,151000,10493000,389000,889000,-1774000,5000,2524000,2100000,-12986000,None,500000,523000,1170000,9280000,None,None,183870000,None,-190824000,None,None,1025000,None,7388000,None,7355000,7468000,8147000,None,None,None,None,9912000,151000,None,2303088,USD,0,537000,None,None,24000,24000,None,180000,-1665000,12000,-12000,-64000,253000,None,None,77000,359000,247000,0,359000,None,12000,1.57,1.17
5,2019-03-31,USD,2130000,3837000,1435000,695000,-1432000,-1844000,697000,None,-1844000,None,1705000,8000,-1707000,None,145000,None,-145000,-145000,None,None,None,None,8000,None,-1844000,-1844000,None,USD,10546000,3101000,None,596000,17728000,-7182000,772000,104000,183753000,-189159000,910000,1385000,1114000,139000,9594000,865000,865000,-1776000,5000,2841000,2100000,-11668000,None,859000,7224000,1247000,5298000,None,None,183753000,None,-189159000,None,None,1114000,None,7705000,None,7224000,6839000,8134000,None,None,None,None,10546000,139000,None,2300071,USD,0,-183000,None,None,788000,788000,None,188000,-1844000,-202000,-990000,250000,267000,None,None,-16000,282000,254000,0,282000,None,-202000,2.4,1.57
6,2018-12-31,USD,-44770000,-13605000,3007000,-14887000,-1043000,-8531000,414000,0,3837000,0,-14019000,239000,-1282000,0,-4880000,None,None,None,-13522000,0,0,-325000,1630000,0,4991000,-8531000,None,USD,11286000,3348000,None,784000,16893000,-5607000,683000,1011000,183524000,-187315000,683000,1385000,950000,341000,9639000,100000,None,-1816000,6000,3497000,2100000,-10340000,None,1142000,6571000,1230000,8528000,None,None,183524000,None,-187315000,None,None,950000,None,7789000,None,6571000,6571000,7254000,None,None,None,None,11286000,341000,None,2219141,USD,None,3262000,999000,1000000,600000,690000,-421000,188000,-8531000,-1722000,-3411000,-2780000,559000,None,90000,286000,282000,4997000,1000,-1204000,-18000,-1740000,3.05,2.4
7,2018-09-30,USD,15891000,7732000,-11056000,4835000,-2963000,-4852000,694000,0,-4527000,0,7038000,-66000,-2897000,0,1564000,None,None,None,-1767000,0,0,325000,-1630000,0,-4852000,-4852000,None,USD,72520000,38409000,None,1621000,71813000,707000,2999000,4115000,181178000,-178785000,3652000,11590000,1172000,2081000,68161000,None,None,-1686000,2349000,19000000,None,-49292000,0,7298000,0,8000000,64046000,0,0,181178000,0,-178785000,0,None,1172000,None,53520000,None,None,653000,3652000,None,None,None,None,72520000,2081000,None,1932000,USD,None,580000,-24000,0,788000,-5000,-5000,358000,-4852000,-767000,-738000,1265000,888000,0,-5000,-631000,1522000,490000,24000,1522000,-10000,-777000,0.39,3.05
8,2018-06-30,USD,18461000,9073000,-12740000,5721000,-3229000,-6002000,1029000,0,-5513000,0,8044000,123000,-3352000,0,2284000,None,None,None,0,0,0,489000,-2161000,0,-6002000,-6002000,None,USD,75779000,39181000,None,2151000,70593000,5186000,3092000,4575000,180866000,-173933000,3845000,11590000,1325000,2858000,66748000,18195000,44838000,-1747000,2448000,21235000,None,-45585000,0,8849000,0,7377000,43978000,0,0,180866000,0,-173933000,0,None,1325000,None,54544000,None,None,753000,3845000,None,None,None,None,75779000,2858000,None,15250000,USD,None,140000,-23000,0,788000,1951000,-359000,482000,-6002000,567000,-1361000,-78000,2275000,0,1951000,281000,1513000,510000,23000,1513000,-36000,531000,0.4626,0.39
9,2018-03-31,USD,19448000,11099000,13438000,6010000,-5375000,-6823000,1288000,0,-6483000,0,9811000,-286000,-5089000,0,1108000,None,None,None,0,0,0,340000,-1394000,0,-6823000,-6823000,None,USD,78587000,40130000,None,2325000,70532000,8055000,2689000,5341000,177371000,-167976000,3483000,11590000,1236000,2327000,67049000,18109000,43963000,-1340000,2676000,22955000,None,-43665000,0,10606000,0,7697000,43599000,0,0,177371000,0,-167976000,0,None,1236000,None,55632000,None,None,794000,3483000,None,None,None,None,78587000,2327000,None,9428000,USD,None,940000,-8000,0,-192000,-192000,-359000,-1088000,-6823000,-2311000,-2111000,-265000,1667000,0,0,709000,1036000,625000,8000,1036000,40000,-2271000,1.0034,0.4626
10,2017-12-31,USD,18668000,26883000,11422000,355000,-18825000,-29920000,1821000,0,-20434000,0,11782000,None,-18825000,0,1229000,None,None,None,0,2524000,0,-1356000,-1609000,-10764000,-19156000,-29920000,None,USD,83280000,41473000,None,1829000,72817000,10463000,2618000,6343000,173871000,-161427000,3565000,11590000,54263000,4598000,67910000,18195000,44808000,-1981000,2742000,26275000,None,-42600000,0,11482000,0,8366000,43372000,0,0,173871000,0,-161427000,0,None,1200000,None,57005000,None,None,2289000,4907000,None,None,None,None,83280000,4598000,None,7116000,USD,None,2183000,-1174000,0,-308000,9534000,-1020000,-2252000,-26184000,-458000,-8965000,None,3399000,0,4500000,2048000,1377000,9816000,123000,None,None,None,2.46,1.0034
11,2017-09-30,USD,21679000,28751000,13429000,11065000,-172000,-4369000,1793000,0,-3523000,0,11219000,None,-172000,0,1133000,None,None,None,0,0,0,504000,-3351000,0,-4369000,-4369000,None,USD,87832000,56930000,None,1707000,74159000,13673000,None,14618000,169680000,-154046000,3519000,11590000,57737000,3866000,67452000,43328000,43328000,-1961000,2854000,27241000,None,-43257000,None,13063000,None,8605000,9506000,None,None,None,None,None,None,None,None,None,None,None,None,None,None,None,None,None,None,None,None,None,1000000,USD,None,766000,-46000,None,-577000,8476000,-222000,-660000,-3481000,594000,-1590000,None,1517000,None,3000000,1788000,-1724000,-302000,115000,None,None,None,2.21,2.46
12,2017-06-30,USD,19438000,-53722000,12520000,-15106000,7946000,15914000,1896000,0,15188000,0,11517000,None,7946000,0,1699000,None,None,None,0,0,0,192000,7242000,0,15914000,15914000,None,USD,87758000,58131000,None,1810000,73271000,14487000,None,13123000,166740000,-150565000,4798000,11590000,58944000,3272000,65313000,43797000,43797000,-1688000,2898000,25916000,None,-43644000,None,11161000,None,9673000,8393000,None,None,None,None,None,None,None,None,None,None,None,None,None,None,None,None,None,None,None,None,None,1000000,USD,None,-2861000,-65000,None,-577000,6275000,-222000,167000,-7513000,-3632000,-3071000,None,1531000,None,3000000,675000,1440000,1449000,69000,None,None,None,0.193,2.21
13,2017-03-31,USD,21738000,26430000,13381000,6831000,-4692000,-7809000,1771000,0,-7503000,0,11523000,None,-4692000,0,1850000,None,None,None,0,0,0,306000,-2811000,0,-7809000,-7809000,None,USD,96302000,59313000,None,2780000,76823000,19479000,None,13817000,164105000,-143052000,4631000,11590000,59984000,6904000,69082000,44049000,44049000,-1574000,2893000,33425000,None,-39834000,None,13013000,None,10728000,11216000,None,None,None,None,None,None,None,None,None,None,None,None,None,None,None,None,None,None,None,None,None,None,USD,None,884000,-1055000,None,-577000,6852000,-433000,-1937000,-7809000,1848000,-3972000,None,1526000,None,7862000,-496000,-756000,3127000,4000,None,None,None,0.2164,0.193
14,2016-12-31,USD,18723000,105819000,11815000,22339000,-29426000,-68460000,1864000,0,-67635000,0,10779000,None,-29426000,0,1892000,None,None,None,0,34398000,0,878000,-38209000,-10764000,-68460000,-68460000,None,USD,92556000,58796000,None,2121000,72110000,20446000,4151000,12699000,157254000,-135243000,1755000,11068000,59228000,5056000,42854000,43995000,43995000,-1565000,3058000,30270000,None,-38350000,1500000,11591000,24401000,10002000,10561000,None,None,None,None,None,None,None,None,None,None,None,None,None,None,None,None,None,None,None,None,None,None,USD,None,689000,-237000,-1051000,8304000,14123000,-1020000,-319000,-68460000,-3605000,-17473000,None,6187000,None,5831000,1282000,-1185000,43847000,237000,None,None,None,0.3,0.2164
15,2016-09-30,USD,18459000,0,11749000,0,0,0,2222000,0,0,0,13355000,None,0,0,894000,None,None,None,0,0,0,-98000,0,0,0,0,None,USD,92120000,60225000,None,2063000,70690000,21430000,None,12883000,150418000,None,1611000,11068000,60611000,5009000,25389000,None,None,None,3390000,None,None,None,None,None,41259000,10676000,9179000,None,None,None,None,None,None,None,None,None,None,None,None,None,None,None,None,None,None,None,None,None,None,USD,None,None,None,None,None,12046000,None,None,None,None,None,None,None,None,None,711000,407000,None,207000,None,None,None,0.4711,0.3
16,2016-06-30,USD,19592000,0,12216000,0,0,0,2266000,0,0,0,13825000,None,0,0,1261000,None,None,None,0,0,0,98000,0,0,0,0,None,USD,131074000,95926000,None,2417000,69545000,61529000,None,13205000,147297000,None,1813000,44296000,96377000,4324000,23662000,None,None,None,3620000,None,None,None,None,None,41249000,12034000,9643000,None,None,None,None,None,None,None,None,None,None,None,None,None,None,None,None,None,None,None,None,None,None,USD,None,None,None,None,None,9561000,None,None,None,None,None,None,None,None,None,None,None,None,184000,None,None,None,0.8,0.4711
17,2016-03-31,USD,19619000,0,12087000,0,0,0,2442000,0,0,0,13806000,None,0,0,1040000,None,None,None,0,0,0,138000,0,0,0,0,None,USD,133952000,97128000,None,3025000,66972000,66980000,None,15773000,143167000,None,2159000,44132000,97557000,5679000,43018000,None,None,None,3919000,None,None,None,None,None,19036000,11430000,11321000,None,None,None,None,None,None,None,None,None,None,None,None,None,None,None,None,None,None,None,None,None,None,USD,None,764000,None,None,None,2296000,None,None,None,None,None,None,None,None,None,None,None,None,103000,None,None,None,1.24,0.8
18,2015-12-31,USD,18869000,110102000,11780000,22619000,-33937000,-47227000,2579000,0,-48593000,0,14312000,None,-33937000,0,699000,None,None,None,0,10702000,0,-1366000,-14656000,-10764000,-47227000,-47227000,None,USD,139111000,98151000,None,3155000,70971000,68140000,4430000,18151000,136058000,-66783000,2319000,44132000,98596000,8661000,46397000,36891000,36891000,-1135000,3972000,36543000,None,-30011000,None,13401000,19500000,11326000,10855000,None,None,None,None,None,None,None,None,None,None,None,None,None,None,None,None,None,None,None,None,None,None,USD,None,797000,-583000,-168000,12501000,28298000,-1009000,-10000,-47227000,4403000,-23157000,None,7450000,None,17037000,6000,-1499000,17313000,415000,None,None,None,1.515,1.24
19,2015-09-30,USD,18796000,0,11490000,0,0,0,2423000,0,0,0,14276000,None,0,0,887000,None,None,None,0,0,0,-128000,0,0,0,0,None,USD,143971000,108044000,None,2986000,64876000,79095000,None,16416000,128631000,None,2550000,41755000,108536000,5109000,38494000,None,None,None,4227000,None,None,None,None,None,19500000,11170000,11762000,None,None,None,None,None,None,None,None,None,None,None,None,None,None,None,None,None,None,None,None,None,None,USD,None,1753000,None,None,None,16252000,None,None,None,None,None,None,None,None,None,215000,1558000,None,199000,None,None,None,2.11,1.515
