,fiscalDateEnding,reportedCurrency_x,totalRevenue,totalOperatingExpense,costOfRevenue,grossProfit,ebit,netIncome_x,researchAndDevelopment,effectOfAccountingCharges,incomeBeforeTax,minorityInterest,sellingGeneralAdministrative,otherNonOperatingIncome,operatingIncome,otherOperatingExpense,interestExpense,taxProvision,interestIncome,netInterestIncome,extraordinaryItems,nonRecurring,otherItems,incomeTaxExpense,totalOtherIncomeExpense,discontinuedOperations,netIncomeFromContinuingOperations,netIncomeApplicableToCommonShares,preferredStockAndOtherAdjustments,reportedCurrency_y,totalAssets,intangibleAssets,earningAssets,otherCurrentAssets,totalLiabilities,totalShareholderEquity,deferredLongTermLiabilities,otherCurrentLiabilities,commonStock,retainedEarnings,otherLiabilities,goodwill,otherAssets,cash,totalCurrentLiabilities,shortTermDebt,currentLongTermDebt,otherShareholderEquity,propertyPlantEquipment,totalCurrentAssets,longTermInvestments,netTangibleAssets,shortTermInvestments,netReceivables,longTermDebt,inventory,accountsPayable,totalPermanentEquity,additionalPaidInCapital,commonStockTotalEquity,preferredStockTotalEquity,retainedEarningsTotalEquity,treasuryStock,accumulatedAmortization,otherNonCurrrentAssets,deferredLongTermAssetCharges,totalNonCurrentAssets,capitalLeaseObligations,totalLongTermDebt,otherNonCurrentLiabilities,totalNonCurrentLiabilities,negativeGoodwill,warrants,preferredStockRedeemable,capitalSurplus,liabilitiesAndShareholderEquity,cashAndShortTermInvestments,accumulatedDepreciation,commonStockSharesOutstanding,reportedCurrency,investments,changeInLiabilities,cashflowFromInvestment,otherCashflowFromInvestment,netBorrowings,cashflowFromFinancing,otherCashflowFromFinancing,changeInOperatingActivities,netIncome_y,changeInCash,operatingCashflow,otherOperatingCashflow,depreciation,dividendPayout,stockSaleAndPurchase,changeInInventory,changeInAccountReceivables,changeInNetIncome,capitalExpenditures,changeInReceivables,changeInExchangeRate,changeInCashAndCashEquivalents,clossingVal,nextClossingVal
0,2020-06-30,USD,122395000,123722000,93461000,28934000,-1327000,-105000,13168000,None,-1555000,138199000,17093000,None,-1327000,None,None,385000,None,-228000,None,None,None,385000,None,None,-1940000,-105000,None,USD,792939000,None,None,8807000,361051000,293689000,None,None,64000,118833000,12122000,None,12548000,158536000,192058000,None,30114000,-5127000,445288000,318333000,None,276919000,None,13272000,99775000,135528000,86181000,None,None,None,None,None,None,None,7782000,None,474606000,76513000,None,10723000,168993000,None,None,None,None,None,None,None,None,USD,None,None,None,None,None,None,None,None,-105000,None,None,None,None,None,None,None,None,None,0,None,None,None,10.88,
1,2020-03-31,USD,106852000,31078000,84393000,22459000,-8619000,-6495000,13569000,None,-10901000,-3391000,16909000,None,-8619000,None,2282000,-1015000,-2282000,-2282000,None,600000,None,-1015000,-600000,None,-9886000,-6495000,None,USD,767295000,16798000,None,34518000,337566000,289879000,485000,3839000,63000,118938000,11700000,269000,13409000,112548000,190834000,48031000,32812000,-5408000,412318000,291931000,100000,273081000,None,17470000,74205000,127395000,138964000,None,None,63000,None,118938000,-66184000,None,41493000,None,4755000,30579000,104784000,41463000,146732000,None,None,None,242470000,767295000,112548000,None,25076000,USD,-16488000,627000,-16488000,-16488000,6723000,5520000,-1203000,1801000,-9886000,3344000,14312000,1775000,11784000,None,0,-9804000,16402000,3414000,2254000,16402000,None,3344000,6.41,10.88
2,2019-12-31,USD,117860000,27776000,93454000,24406000,-3370000,-1005000,12147000,None,-4005000,-3568000,15629000,None,-3370000,None,635000,568000,-635000,-635000,None,None,None,600000,-635000,None,-4605000,-1005000,None,USD,763140000,16826000,None,34395000,322990000,295870000,263000,3282000,63000,125476000,12093000,269000,15569000,109465000,184151000,36467000,21029000,-4239000,416055000,295323000,700000,279044000,None,33872000,76309000,117591000,144402000,None,None,63000,None,125476000,-66227000,None,30170000,4766000,467817000,34878000,111187000,27389000,138839000,None,None,None,240797000,763140000,109465000,None,24776000,USD,-15369000,-3371000,-15369000,-15369000,10428000,12056000,-99000,-164000,-4573000,5625000,8938000,-2816000,10850000,None,1727000,967000,5457000,2424000,9831000,5457000,None,5625000,13.62,6.41
3,2019-09-30,USD,117802000,27553000,90870000,26932000,-1619000,1009000,12368000,None,-1448000,-2867000,15185000,-998000,-621000,None,-171000,410000,171000,171000,None,None,None,410000,-998000,None,-1858000,1009000,None,USD,749912000,16854000,None,33092000,312359000,291123000,425000,3767000,62000,126481000,12689000,269000,14595000,103417000,189451000,41808000,28751000,-5876000,404005000,294396000,700000,274269000,None,39329000,56357000,118558000,143876000,None,None,62000,None,126481000,-66227000,None,29844000,4813000,455516000,38047000,94404000,28079000,122908000,None,None,None,236683000,749912000,103417000,None,24550000,USD,-15798000,4454000,-15798000,-15798000,-986000,-1082000,-96000,7410000,-1858000,-18107000,-1227000,3756000,10904000,None,0,-5823000,-15033000,2373000,8334000,-15033000,None,-18107000,12.28,13.62
4,2019-06-30,USD,111856000,28594000,84220000,27636000,-875000,2545000,11030000,None,-2865000,-4780000,17564000,83000,-958000,None,1990000,-630000,-1907000,-1907000,None,None,None,-3142000,-1895000,None,277000,2545000,None,USD,739394000,16882000,None,37102000,296105000,291024000,466000,15612000,62000,125485000,15380000,269000,16777000,122257000,177964000,37964000,26609000,-2693000,409737000,295298000,700000,274142000,None,24296000,59380000,111643000,140000000,None,None,62000,None,125485000,-66240000,None,12655000,4822000,444096000,58437000,43381000,14914000,58761000,None,None,None,234410000,739394000,122257000,None,24517000,USD,-22140000,-136000,-22140000,-22140000,-4036000,-2378000,-82000,361000,-2235000,-16253000,8265000,512000,7879000,None,1740000,-3713000,4115000,1843000,8110000,4115000,None,-16253000,9.34,12.28
5,2019-03-31,USD,109067000,29364000,83438000,25629000,-3611000,-1555000,11417000,None,-5330000,-4400000,17947000,124000,-3735000,None,1719000,625000,-1595000,-1595000,None,None,None,625000,-1595000,None,-5955000,-1555000,None,USD,740718000,16911000,None,37104000,295233000,286433000,1325000,13350000,62000,122940000,13108000,269000,18620000,139405000,171246000,36164000,26571000,-563000,391638000,312849000,700000,269522000,None,28410000,62499000,107930000,135082000,None,None,62000,None,122940000,-66240000,None,14343000,4977000,427869000,48380000,110879000,11783000,123987000,None,None,None,230234000,740718000,139405000,None,24289000,USD,-23968000,-12025000,-23968000,-23968000,27180000,25437000,-1743000,-10010000,-5955000,-6456000,-7925000,-1703000,8010000,None,-223000,-4968000,5448000,3268000,10806000,5448000,None,-6456000,11.51,9.34
6,2018-12-31,USD,114925000,32704000,85423000,29502000,-3128000,-1545000,12600000,None,-4834000,-3990000,20104000,74000,-3202000,None,1706000,None,None,None,None,None,None,701000,-1600000,None,-5535000,-1545000,None,USD,734188000,16939000,None,34271000,289660000,283292000,1134000,17361000,61000,124538000,8121000,269000,17788000,146887000,193625000,30226000,None,-2842000,380783000,317978000,700000,266353000,None,33858000,36729000,102962000,163399000,None,None,61000,None,124538000,-66283000,None,13544000,4944000,416210000,51185000,87914000,6987000,96035000,None,None,None,227818000,734188000,146887000,None,23939000,USD,None,8597000,-16834000,-16834000,12246000,37325000,-94000,7718000,-5535000,33585000,13094000,-1040000,8279000,None,25173000,-4913000,3249000,4457000,4371000,3249000,None,33585000,10.19,11.51
7,2018-09-30,USD,115072000,31736000,82461000,32611000,1137000,2416000,11384000,None,-353000,-3329000,20352000,262000,875000,None,1490000,None,None,None,None,None,None,560000,-1228000,None,-913000,2416000,None,USD,684997000,16567000,None,32755000,263325000,280422000,1063000,19663000,61000,126083000,2893000,269000,17915000,113354000,168712000,14144000,None,-2808000,368549000,281266000,700000,263855000,181000,37108000,38795000,98049000,154568000,421672000,0,61000,0,126083000,-66283000,None,13697000,4918000,403731000,52925000,91720000,1830000,94613000,None,None,None,223369000,684997000,113354000,None,23786000,USD,None,18950000,-49493000,-49493000,16220000,14715000,-109000,9621000,-913000,-16791000,17987000,344000,7870000,0,-1396000,-7867000,-3575000,3178000,57202000,-3575000,None,-16791000,11.63,10.19
8,2018-06-30,USD,109897000,29258000,80714000,29183000,-1664000,1021000,9951000,0,-2349000,-4046000,19307000,-1589000,-75000,0,685000,None,None,None,0,0,0,-676000,-2274000,0,-1673000,1021000,None,USD,667049000,16591000,None,29551000,240887000,278594000,713000,1665000,61000,122639000,2630000,269000,32890000,131724000,154680000,8302000,91879000,440000,331656000,285212000,700000,262003000,189000,33755000,26786000,90182000,144713000,426162000,0,61000,0,122639000,-64790000,None,28698000,4892000,381837000,None,56791000,1917000,59421000,None,None,None,220244000,667049000,131724000,None,23860000,USD,None,6207000,-57376000,-57376000,17521000,76996000,60301000,-12740000,-3025000,8843000,-10777000,-18370000,7601000,0,-826000,290000,-4828000,1348000,1593000,-4828000,-2515000,6328000,14.24,11.63
9,2018-03-31,USD,102902000,26452000,75769000,27133000,447000,1651000,9966000,0,342000,-2139000,16486000,-234000,681000,0,105000,None,None,None,0,0,0,-830000,-339000,0,1172000,1651000,None,USD,594847000,16619000,None,17115000,158652000,280293000,2070000,1530000,60000,121621000,3157000,269000,56773000,125446000,144398000,2987000,14084000,5154000,258795000,261960000,700000,263674000,239000,28927000,10883000,90472000,139881000,436195000,0,60000,0,121621000,-61710000,None,52830000,4643000,332887000,214000,11097000,1087000,14254000,None,None,None,215168000,594847000,125446000,None,23852000,USD,None,-1940000,-61596000,-61596000,12926000,47428000,-1999000,-12446000,-488000,-21765000,-7597000,-7174000,7432000,0,36501000,-4800000,-4644000,4017000,23328000,-4644000,763000,-21002000,15.45,14.24
10,2017-12-31,USD,103896000,24858000,75814000,28082000,3064000,6791000,9102000,0,3050000,-1669000,15756000,-160000,3224000,0,14000,None,None,None,0,0,0,2072000,-174000,0,978000,6791000,None,USD,520551000,14599000,None,8942000,127499000,279510000,442000,1386000,60000,120023000,1337000,269000,62000000,146401000,125271000,846000,1295000,2455000,193253000,265298000,700000,264911000,192000,24283000,449000,85672000,123039000,393052000,0,60000,0,120023000,-55799000,None,42801000,4600000,255253000,449000,449000,1337000,2228000,None,None,None,212771000,520551000,146401000,None,23908000,USD,None,6590000,-40302000,-40302000,-201000,-4317000,-120000,-133000,5122000,-35015000,9604000,-5879000,7408000,0,-3996000,-6486000,4127000,1726000,19341000,1123000,1059000,-33956000,16.36,15.45
11,2017-09-30,USD,104858000,22940000,77328000,27530000,4630000,4800000,8325000,0,4613000,-1461000,14615000,40000,4590000,0,17000,None,None,None,0,0,0,-1274000,0,0,5887000,4800000,None,USD,492582000,21944000,None,6415000,106421000,272515000,2736000,942000,59000,113238000,1393000,269000,41403000,181198000,101633000,837000,1496000,673000,158973000,292206000,None,250571000,1033000,25406000,659000,79187000,99854000,386161000,0,59000,0,113238000,-49791000,None,14891000,4568000,200376000,659000,659000,1393000,4788000,None,None,None,208336000,492582000,181198000,None,24038000,USD,None,2941000,-34821000,-34821000,-198000,86846000,-129000,-846000,3339000,64275000,12250000,-3202000,6978000,0,87173000,-2932000,3004000,2122000,23894000,3004000,182000,64457000,16.49,16.36
12,2017-06-30,USD,98007000,21525000,72921000,25086000,3613000,4119000,7907000,0,3594000,-1332000,13618000,52000,3561000,0,19000,None,None,None,0,0,0,-807000,-232000,0,4401000,4119000,None,USD,398408000,8804000,None,4883000,99859000,270770000,2659000,814000,59000,113909000,1424000,269000,33545000,115929000,94910000,828000,1694000,306000,139387000,225476000,700000,261966000,221000,28410000,866000,76254000,93268000,298549000,0,59000,0,113909000,-49836000,None,20147000,4594000,172932000,None,866000,1424000,4949000,None,None,None,206332000,398408000,115929000,None,23992000,USD,-600000,8300000,-15470000,-14870000,-197000,1388000,-156000,-1262000,2787000,-534000,13548000,1550000,7040000,0,1741000,-2905000,-1816000,2734000,13535000,-5958000,92000,-442000,16.67,16.49
13,2017-03-31,USD,93281000,19692000,70584000,22697000,2931000,3556000,7625000,0,2909000,-1170000,12067000,-74000,3005000,0,22000,None,None,None,0,0,0,-523000,0,0,3432000,3556000,None,USD,370213000,8737000,None,4948000,78636000,262749000,2938000,713000,59000,109788000,1552000,269000,35798000,116331000,73075000,820000,820000,39000,117335000,217080000,None,254012000,181000,22452000,1071000,73349000,71542000,291577000,0,59000,0,109788000,-49876000,None,21522000,5539000,153133000,1071000,1071000,1552000,5561000,None,None,None,202739000,370213000,116331000,None,23778000,USD,-600000,324000,-16684000,-40424000,-214000,-1552000,-1567000,898000,2386000,-7205000,11031000,898000,6885000,0,229000,-3110000,4142000,1618000,33360000,2030000,562000,-6643000,17.19,16.67
14,2016-12-31,USD,94687000,19258000,72593000,22094000,2766000,2847000,7284000,0,2742000,-1190000,11974000,-70000,2836000,0,24000,None,None,None,0,0,0,-1085000,0,0,3827000,2847000,None,USD,362028000,283000,None,5762000,73907000,258356000,2924000,955000,58000,106284000,2231000,269000,15742000,123117000,67456000,809000,809000,-422000,122686000,223600000,None,258356000,324000,24482000,1296000,70239000,65692000,288121000,0,58000,0,106284000,-49934000,None,10240000,5502000,138428000,1296000,1296000,2231000,6451000,None,None,None,202370000,362028000,123117000,None,23594000,USD,-600000,-2156000,-6470000,-104000,-193000,2309000,-216000,-1342000,1657000,4611000,8772000,-1342000,6760000,0,2718000,-221000,2112000,1497000,6366000,2577000,-592000,4019000,21.27,17.19
15,2016-09-30,USD,97362000,18202000,75418000,21944000,3693000,3307000,7019000,0,3667000,-877000,11183000,-49000,3742000,0,26000,None,None,None,0,0,0,-1237000,0,0,4904000,3307000,None,USD,360566000,284000,None,5314000,75832000,252735000,2972000,1003000,58000,103368000,2272000,269000,16128000,118999000,69092000,801000,801000,860000,123048000,221390000,None,252735000,225000,27059000,1496000,70018000,67288000,284734000,0,58000,0,103368000,-50166000,None,10642000,5486000,139176000,1496000,1496000,2272000,6740000,None,None,None,198615000,360566000,118999000,None,23281000,USD,-600000,105000,-16994000,380000,-215000,38664000,-132000,-5690000,2430000,30967000,9297000,-5690000,6503000,0,39011000,-1170000,465000,7584000,17374000,-465000,33000,31000000,21.72,21.27
16,2016-06-30,USD,91410000,16551000,71940000,19470000,2391000,1921000,6977000,0,2390000,-104000,9574000,-528000,2919000,0,1000,None,None,None,0,432000,0,-7469000,-953000,0,9859000,1921000,None,USD,318505000,284000,None,4526000,76466000,242142000,2973000,997000,57000,100071000,2318000,269000,14491000,87962000,69480000,819000,2514000,769000,116084000,187930000,100000,242142000,188000,26594000,1695000,68848000,67664000,242039000,0,57000,0,100071000,-50199000,None,2359000,12132000,130575000,None,None,4013000,6986000,None,None,None,191444000,318505000,87962000,None,22754000,USD,-600000,-2682000,-7966000,158000,-234000,2998000,-88000,2889000,1817000,8853000,13821000,2143000,6598000,0,3320000,-938000,12187000,1441000,8124000,5442000,-2000,8851000,13.93,21.72
17,2016-03-31,USD,82987000,16368000,66668000,16319000,-39000,-1263000,6924000,0,-44000,0,9444000,10000,-49000,0,5000,None,None,None,0,0,0,1219000,0,0,-1263000,-1263000,None,USD,313894000,16000,None,5772000,78169000,235725000,3913000,807000,56000,98219000,2373000,269000,13449000,79270000,71838000,255000,None,772000,112497000,187948000,None,235440000,347000,34995000,45000,67911000,70776000,0,0,56000,0,98219000,-50470000,None,2971000,10193000,125946000,45000,45000,2373000,6331000,None,None,None,187148000,313894000,79270000,None,22360000,USD,None,10872000,-3122000,-115000,-250000,-1743000,-948000,None,-1263000,-2946000,1919000,-3284000,6927000,0,-545000,-6809000,6745000,1458000,3007000,-5982000,11000,-2935000,11.85,13.93
18,2015-12-31,USD,79825000,15570000,64853000,14972000,-589000,-1611000,5941000,0,-596000,0,9197000,9000,-598000,0,7000,None,None,None,0,432000,0,1015000,0,0,-1611000,-1611000,None,USD,299766000,16000,None,3220000,63195000,236571000,3720000,761000,56000,99078000,2477000,269000,12841000,82089000,56934000,485000,None,750000,112057000,174868000,None,236286000,231000,28457000,64000,61102000,55688000,0,0,56000,0,99078000,-48808000,None,2240000,10316000,124898000,64000,64000,2477000,6261000,None,None,None,185495000,299766000,82089000,None,22297000,USD,None,-2274000,-4803000,-35000,-229000,-2898000,None,None,-1611000,8985000,16686000,236000,6883000,0,-2669000,856000,12727000,1452000,4768000,11144000,5000,8990000,9.19,11.85
19,2015-09-30,USD,81439000,15823000,66378000,15061000,-751000,-1975000,6164000,0,-761000,0,9659000,11000,-762000,0,10000,None,None,None,0,0,0,1214000,0,0,-1975000,-1975000,None,USD,308538000,16000,None,4174000,68642000,239896000,3972000,714000,55000,100732000,2516000,269000,12289000,73064000,62090000,714000,None,739000,117431000,178818000,None,239611000,196000,39622000,64000,61958000,60662000,0,0,55000,0,100732000,-43833000,None,1522000,10482000,129720000,64000,64000,2516000,6552000,None,None,None,182203000,308538000,73064000,None,22483000,USD,None,-2919000,-5830000,172000,-227000,-35043000,None,None,-1975000,-33117000,7756000,595000,6895000,0,-34816000,2217000,1583000,1360000,6002000,1583000,-100000,-33217000,7.79,9.19
