,fiscalDateEnding,reportedCurrency_x,totalRevenue,totalOperatingExpense,costOfRevenue,grossProfit,ebit,netIncome_x,researchAndDevelopment,effectOfAccountingCharges,incomeBeforeTax,minorityInterest,sellingGeneralAdministrative,otherNonOperatingIncome,operatingIncome,otherOperatingExpense,interestExpense,taxProvision,interestIncome,netInterestIncome,extraordinaryItems,nonRecurring,otherItems,incomeTaxExpense,totalOtherIncomeExpense,discontinuedOperations,netIncomeFromContinuingOperations,netIncomeApplicableToCommonShares,preferredStockAndOtherAdjustments,reportedCurrency_y,totalAssets,intangibleAssets,earningAssets,otherCurrentAssets,totalLiabilities,totalShareholderEquity,deferredLongTermLiabilities,otherCurrentLiabilities,commonStock,retainedEarnings,otherLiabilities,goodwill,otherAssets,cash,totalCurrentLiabilities,shortTermDebt,currentLongTermDebt,otherShareholderEquity,propertyPlantEquipment,totalCurrentAssets,longTermInvestments,netTangibleAssets,shortTermInvestments,netReceivables,longTermDebt,inventory,accountsPayable,totalPermanentEquity,additionalPaidInCapital,commonStockTotalEquity,preferredStockTotalEquity,retainedEarningsTotalEquity,treasuryStock,accumulatedAmortization,otherNonCurrrentAssets,deferredLongTermAssetCharges,totalNonCurrentAssets,capitalLeaseObligations,totalLongTermDebt,otherNonCurrentLiabilities,totalNonCurrentLiabilities,negativeGoodwill,warrants,preferredStockRedeemable,capitalSurplus,liabilitiesAndShareholderEquity,cashAndShortTermInvestments,accumulatedDepreciation,commonStockSharesOutstanding,reportedCurrency,investments,changeInLiabilities,cashflowFromInvestment,otherCashflowFromInvestment,netBorrowings,cashflowFromFinancing,otherCashflowFromFinancing,changeInOperatingActivities,netIncome_y,changeInCash,operatingCashflow,otherOperatingCashflow,depreciation,dividendPayout,stockSaleAndPurchase,changeInInventory,changeInAccountReceivables,changeInNetIncome,capitalExpenditures,changeInReceivables,changeInExchangeRate,changeInCashAndCashEquivalents,clossingVal,nextClossingVal
0,2020-06-30,USD,596000000,928000000,118000000,478000000,-450000000,-370000000,None,None,-416000000,-8000000,117000000,None,-450000000,709000000,-34000000,-38000000,1000000,-106000000,None,102000000,None,-38000000,-65000000,None,-378000000,-386000000,None,USD,12999000000,None,None,1241000000,13043000000,-1635000000,589000000,957000000,262000000,-10467000000,2572000000,None,589000000,135000000,1710000000,294000000,294000000,15000000,9344000000,1658000000,1408000000,-1043000000,None,871000000,8523000000,477000000,459000000,None,None,262000000,None,-10467000000,-3189000000,None,None,None,10752000000,123000000,8523000000,2810000000,11333000000,None,592000000,None,11744000000,12999000000,135000000,None,None,USD,-71000000,-42000000,-408000000,-8000000,25000000,31000000,56000000,44000000,-378000000,-293000000,84000000,19000000,445000000,-10000000,-40000000,-5000000,None,83000000,329000000,-38000000,None,-293000000,13.5,
1,2020-03-31,USD,1279000000,5585000000,157000000,1122000000,-4463000000,-4764000000,None,None,-4566000000,142000000,101000000,None,-4463000000,928000000,103000000,56000000,2000000,-103000000,None,4556000000,None,56000000,-4577000000,None,-4622000000,-4480000000,None,USD,13391000000,None,None,1202000000,13046000000,-1246000000,560000000,953000000,262000000,-10081000000,2685000000,None,560000000,428000000,2025000000,544000000,544000000,15000000,9586000000,1908000000,1337000000,-673000000,None,838000000,8336000000,452000000,528000000,None,None,262000000,None,-10081000000,-3189000000,None,11483000000,None,10923000000,134000000,8336000000,2685000000,11021000000,None,573000000,None,11747000000,13391000000,428000000,None,378000000,USD,-83000000,-253000000,-509000000,86000000,72000000,188000000,210000000,-192000000,-4622000000,181000000,502000000,-19000000,593000000,-94000000,None,30000000,None,4552000000,512000000,221000000,None,181000000,4.18,13.5
2,2019-12-31,USD,1696000000,-7785000000,-536000000,2232000000,10060000000,-1976000000,None,None,-3035000000,63000000,-671000000,43000000,10017000000,-5823000000,-827000000,212000000,1000000,-97000000,None,-1291000000,None,-1122000000,-2670000000,None,-1913000000,-2976000000,None,USD,18107000000,None,None,652000000,13087000000,3255000000,694000000,1149000000,261000000,-5601000000,2377000000,None,730000000,247000000,1855000000,11000000,11000000,16000000,14158000000,1961000000,1258000000,3810000000,None,1062000000,8555000000,502000000,695000000,None,None,261000000,None,-5601000000,-3190000000,None,1988000000,None,730000000,169000000,8555000000,2677000000,11232000000,None,555000000,None,11769000000,18107000000,247000000,-28987000000,376062670,USD,-164000000,-4000000,-663000000,-213000000,161000000,-31000000,-98000000,-103000000,-3247000000,84000000,778000000,-22000000,748000000,-94000000,613000000,-25000000,9000000,3319000000,286000000,9000000,None,84000000,25.59,4.18
3,2019-09-30,USD,1477000000,1302000000,66000000,1411000000,109000000,-170000000,None,None,14000000,53000000,142000000,None,109000000,1088000000,95000000,131000000,5000000,-95000000,None,72000000,None,131000000,-18000000,None,-117000000,-170000000,None,USD,21405000000,None,None,19077000000,12998000000,6301000000,684000000,1241000000,261000000,-2625000000,2434000000,None,684000000,163000000,1921000000,19000000,19000000,3000000,17655000000,1971000000,1095000000,6840000000,None,1070000000,8393000000,475000000,661000000,None,None,261000000,None,-2625000000,-3190000000,None,1779000000,None,1095000000,149000000,8393000000,2684000000,11077000000,None,539000000,None,11852000000,21405000000,163000000,None,377000000,USD,-570000000,-32000000,-951000000,301000000,85000000,-70000000,-61000000,-13000000,-117000000,-386000000,635000000,3000000,738000000,-94000000,None,0,28000000,15000000,682000000,28000000,None,-386000000,25.6,25.59
4,2019-06-30,USD,1603000000,1506000000,76000000,1527000000,21000000,-360000000,None,None,-152000000,44000000,148000000,None,21000000,1017000000,173000000,164000000,3000000,-98000000,None,341000000,None,164000000,-312000000,None,-316000000,-360000000,None,USD,21806000000,None,None,19632000000,13131000000,6551000000,732000000,1443000000,261000000,-2455000000,2444000000,None,732000000,549000000,2262000000,175000000,175000000,4000000,17756000000,2791000000,527000000,7072000000,None,1098000000,8157000000,453000000,644000000,None,None,261000000,None,-2455000000,-3190000000,None,19015000000,None,527000000,172000000,8157000000,2712000000,10869000000,None,521000000,None,11931000000,21806000000,549000000,None,377000000,USD,-320000000,38000000,-894000000,229000000,-170000000,260000000,-87000000,89000000,-316000000,222000000,856000000,35000000,628000000,-94000000,611000000,17000000,88000000,366000000,803000000,88000000,None,222000000,28.97,25.6
5,2019-03-31,USD,1635000000,1285000000,88000000,1547000000,262000000,-47000000,None,None,165000000,45000000,174000000,None,262000000,1038000000,97000000,167000000,-127000000,-97000000,None,73000000,None,167000000,-31000000,None,-2000000,-47000000,None,USD,21751000000,None,None,19592000000,13142000000,6989000000,747000000,1356000000,261000000,-2095000000,2474000000,None,747000000,327000000,2374000000,339000000,339000000,4000000,18291000000,2504000000,209000000,6989000000,None,1185000000,8094000000,438000000,679000000,None,None,261000000,None,-2095000000,-3190000000,None,956000000,None,209000000,187000000,8094000000,2674000000,10768000000,None,None,None,12009000000,21751000000,327000000,None,376000000,USD,-118000000,-91000000,-938000000,43000000,159000000,-47000000,-112000000,-63000000,-2000000,-387000000,598000000,-22000000,673000000,-94000000,None,-33000000,8000000,65000000,863000000,8000000,None,-387000000,34.66,28.97
6,2018-12-31,USD,1770000000,2277000000,-256000000,2026000000,-251000000,-381000000,0,0,-344000000,31000000,154000000,None,-251000000,1362000000,93000000,None,None,None,-264000000,761000000,0,6000000,-258000000,0,-350000000,-381000000,None,USD,21582000000,None,None,378000000,12770000000,7130000000,383000000,1342000000,260000000,-2048000000,2491000000,None,474000000,714000000,2201000000,150000000,150000000,4000000,18421000000,2687000000,None,7130000000,None,1194000000,8054000000,401000000,709000000,None,None,260000000,None,-2048000000,-3192000000,None,None,None,474000000,None,8054000000,2515000000,10569000000,None,None,None,12106000000,21582000000,714000000,None,374696222,USD,-91000000,15000000,-1104000000,55000000,159000000,182000000,-46000000,11000000,-350000000,121000000,1043000000,-37000000,661000000,-95000000,323000000,1000000,263000000,490000000,1068000000,263000000,None,121000000,26.25,34.66
7,2018-09-30,USD,1983000000,1293000000,92000000,1891000000,598000000,81000000,0,0,406000000,80000000,157000000,None,598000000,1019000000,192000000,None,None,None,0,117000000,0,245000000,-199000000,0,161000000,81000000,None,USD,21870000000,0,None,19458000000,12924000000,7612000000,437000000,1313000000,260000000,-1667000000,2664000000,0,439000000,593000000,2207000000,150000000,150000000,4000000,18646000000,2785000000,None,7612000000,0,1457000000,8053000000,362000000,744000000,8946000000,11945000000,260000000,0,-1667000000,-2930000000,None,None,None,None,None,8053000000,2664000000,10717000000,None,None,None,11945000000,21870000000,593000000,None,385000000,USD,-91000000,55000000,-926000000,16000000,-228000000,-459000000,-135000000,-48000000,161000000,-379000000,1006000000,-39000000,637000000,-96000000,0,2000000,-12000000,202000000,942000000,-12000000,None,-379000000,47.67,26.25
8,2018-06-30,USD,1929000000,1245000000,82000000,1847000000,602000000,195000000,0,0,508000000,74000000,166000000,None,602000000,991000000,94000000,None,None,None,0,88000000,0,239000000,-104000000,0,269000000,195000000,None,USD,21910000000,0,None,19131000000,12915000000,7640000000,431000000,1230000000,260000000,-1748000000,2666000000,0,435000000,972000000,2312000000,400000000,400000000,4000000,18336000000,3139000000,None,7640000000,0,1446000000,7937000000,361000000,682000000,8995000000,12011000000,260000000,0,-1748000000,-2887000000,None,None,None,None,None,7937000000,2666000000,10603000000,None,None,None,12011000000,21910000000,972000000,None,385000000,USD,-91000000,125000000,-1024000000,-7000000,-228000000,-194000000,-98000000,213000000,269000000,-105000000,1113000000,68000000,635000000,-96000000,0,24000000,-36000000,28000000,1017000000,-36000000,None,-105000000,46.75,47.67
9,2018-03-31,USD,1742000000,825000000,430000000,1312000000,487000000,145000000,0,0,388000000,61000000,169000000,None,487000000,580000000,99000000,None,None,None,0,76000000,0,182000000,-92000000,0,206000000,145000000,None,USD,21791000000,0,None,18919000000,12922000000,7502000000,427000000,1234000000,259000000,-1943000000,2644000000,0,452000000,1077000000,2342000000,400000000,400000000,4000000,18086000000,3253000000,None,7502000000,0,1409000000,7936000000,386000000,708000000,8869000000,12069000000,259000000,0,-1943000000,-2887000000,None,None,None,None,None,7936000000,2644000000,10580000000,None,None,None,12069000000,21791000000,1077000000,None,384000000,USD,-91000000,-124000000,-890000000,-13000000,-150000000,-316000000,-71000000,-152000000,206000000,-591000000,615000000,38000000,580000000,-95000000,0,-33000000,-65000000,13000000,877000000,-65000000,None,-591000000,38.48,46.75
10,2017-12-31,USD,1586000000,842000000,369000000,1217000000,278000000,372000000,0,0,278000000,146000000,122000000,-97000000,375000000,600000000,115000000,None,None,None,0,120000000,0,-240000000,203000000,0,518000000,456000000,None,USD,21922000000,87000000,None,344000000,13131000000,7416000000,167000000,1373000000,259000000,-2088000000,2088000000,87000000,438000000,1668000000,2564000000,550000000,550000000,4000000,17759000000,3725000000,150000000,7416000000,0,1345000000,7934000000,368000000,641000000,8791000000,12128000000,259000000,0,-2088000000,-2887000000,None,None,None,438000000,None,7934000000,2633000000,10567000000,None,None,None,12128000000,21922000000,1668000000,None,380954864,USD,None,74000000,-793000000,631000000,-70000000,-149000000,-54000000,-145000000,518000000,-274000000,668000000,19000000,600000000,-95000000,0,15000000,-270000000,-358000000,763000000,-200000000,None,-274000000,42.22,38.48
11,2017-09-30,USD,1575000000,984000000,397000000,1178000000,93000000,147000000,0,0,93000000,-42000000,144000000,-101000000,194000000,589000000,116000000,None,None,None,0,251000000,0,-12000000,0,0,105000000,63000000,None,USD,21835000000,0,None,18352000000,13458000000,7011000000,0,1332000000,259000000,-2544000000,2112000000,0,411000000,1942000000,2465000000,550000000,550000000,-3000000,17655000000,3769000000,None,7011000000,96000000,1145000000,7933000000,396000000,583000000,8377000000,12186000000,259000000,0,-2544000000,-2887000000,None,None,None,None,None,7933000000,3060000000,10993000000,None,None,None,12186000000,21835000000,1942000000,None,383000000,USD,433000000,8000000,-94000000,246000000,-140000000,-185000000,-260000000,-5000000,105000000,275000000,554000000,26000000,589000000,-475000000,0,-3000000,0,-39000000,773000000,-132000000,None,275000000,45.8,42.22
12,2017-06-30,USD,1384000000,856000000,420000000,964000000,9000000,572000000,0,0,9000000,41000000,135000000,-99000000,108000000,609000000,117000000,None,None,None,0,112000000,0,-604000000,0,0,613000000,572000000,None,USD,22602000000,0,None,1231000000,15395000000,6899000000,1058000000,939000000,259000000,-2607000000,2077000000,0,404000000,1667000000,2873000000,8479000000,8479000000,-112000000,17551000000,4647000000,None,5841000000,0,1015000000,8329000000,416000000,533000000,8265000000,12246000000,259000000,0,-2607000000,-2887000000,None,None,None,404000000,None,8329000000,3135000000,12522000000,None,None,None,12246000000,22602000000,1667000000,None,383000000,USD,228000000,100000000,-436000000,41000000,-150000000,-169000000,39000000,18000000,613000000,146000000,751000000,-63000000,609000000,95000000,0,8000000,62000000,-619000000,1546000000,103000000,None,146000000,47.93,45.8
13,2017-03-31,USD,1878000000,847000000,393000000,1485000000,538000000,213000000,0,0,538000000,54000000,145000000,-100000000,638000000,612000000,118000000,None,None,None,0,90000000,0,271000000,0,0,267000000,213000000,None,USD,22610000000,0,None,187000000,16576000000,6385000000,1789000000,1334000000,258000000,-3179000000,2773000000,0,404000000,1521000000,1898000000,8477000000,8477000000,-112000000,18780000000,3426000000,None,4596000000,0,1171000000,8327000000,454000000,564000000,7823000000,12305000000,258000000,0,-3179000000,-2887000000,None,None,None,404000000,None,8327000000,4562000000,14678000000,None,None,None,12305000000,22610000000,1521000000,None,383000000,USD,None,-243000000,-93000000,426000000,70000000,-218000000,4000000,-3000000,267000000,144000000,455000000,-3000000,612000000,95000000,0,12000000,0,-149000000,322000000,-41000000,None,144000000,51.39,47.93
14,2016-12-31,USD,1482000000,-123000000,1998000000,-516000000,-815000000,-65000000,0,0,211000000,112000000,501000000,-422000000,-393000000,-1336000000,119000000,None,None,None,0,712000000,0,164000000,-595000000,0,47000000,-65000000,None,USD,22519000000,87000000,None,179000000,16550000000,6238000000,1710000000,1258000000,258000000,-3385000000,2743000000,87000000,411000000,1400000000,1843000000,8544000000,8544000000,-112000000,18867000000,3241000000,None,4528000000,0,1128000000,8544000000,476000000,585000000,7679000000,12364000000,258000000,0,-3385000000,-2887000000,None,None,None,411000000,None,8544000000,4453000000,14707000000,None,None,None,12364000000,22519000000,1400000000,None,379439676,USD,None,215000000,-298000000,168000000,-182000000,-351000000,-291000000,117000000,-143000000,147000000,796000000,28000000,663000000,-663000000,0,-25000000,126000000,124000000,466000000,-66000000,None,147000000,63.47,51.39
15,2016-09-30,USD,1438000000,1808000000,433000000,1005000000,-905000000,-607000000,0,0,-905000000,48000000,111000000,-102000000,-803000000,688000000,118000000,None,None,None,0,1009000000,0,-379000000,0,-33000000,-526000000,-607000000,None,USD,23149000000,0,None,256000000,16983000000,6469000000,1783000000,1071000000,258000000,-3203000000,3068000000,0,415000000,1230000000,1628000000,None,None,-119000000,19462000000,3272000000,None,4686000000,0,1064000000,8721000000,513000000,557000000,7949000000,12421000000,258000000,0,-3203000000,-2888000000,None,None,None,415000000,None,8721000000,4851000000,15355000000,None,None,None,12421000000,23149000000,1230000000,None,380000000,USD,None,9000000,-396000000,44000000,1000000,-226000000,-8000000,70000000,-559000000,29000000,651000000,70000000,688000000,95000000,0,-3000000,192000000,491000000,440000000,-45000000,None,29000000,63.87,63.47
16,2016-06-30,USD,1382000000,1507000000,-359000000,1741000000,251000000,-244000000,0,0,-281000000,44000000,-65000000,17000000,234000000,1663000000,118000000,None,None,None,0,-91000000,0,-81000000,0,99000000,-200000000,-244000000,None,USD,24346000000,87000000,None,343000000,17958000000,7142000000,2308000000,1026000000,258000000,-2596000000,3053000000,87000000,911000000,1201000000,1570000000,None,None,-119000000,20143000000,3292000000,None,4834000000,0,1016000000,8719000000,530000000,544000000,8696000000,12487000000,258000000,0,-2596000000,-2888000000,None,None,None,911000000,None,8719000000,5361000000,16388000000,None,None,None,12487000000,24346000000,1201000000,None,379000000,USD,None,-7000000,-374000000,669000000,-1000000,-136000000,146000000,81000000,-10000000,197000000,707000000,43000000,303000000,94000000,0,-9000000,237000000,285000000,1626000000,102000000,None,197000000,55.67,63.87
17,2016-03-31,USD,1052000000,1733000000,-378000000,1430000000,-213000000,-489000000,0,0,-707000000,-72000000,-11000000,90000000,-303000000,1759000000,117000000,None,None,None,0,-15000000,0,-146000000,0,-33000000,-561000000,-489000000,None,USD,17679000000,0,None,361000000,15016000000,2018000000,891000000,1027000000,257000000,-7642000000,2918000000,0,915000000,1004000000,1598000000,None,None,-116000000,13542000000,3222000000,None,1127000000,0,1120000000,8718000000,547000000,571000000,0,0,257000000,0,-7642000000,-2888000000,None,None,None,915000000,None,8718000000,3809000000,13418000000,None,None,None,12407000000,17679000000,1004000000,None,378000000,USD,None,-198000000,-592000000,-592000000,-1000000,-147000000,-147000000,-106000000,-561000000,-463000000,276000000,-106000000,1120000000,95000000,0,10000000,135000000,-124000000,583000000,135000000,None,-463000000,48.81,55.67
18,2015-12-31,USD,1075000000,9247000000,447000000,628000000,-8702000000,-7213000000,0,0,-8702000000,-469000000,140000000,-83000000,-8619000000,7542000000,116000000,None,None,None,0,1565000000,0,-964000000,-2401000000,56000000,-7738000000,-7213000000,None,USD,18842000000,87000000,None,462000000,14614000000,2566000000,905000000,1223000000,257000000,-7153000000,2924000000,87000000,971000000,1467000000,1841000000,1000000,1000000,-116000000,14119000000,3752000000,None,2566000000,0,1253000000,8777000000,570000000,618000000,4228000000,4228000000,257000000,4228000000,-7153000000,-2889000000,None,None,None,971000000,None,8777000000,3996000000,12773000000,None,None,None,12467000000,18842000000,1467000000,None,378034175,USD,391000000,-290000000,-351000000,616000000,-2509000000,-99000000,-5000000,-275000000,-7682000000,-188000000,262000000,-242000000,7655000000,-94000000,0,-33000000,663000000,776000000,967000000,78000000,None,-188000000,44.47,48.81
19,2015-09-30,USD,1496000000,7223000000,508000000,988000000,-6342000000,-5655000000,0,0,-6342000000,9000000,190000000,-107000000,-6235000000,6666000000,126000000,None,None,None,0,367000000,0,-791000000,0,-95000000,-5551000000,-5655000000,None,USD,27812000000,0,None,341000000,15840000000,9809000000,0,1508000000,257000000,60000000,2899000000,0,1356000000,1655000000,2167000000,None,None,-116000000,22377000000,4079000000,None,9809000000,0,1416000000,8777000000,667000000,659000000,11972000000,11972000000,257000000,11972000000,60000000,-2889000000,None,None,None,1356000000,None,8777000000,4896000000,13673000000,None,None,None,12497000000,27812000000,1655000000,None,378000000,USD,None,-223000000,-1005000000,-3000000,631000000,-1079000000,-1616000000,None,-5646000000,-1295000000,789000000,-3000000,6666000000,-94000000,0,-20000000,585000000,-237000000,1002000000,252000000,None,-1295000000,39.16,44.47
