,fiscalDateEnding,reportedCurrency_x,totalRevenue,totalOperatingExpense,costOfRevenue,grossProfit,ebit,netIncome_x,researchAndDevelopment,effectOfAccountingCharges,incomeBeforeTax,minorityInterest,sellingGeneralAdministrative,otherNonOperatingIncome,operatingIncome,otherOperatingExpense,interestExpense,taxProvision,interestIncome,netInterestIncome,extraordinaryItems,nonRecurring,otherItems,incomeTaxExpense,totalOtherIncomeExpense,discontinuedOperations,netIncomeFromContinuingOperations,netIncomeApplicableToCommonShares,preferredStockAndOtherAdjustments,reportedCurrency_y,totalAssets,intangibleAssets,earningAssets,otherCurrentAssets,totalLiabilities,totalShareholderEquity,deferredLongTermLiabilities,otherCurrentLiabilities,commonStock,retainedEarnings,otherLiabilities,goodwill,otherAssets,cash,totalCurrentLiabilities,shortTermDebt,currentLongTermDebt,otherShareholderEquity,propertyPlantEquipment,totalCurrentAssets,longTermInvestments,netTangibleAssets,shortTermInvestments,netReceivables,longTermDebt,inventory,accountsPayable,totalPermanentEquity,additionalPaidInCapital,commonStockTotalEquity,preferredStockTotalEquity,retainedEarningsTotalEquity,treasuryStock,accumulatedAmortization,otherNonCurrrentAssets,deferredLongTermAssetCharges,totalNonCurrentAssets,capitalLeaseObligations,totalLongTermDebt,otherNonCurrentLiabilities,totalNonCurrentLiabilities,negativeGoodwill,warrants,preferredStockRedeemable,capitalSurplus,liabilitiesAndShareholderEquity,cashAndShortTermInvestments,accumulatedDepreciation,commonStockSharesOutstanding,reportedCurrency,investments,changeInLiabilities,cashflowFromInvestment,otherCashflowFromInvestment,netBorrowings,cashflowFromFinancing,otherCashflowFromFinancing,changeInOperatingActivities,netIncome_y,changeInCash,operatingCashflow,otherOperatingCashflow,depreciation,dividendPayout,stockSaleAndPurchase,changeInInventory,changeInAccountReceivables,changeInNetIncome,capitalExpenditures,changeInReceivables,changeInExchangeRate,changeInCashAndCashEquivalents,clossingVal,nextClossingVal
0,2020-06-30,USD,5644000,6727000,3215000,2429000,-4931000,-6253000,1815000,None,-6247000,None,4422000,-633000,-4298000,490000,1316000,6000,None,-1316000,None,None,None,6000,-633000,None,-6253000,-6253000,None,USD,60093000,6907000,None,3033000,70672000,-10579000,None,None,21000,-266671000,648000,5290000,3554000,19101000,19134000,5355000,5355000,4033000,5565000,38777000,None,-22776000,None,5664000,50890000,10979000,13779000,None,None,21000,None,-266671000,None,None,9119000,None,21316000,958000,50890000,648000,51538000,None,None,None,252038000,60093000,19101000,None,21196387,USD,-140000,-4627000,-140000,-24000,2789000,2791000,-35000,141000,-6253000,-4358000,-7009000,1457000,166000,None,2000,-741000,1870000,1119000,116000,1870000,None,-4358000,1.64,
1,2020-03-31,USD,10718000,12312000,5081000,5637000,-8969000,-10256000,2147000,None,-10213000,None,9669000,-2294000,-6675000,496000,1244000,43000,-1244000,-1244000,None,None,None,43000,-2294000,None,-10256000,-10256000,None,USD,66697000,7377000,None,3117000,72150000,-5453000,None,None,21000,-260418000,896000,5290000,3732000,23206000,52622000,34481000,34481000,3442000,6206000,44092000,None,-18120000,None,7524000,18632000,10245000,18141000,None,None,21000,None,-260418000,None,None,9938000,None,22605000,955000,18632000,896000,19528000,None,None,None,251502000,66697000,23206000,None,21128101,USD,-318000,15000,-318000,-46000,-206000,-206000,-206000,-113000,-10256000,-6787000,-6263000,1198000,154000,None,None,-1522000,1430000,2718000,272000,1430000,None,-6787000,1.92,1.64
2,2019-12-31,USD,11989000,12747000,6154000,5835000,-5849000,-7196000,2139000,None,-7052000,None,10104000,1063000,-6912000,504000,1203000,144000,-1203000,-1203000,None,None,None,144000,1063000,None,-7196000,-7196000,None,USD,74582000,7831000,None,2998000,72459000,2123000,None,None,21000,-250162000,1116000,5290000,3849000,29905000,52789000,34449000,34449000,1630000,6612000,51000000,None,-10998000,None,9232000,18554000,8865000,18340000,None,None,21000,None,-250162000,None,None,3849000,None,23582000,932000,18554000,1116000,19670000,None,None,None,250634000,74582000,29905000,None,20951963,USD,1667000,-2149000,1667000,2006000,-120000,-100000,-120000,199000,-7196000,-5110000,-6677000,937000,150000,None,20000,1914000,-222000,-111000,339000,-222000,None,-5110000,2.85,1.92
3,2019-09-30,USD,11259000,12292000,5826000,5433000,-7357000,-8658000,2128000,None,-8578000,None,9654000,-498000,-6859000,510000,1221000,80000,-1221000,-1221000,None,None,None,80000,-498000,None,-8658000,-8658000,None,USD,84225000,8340000,None,3350000,74276000,9949000,None,1847000,21000,-242966000,None,5290000,5541000,34970000,20264000,None,None,2708000,6999000,58055000,None,-3681000,None,8902000,52803000,10833000,20264000,None,None,21000,None,-242966000,None,None,5541000,None,26170000,885000,52803000,1209000,54012000,None,None,None,250186000,84225000,34970000,None,20934969,USD,-171000,-1453000,-171000,18000,20000000,18488000,-1516000,-166000,-8658000,12047000,-6218000,1152000,956000,None,11000,-383000,1957000,1420000,171000,1957000,None,12099000,3.29,2.85
4,2019-06-30,USD,14254000,14363000,7088000,7166000,-8105000,-8774000,2689000,None,-8774000,None,11146000,-908000,-7197000,528000,669000,0,-669000,-669000,None,None,None,None,-908000,None,-8774000,-8774000,None,USD,74686000,8782000,None,3126000,56649000,18037000,None,1856000,22000,-234308000,None,5290000,5457000,22919000,21364000,913000,913000,2532000,7385000,47772000,None,3965000,None,11170000,33863000,10557000,21364000,None,None,22000,None,-234308000,None,None,5457000,None,26914000,913000,33863000,1422000,35285000,None,None,None,249791000,74686000,22919000,None,21933102,USD,-281000,-68000,-281000,18000,20000000,-88000,-92000,197000,-8774000,-7063000,-6665000,1097000,1048000,None,7000,-157000,-673000,1699000,299000,-673000,None,-7034000,3.25,3.29
5,2019-03-31,USD,13211000,21365000,5970000,7241000,-690000,-2804000,3428000,None,-2753000,None,11414000,751000,-2545000,553000,959000,51000,-959000,-959000,None,-5609000,None,51000,6360000,None,-2804000,-2804000,None,USD,82267000,9323000,None,3254000,56725000,25542000,None,1856000,22000,-225534000,1625000,5290000,5378000,29974000,19580000,936000,936000,1613000,8008000,54268000,None,10929000,None,10633000,33891000,10407000,8146000,None,None,22000,None,-225534000,None,None,5378000,None,27999000,936000,33891000,3254000,37145000,None,None,None,249441000,82267000,29974000,None,22000000,USD,-177000,1618000,-177000,-65000,13332000,12206000,-1129000,-350000,-2804000,5985000,-6062000,754000,1104000,None,3000,-502000,790000,-6216000,177000,790000,None,5967000,3.74,3.25
6,2018-12-31,USD,15182000,23928000,8100000,7082000,-17201000,-18353000,2895000,0,-18284000,0,19370000,-355000,-16846000,1663000,1083000,None,None,None,0,0,0,69000,-9208000,0,-18353000,-18353000,None,USD,74468000,9859000,None,2801000,45638000,28830000,None,331000,22000,-222808000,None,5290000,5302000,23996000,24448000,None,None,2501000,5897000,48120000,None,13681000,None,11391000,21190000,9932000,24448000,None,None,22000,None,-222808000,None,None,5302000,None,26348000,None,21190000,None,21190000,None,None,None,249115000,74468000,23996000,None,21899522,USD,None,1743000,9838000,9824000,-10047000,-10047000,-47000,125000,-18353000,-4410000,-4201000,2393000,222000,None,22595000,2565000,-1250000,-7061000,14000,-1250000,None,-4410000,3.45,3.74
7,2018-09-30,USD,14141000,22243000,6400000,7741000,-8102000,-9759000,3671000,0,-9723000,0,10365000,None,-8102000,0,-1001000,None,None,None,0,0,0,36000,-1621000,0,-9759000,-9759000,None,USD,99639000,31603000,None,1122000,53021000,46618000,None,392000,22000,-204455000,None,6828000,1384000,28437000,21993000,None,None,2290000,6688000,53136000,None,8187000,None,10269000,31028000,13308000,13359000,None,None,None,None,None,None,None,None,None,None,None,None,None,None,None,None,None,None,None,None,None,22000000,USD,None,727000,-823000,None,-2500000,-2449000,-47000,182000,-9759000,-5991000,-2703000,None,2337000,None,None,1449000,1178000,1058000,475000,None,None,None,7.17,3.45
8,2018-06-30,USD,15788000,16694000,6607000,9181000,-8494000,-9541000,3154000,0,-9513000,0,11738000,-981000,-7513000,1802000,1019000,None,None,None,0,0,0,28000,-2000000,0,-9541000,-9541000,None,USD,110430000,33116000,None,1295000,54976000,55454000,None,361000,22000,-194696000,None,6828000,1455000,34377000,21670000,33306000,33306000,1792000,6910000,62121000,None,15510000,None,11497000,33306000,14952000,21670000,None,None,22000,None,-194696000,None,None,1455000,None,48309000,None,33306000,None,33306000,None,None,None,248336000,110430000,34377000,None,21877332,USD,None,-4006000,-603000,-286000,-2500000,22441000,-47000,-56000,-9541000,12309000,-9529000,2273000,86000,None,584000,196000,-152000,1510000,317000,-152000,None,12309000,6.98,7.17
9,2018-03-31,USD,15743000,16822000,6553000,9190000,-7116000,-8134000,2456000,0,-8076000,0,12564000,516000,-7632000,1802000,960000,None,None,None,0,0,0,58000,-444000,0,-8134000,-8134000,None,USD,100619000,34693000,None,1255000,58800000,41819000,None,402000,17000,-185155000,None,6828000,1320000,22341000,25682000,33118000,33118000,1409000,6879000,50899000,None,298000,None,11860000,33118000,15443000,25682000,None,None,17000,None,-185155000,None,None,1320000,None,49720000,None,33118000,None,33118000,None,None,None,225548000,100619000,22341000,None,17335627,USD,None,272000,-1293000,-120000,-353000,-250000,-353000,-210000,-8134000,-8229000,-6686000,2148000,58000,None,103000,-1206000,62000,114000,1173000,62000,None,-8229000,6.265,6.98
10,2017-12-31,USD,16008000,15050000,6834000,9174000,-6216000,-7315000,1879000,0,-7179000,0,11375000,-340000,-5876000,1796000,963000,None,None,None,0,0,0,136000,-4549000,0,-7315000,-7315000,None,USD,109061000,36421000,None,1015000,59148000,49913000,None,7500000,17000,-177021000,None,6828000,44576000,30513000,25827000,33321000,33321000,1795000,6885000,57600000,None,6664000,None,11729000,33321000,14343000,25827000,None,None,17000,None,-177021000,None,None,1327000,None,51461000,None,33321000,None,33321000,None,None,None,225122000,109061000,30513000,None,17291209,USD,None,1440000,-460000,-154000,-7000000,26703000,None,948000,-7315000,-4105000,-3645000,2520000,42000,None,33703000,-2121000,-916000,1291000,306000,498000,None,-4105000,5.6,6.265
11,2017-09-30,USD,16544000,14817000,6012000,10532000,-3834000,-4902000,2178000,0,-4847000,0,10836000,451000,-4285000,1803000,1013000,None,None,None,0,0,0,55000,0,0,-4902000,-4902000,None,USD,114002000,38130000,None,1149000,57163000,56839000,0,7792000,17000,-169706000,None,6828000,46245000,34553000,23986000,33177000,33177000,1629000,6955000,60802000,None,11881000,0,12327000,33177000,12773000,23986000,0,0,17000,0,-169706000,0,None,1287000,None,53200000,None,33177000,None,33177000,None,None,None,224899000,114002000,34553000,None,17290347,USD,None,-1540000,-302000,-90000,None,33657000,-353000,766000,-4902000,29216000,-4139000,3149000,42000,0,33657000,-1382000,1414000,-106000,212000,600000,None,29216000,4.68,5.6
12,2017-06-30,USD,17136000,15967000,6636000,10500000,-5744000,-6858000,2285000,0,-6795000,0,11855000,-277000,-5467000,1827000,1051000,None,None,None,0,0,0,63000,0,0,-6858000,-6858000,None,USD,86211000,39883000,None,1880000,58111000,28100000,0,7003000,11000,-164804000,None,6828000,48017000,5302000,25077000,33034000,33034000,1856000,6827000,31367000,None,-18611000,0,12808000,33034000,11377000,25077000,0,0,11000,0,-164804000,0,None,1306000,None,54844000,None,33034000,None,33034000,None,None,None,191037000,86211000,5302000,None,10709846,USD,None,3923000,-945000,-152000,None,25000,-353000,250000,-6858000,-3005000,-2085000,2728000,43000,0,25000,139000,2014000,612000,793000,-2672000,None,-3005000,7.89,4.68
13,2017-03-31,USD,14622000,16337000,5096000,9526000,-6686000,-8217000,1957000,0,-8167000,0,12566000,125000,-6811000,1814000,1481000,None,None,None,0,0,0,50000,0,0,-8217000,-8217000,None,USD,88574000,41618000,None,2102000,54101000,34473000,0,14770000,11000,-157946000,None,6828000,49804000,8300000,21219000,32882000,32882000,1613000,6632000,32138000,None,-13973000,0,10026000,32882000,11710000,21219000,0,0,11000,0,-157946000,0,None,1358000,None,56436000,None,32882000,None,32882000,None,None,None,190795000,88574000,8300000,None,10698210,USD,None,916000,-430000,-177000,-7000000,-6979000,None,-131000,-8217000,-10860000,-3451000,2268000,172000,0,21000,514000,658000,238000,253000,658000,None,-10860000,12.52,7.89
14,2016-12-31,USD,64825342,52021896,25255000,39570342,-14302567,-32857567,5339389,0,-32470567,0,41155910,-1851013,-12451554,7193000,18168000,None,None,None,0,0,0,387000,-23619000,0,-32857567,-32857567,None,USD,102124000,43315000,None,1838000,59707000,42417000,0,15135000,11000,-149729000,None,6828000,51614000,19111000,20280000,39427000,39427000,1471000,6889000,43621000,None,-7726000,0,10509000,39427000,12163000,20280000,0,0,11000,0,-149729000,0,None,1471000,None,58503000,None,39427000,None,39427000,None,None,None,190664000,102124000,19111000,None,10688992,USD,None,3645033,-1948984,-920984,-11436000,12618577,-4998423,327000,-41167000,3116337,-7553256,17946096,289877,0,29053000,-3054000,-426000,15194817,1028000,-408079,None,3116337,12.16,12.52
15,2016-09-30,USD,23807,3726504,4690000,23807,-3702684,-3702684,538081,0,-3702684,0,1522020,13,-3702697,0,1533000,None,None,None,0,1666403,0,4000,0,0,-3702684,-3702684,None,USD,4047960,0,None,698772,1357864,2690096,0,4072,2376,-84352948,None,0,0,3324279,1357864,None,None,None,0,4047960,None,2690096,0,24909,0,0,1353792,0,0,2376,0,-84352948,0,None,None,None,None,None,None,None,None,None,None,None,87040668,4047960,3324279,None,2376052,USD,None,569261,-120144,-120144,None,-1577,None,None,0,-1339891,-1219747,-3644077,-537155,0,0,0,17921,2407889,0,-15665,None,-1339891,3.2801,12.16
16,2016-06-30,USD,9243,2670181,8705000,9243,-2660938,-2660938,935620,0,-2660938,0,1734561,None,-2660938,0,2522000,None,None,None,0,0,0,100000,0,0,-2660938,-2660938,None,USD,7069776,1599003,None,614209,800818,6268958,0,16287,2368,-80650264,None,0,0,4664170,800818,None,None,None,105990,5287623,None,4669955,0,9244,0,0,784531,0,0,2368,0,-80650264,0,None,77160,None,1782153,None,None,None,None,None,None,None,86916854,7069776,4664170,None,2368221,USD,None,-95607,-41132,-41132,None,-1577,-1577,None,0,-2355863,-2313154,-3015355,626887,0,0,0,2256,170557,0,364,None,-2355863,2.18,3.2801
17,2016-03-31,USD,9608,1955419,4613000,9608,-1945811,-1945811,991910,0,-1945811,0,963509,None,-1945811,0,2826000,None,None,None,0,0,0,99000,0,0,-1945811,-1945811,None,USD,9667013,2164072,None,269463,906096,8760917,0,25958,33099,-77989326,None,0,0,7020033,906096,None,None,None,126677,7299104,None,6596845,0,9608,0,0,880138,0,0,33099,0,-77989326,0,None,77160,None,2367909,None,None,None,None,None,None,None,86717144,9667013,7020033,None,33098503,USD,None,-164687,-54740,-54740,None,0,None,None,0,-1869583,-1814843,-1867664,45391,0,0,0,2620,174737,0,-2620,None,-1869583,0.186,2.18
18,2015-12-31,USD,6987,2385003,18522000,6987,-2378004,-2378004,1449288,0,-2378004,0,935715,12,-2378016,6826000,7105000,None,None,None,0,0,0,49000,-10699000,0,-2378004,-2378004,None,USD,11612445,2132129,None,357281,1080454,10531991,0,35629,33139,-76043515,2912000,184000,50129000,8889616,1080454,69803000,69803000,-25207000,149271,9253885,None,8399862,0,6988,69803000,12793000,1044825,0,0,33139,144937000,-76043515,0,None,77160,None,2358560,None,None,None,None,None,None,None,86542367,11612445,8889616,None,33138598,USD,None,-1038778,-63672,-63672,34449000,448454,-3,1214000,-27431000,-2663999,-3048781,-2513775,204685,0,448457,-6352000,1375000,250084,4763000,49003,None,-2663999,0.2271,0.186
19,2015-09-30,USD,61254,2288074,0,61254,-2226820,-2226820,1430061,0,-2226820,0,858013,None,-2226820,0,0,None,None,None,0,0,0,0,0,0,-2226820,-2226820,None,USD,14302859,2249749,None,193490,2128903,12173956,4072,41228,31094,-73703011,None,0,0,11553615,2124831,None,None,None,172664,11803096,None,9924207,0,55991,0,0,2083603,0,0,31094,0,-73703011,0,None,77350,None,2499763,None,None,None,4072,None,None,None,85845873,14302859,11553615,None,31093554,USD,None,-529451,-59782,-59782,None,1426209,None,None,0,-300572,-1666999,-2170367,119905,0,1426209,0,-671187,236960,21117,675954,None,-300572,0.1909,0.2271
