,fiscalDateEnding,reportedCurrency_x,totalRevenue,totalOperatingExpense,costOfRevenue,grossProfit,ebit,netIncome_x,researchAndDevelopment,effectOfAccountingCharges,incomeBeforeTax,minorityInterest,sellingGeneralAdministrative,otherNonOperatingIncome,operatingIncome,otherOperatingExpense,interestExpense,taxProvision,interestIncome,netInterestIncome,extraordinaryItems,nonRecurring,otherItems,incomeTaxExpense,totalOtherIncomeExpense,discontinuedOperations,netIncomeFromContinuingOperations,netIncomeApplicableToCommonShares,preferredStockAndOtherAdjustments,reportedCurrency_y,totalAssets,intangibleAssets,earningAssets,otherCurrentAssets,totalLiabilities,totalShareholderEquity,deferredLongTermLiabilities,otherCurrentLiabilities,commonStock,retainedEarnings,otherLiabilities,goodwill,otherAssets,cash,totalCurrentLiabilities,shortTermDebt,currentLongTermDebt,otherShareholderEquity,propertyPlantEquipment,totalCurrentAssets,longTermInvestments,netTangibleAssets,shortTermInvestments,netReceivables,longTermDebt,inventory,accountsPayable,totalPermanentEquity,additionalPaidInCapital,commonStockTotalEquity,preferredStockTotalEquity,retainedEarningsTotalEquity,treasuryStock,accumulatedAmortization,otherNonCurrrentAssets,deferredLongTermAssetCharges,totalNonCurrentAssets,capitalLeaseObligations,totalLongTermDebt,otherNonCurrentLiabilities,totalNonCurrentLiabilities,negativeGoodwill,warrants,preferredStockRedeemable,capitalSurplus,liabilitiesAndShareholderEquity,cashAndShortTermInvestments,accumulatedDepreciation,commonStockSharesOutstanding,reportedCurrency,investments,changeInLiabilities,cashflowFromInvestment,otherCashflowFromInvestment,netBorrowings,cashflowFromFinancing,otherCashflowFromFinancing,changeInOperatingActivities,netIncome_y,changeInCash,operatingCashflow,otherOperatingCashflow,depreciation,dividendPayout,stockSaleAndPurchase,changeInInventory,changeInAccountReceivables,changeInNetIncome,capitalExpenditures,changeInReceivables,changeInExchangeRate,changeInCashAndCashEquivalents,clossingVal,nextClossingVal
0,2020-05-31,CAD,152203000.0,155575000.0,104813000.0,47390000.0,-81700000.0,-98843000.0,576000.0,None,-100966000.0,25807000.0,44695000.0,None,-3372000.0,None,4827000.0,-2123000,-3905000,-8732000,None,None,None,-2123000.0,-88862000.0,None,-98843000.0,-98843000.0,None,CAD,2498439000.0,363037000.0,None,36164000.0,660097000.0,1812535000.0,None,None,1846938000.0,-61215000.0,83468000.0,617934000.0,None,497222000.0,170381000.0,None,9004000.0,26812000.0,587163000.0,903289000.0,27016000.0,831564000.0,0,55796000.0,400420000.0,264321000.0,152750000.0,None,None,None,None,None,None,None,None,None,1595150000,7143000,None,None,489716000,None,None,None,None,None,None,None,None,CAD,-1751000.0,909000.0,-1751000.0,26000000.0,-6740000.0,-6740000.0,None,-3216000.0,-98843000.0,-17880000.0,-9389000.0,None,14439000.0,None,None,-32448000.0,19098000.0,87142000.0,28027000.0,None,None,None,4.23,
1,2020-02-29,CAD,143874000.0,133231000.0,84849000.0,59025000.0,37158000.0,5697000.0,710000.0,None,11211000.0,27027000.0,42320000.0,None,10643000.0,None,12646000.0,5514000,5294000,-7352000,None,None,None,5514000.0,7920000.0,None,5697000.0,5697000.0,None,CAD,2602097000.0,382440000.0,None,37873000.0,737972000.0,1837098000.0,None,None,1767138000.0,29285000.0,89237000.0,669722000.0,4198000,515102000.0,178054000.0,6948000,13266000.0,40675000.0,589615000.0,924626000.0,31496000.0,784936000.0,None,78894000.0,465553000.0,225832000.0,137168000.0,None,None,None,None,None,None,None,1677471000,None,1677471000,6299000,470681000,None,559918000,None,None,None,None,None,515102000,None,258000000,CAD,-28503000.0,22117000.0,-28503000.0,26000000.0,2690000.0,99053000.0,None,-6202000.0,5697000.0,17408000.0,-53142000.0,None,13301000.0,None,104979000,-49035000.0,-18199000.0,-21521000.0,38346000.0,None,None,None,3.66,4.23
2,2019-11-30,CAD,120150000.0,129472000.0,81011000.0,39139000.0,10062000.0,-7929000.0,672000.0,None,-10001000.0,27875000.0,41893000.0,None,-9322000.0,None,7750000.0,-2072000,2744000,-5006000,None,None,None,-2072000.0,4327000.0,None,-7929000.0,-7929000.0,None,CAD,2489059000.0,384671000.0,None,36989000.0,733713000.0,1727471000.0,None,None,1665744000.0,21764000.0,85106000.0,669663000.0,8365000,497694000.0,152488000.0,2443000,8610000.0,39963000.0,562963000.0,828420000.0,34977000.0,673137000.0,0,60695000.0,490270000.0,152196000.0,117161000.0,None,None,None,None,None,None,None,1660639000,None,1660639000,6601000,496119000,None,581225000,None,None,None,None,None,497694000,None,252000000,CAD,4623000.0,39842000.0,4623000.0,26000000.0,80023000.0,84238000.0,None,-13401000.0,-7929000.0,48489000.0,-40372000.0,None,12313000.0,None,8616000,-29600000.0,-33302000.0,-8327000.0,26702000.0,None,None,None,4.74,3.66
3,2019-08-31,CAD,126112000.0,121384000.0,80691000.0,45421000.0,37410000.0,16441000.0,610000.0,None,19039000.0,28238000.0,35075000.0,None,4728000.0,None,9153000.0,2598000,3896000,-5257000,None,None,None,2598000.0,19568000.0,None,16441000.0,16441000.0,None,CAD,2433569000.0,388367000.0,None,34021000.0,678247000.0,1727084000.0,None,24835000,1661641000.0,28715000.0,88632000.0,669618000.0,10030000,449205000.0,122968000.0,6280000,6280000.0,36728000.0,542200000.0,735941000.0,87413000.0,669099000.0,15114000,47264000.0,461363000.0,112980000.0,90773000.0,None,None,None,None,None,None,None,1697628000,None,1697628000,6364000,466647000,None,555279000,None,None,None,None,None,464319000,None,253000000,CAD,-68133000.0,-3123000.0,-68133000.0,26000000.0,-7007000.0,-2606000.0,None,-1696000.0,16441000.0,-101592000.0,-30853000.0,None,9218000.0,None,4401000,-8595000.0,-1905000.0,-40619000.0,39348000.0,None,None,None,6.26,4.74
4,2019-05-31,CAD,128568000.0,132232000.0,90189000.0,38379000.0,30564000.0,15760000.0,294000.0,0,16213000.0,28409000.0,37221000.0,0,-3664000.0,0,5740000.0,453000,2822000,-2918000,0,0,0,453000.0,22795000.0,0,15760000.0,15760000.0,0,CAD,2441592000.0,392056000.0,None,21058000.0,708439000.0,1704744000.0,0,26400000,1655273000.0,12103000.0,87633000.0,669846000.0,20730000,550797000.0,138545000.0,0,6332000.0,37368000.0,503898000.0,780829000.0,74233000.0,642842000.0,20199000,25488000.0,482261000.0,91529000.0,105813000.0,0,0,0,0,0,0,0,1660763000,0,1660763000,0,482261000,0,569894000,0,0,0,0,0,570996000,0,315000000,CAD,16290000.0,-23689000.0,-177885000.0,28080000.0,444714000.0,446055000.0,0,-6391000.0,15760000.0,443295000.0,-19050000.0,0,8611000.0,0,253697000,-1329000.0,18654000.0,-31820000.0,43771000.0,0,0,0,6.59,6.26
5,2019-02-28,CAD,73582000.0,103857000.0,56287000.0,17295000.0,-113349000.0,-108209000.0,223000.0,0,-119672000.0,9834615.06,43682000.0,0,-30275000.0,0,854000.0,-11463000,4433000,3579000,0,0,0,-3812580.48,-92976000.0,0,-108209000.0,-35990187.74,0,CAD,2052647000.0,388125000.0,None,7261000.0,340211000.0,1682867000.0,0,6765000,549849406.78,-4817000.0,33502348.43,674412000.0,26724649.29,107502000.0,177203000.0,0,15101000.0,11472331.74,155107135.84,308481000.0,134929000.0,206321037.63,27234000,44142000.0,62279000.0,86227000.0,125598000.0,0,0,0,0,0,0,0,1744166000,0,0,0,20713923.08,0,163008000,0,0,0,0,0,44813037.14,0,250000000,CAD,-27576000.0,-4460815.62,-9171745.57,-1662994.2,690142.59,3387000.0,0,4612813.29,-108209000.0,-44572000.0,-20383000.0,0,5469000.0,0,83933312.55,-9937000.0,3654000.0,31350766.54,48795000.0,0,0,0,10.36,6.59
6,2018-11-30,USD,16296630.57,31663658.24,11796780.99,4499849.58,-15367027.68,41195848.38,460288.81,0,47138989.17,13998194.95,17438327.32,0,-15367027.68,0,-562575.21,None,None,None,0,0,0,5943140.79,62506016.85,0,41195848.38,41195848.38,0,USD,1578293471.72,319820998.8,None,6210890.49,227711341.76,1336583935.02,0,41135679.90,1241032641.4,77472924.19,107521811.07,493410800.24,106388387.48,114375752.11,81708032.49,0,3002406.74,18078369.43,311344013.24,218232551.14,129096720.82,523352135.98,0,34588598.07,38481498.19,30341456.08,37569945.85,0,0,0,0,0,0,0,0,0,0,0,38481498.19,0,0,0,0,0,0,0,139004963.90,0,249000000,USD,-51221419.98,28260379.06,-91031889.29,-3760529.48,-615974.73,1413959.09,0,-11707280.39,41195848.38,-91014590.85,-1396660.65,0,3105445.25,0,188811672.68,-4161401.93,-7520306.86,-53768802.65,41844163.66,0,0,0,7.9,10.36
7,2018-08-31,USD,13292000.0,22778000.0,-472000.0,13764000.0,-9486000.0,21176000.0,262000.0,0,25138000.0,18821000.0,13592000.0,0,-9486000.0,0,-433000.0,None,None,None,0,0,0,3962000.0,34624000.0,0,21176000.0,21176000.0,0,USD,1625710000.0,235291000.0,None,23166000.0,165273000.0,1441616000.0,0,15868000,1370477000.0,48839000.0,58322000.0,524512000.0,0,273087000.0,54936000.0,0,3934000.0,22300000.0,360864000.0,418181000.0,86862000.0,681813000.0,0,43580000.0,52015000.0,34752000.0,35134000.0,0,0,0,0,0,0,0,0,0,0,0,0,0,0,0,0,0,0,0,0,0,230000000,USD,24309000.0,217000.0,-45563000.0,-8058000.0,24883000.0,273228000.0,0,-3519000.0,21176000.0,213350000.0,-14315000.0,0,4676000.0,0,0,-5352000.0,149000.0,-31504000.0,57763000.0,0,0,0,12.96,7.9
8,2018-05-31,USD,9101642.32,11699841.07,-4681752.82,13783395.14,-2598198.74,-3778097.33,158934.38,0,-5088170.74,7250435.18,14167864.98,0,-2598198.74,0,-252781.35,None,None,None,0,0,0,-1310073.41,-2489972.0,0,-3778097.33,-3778097.33,0,USD,994544766.52,171379701.81,None,36913645.65,106333913.57,880960417.77,0,7255732.99,843094679.48,20776507.98,51697570.57,395642170.59,12206917.43,45210777.26,33190040.11,0,2081283.58,17089230.3,229433890.87,147288276.7,38593809.13,313938545.37,0,12994021.04,21446302.88,16763793.23,23853023.54,0,0,0,0,0,0,0,0,0,0,0,0,0,0,0,0,0,0,0,0,0,83000000,USD,29430863.54,597896.01,-36848558.24,-6098539.32,-5299326.42,-3625974.42,0,-3448876.11,-3778097.33,-45181260.88,-4706728.22,0,2839627.64,0,0,-2600469.23,1085294.79,119579.2,44615151.74,0,0,0,8.86,12.96
9,2018-02-28,USD,8001091.02,7319698.41,769170.82,8005331.2,-1176182.98,10087281.8,85723.19,0,13260598.5,7636377.81,9237842.89,None,-1176182.98,0,271976.31,None,None,None,0,0,0,3173316.71,23833697.79,0,16777718.2,10087281.8,None,USD,666004519.95,184968827.93,None,33698566.08,84727244.39,573640897.76,0,8447630.92,541719918.95,23349438.9,7878740.65,112146976.31,264110037.41,93075903.99,34770885.29,6673940.15,6673940.15,8294108.48,184307980.05,217586502.49,67634819.2,388672069.83,42275561.10,36954488.78,23453865.34,11581982.54,17530392.77,0,0,0,0,0,0,None,None,None,None,None,None,None,None,None,None,None,None,None,None,None,167000000,USD,-22105673.32,2317643.39,-93790523.69,498753.12,-190928.93,164539432.67,8023690.77,-1018547.38,10087281.8,2609102.24,444202.0,None,1129208.23,0,0,-971789.28,-1084008.73,-9961034.91,119697630.92,None,None,None,10.4048,8.86
10,2017-11-30,USD,6593781.5,137028.77,1397999.53,-7448927.66,-3034383.19,5005815.31,62029.93,0,5236101.42,-7597890.98,5483445.76,None,-3033823.37,0,256648.83,None,None,None,0,0,0,230286.11,-20900055.83,0,-18318474.06,5005815.31,None,USD,340856013.03,2154764.67,None,3641932.23,39910831.98,300945181.05,0,1808947.82,281832209.04,13194541.37,0.0,930448.94,82281150.66,90010855.24,15857176.09,1208032.88,1208032.88,5642397.46,104094750.72,154480111.65,67908040.63,298790416.38,43308521.36,9684422.73,24053655.89,7834380.09,12180352.02,0,0,0,0,0,0,None,None,None,None,None,None,None,None,None,None,None,None,None,None,None,146000000,USD,16432112.89,2005117.47,-10307189.27,11501770.95,-146052.57,67916569.74,384585.56,-297754.52,5005815.31,60368736.92,321780.26,None,591635.26,0,0,-199730.17,-1088420.56,-3699541.75,45757928.2,None,None,None,8.7724,10.4048
11,2017-08-31,USD,4903060.41,3794774.07,-1429323.83,6332671.85,1108573.95,12049351.07,72103.83,0,15069700.37,7850504.73,5032847.3,None,1107995.51,0,269187.63,None,None,None,0,0,0,3020349.3,13961224.96,0,12049485.66,12049351.07,None,USD,265269187.63,2354590.61,None,4293382.47,32539657.11,232729530.52,0,2056561.45,220157827.27,8045185.07,69407.15,961384.39,75671366.77,30628104.47,7346579.07,1274926.29,1274926.29,3825382.95,73992949.85,115604735.62,62436482.94,230374782.89,64492869.73,8655967.79,25124178.82,7534049.03,3722159.91,0,0,0,0,0,0,None,None,None,None,None,None,None,None,None,None,None,None,None,None,None,None,USD,-159025.8,-972560.49,-30873912.83,-11884180.42,-149524.11,526357.96,398173.37,-2265651.34,12049351.07,-33392533.25,-3045281.2,None,491882.71,0,0,-819907.07,-349514.5,-11191075.95,18983336.0,None,None,None,4.781,8.7724
12,2017-05-31,USD,4234501.15,13576772.09,1353233.09,12811643.58,1561365.82,-556995.78,42959.78,0,-457743.87,7095770.68,2679801.5,None,1456188.43,0,111843.57,None,None,None,0,0,0,99251.91,1647285.39,0,3109399.3,-556995.78,None,USD,234034515.96,2289460.04,None,785127.03,31183616.03,202850899.93,0,2073920.45,203182727.21,-3053847.86,0.0,888823.05,47480186.65,59188208.28,7640915.49,1216946.89,1216946.89,2722020.59,53699725.95,132888674.91,41599881.49,200561439.89,64695948.45,3929338.57,23542700.54,3887860.16,4350048.14,0,0,0,0,0,0,None,None,None,None,None,None,None,None,None,None,None,None,None,None,None,None,USD,-98811939.86,3358269.76,-149638545.29,420709.58,23836012.15,192681282.87,-343678.25,-3913784.16,3109399.3,46986889.86,3944892.97,None,1388045.33,0,0,1799866.68,705873.64,83697.5,49193393.08,None,None,None,3.87,4.781
13,2017-02-28,USD,3848582.81,0.0,987895.65,0.0,0.0,3721524.7,72175.02,0,3721524.7,0.0,3337343.06,None,-365386.06,0,69167.73,None,None,None,0,0,0,0.0,0.0,0,0.0,3721524.7,None,USD,152542665.96,2444928.95,None,322532.14,10076685.96,142465980.0,0,0,141084880.84,0.0,0.0,902187.81,24537252.84,63417036.31,4675588.3,0,0.0,0.0,30746560.41,0.0,0.0,0.0,28327193.44,0.0,5401097.66,2486279.23,3468160.29,0,0,0,0,0,0,None,None,None,None,None,None,None,None,None,None,None,None,None,None,None,None,USD,0.0,2503571.16,0.0,0.0,0.0,114955266.52,0,0.0,3721524.7,0.0,3943312.53,None,0.0,0,0,751.82,0.0,0.0,25993534.32,None,None,None,5.0244,3.87
14,2016-11-30,USD,3889839.97,0.0,652772.61,0.0,0.0,704131.0,66244.88,0,704131.0,0.0,2518049.87,None,361741.72,0,70710.83,None,None,None,0,0,0,0.0,0.0,0,0.0,704131.0,None,USD,103250465.2,5166356.53,None,253814.66,7970971.34,95279493.86,0,0,98228507.63,0.0,0.0,893189.43,10847041.31,73401563.08,2904354.3,0,0.0,0.0,13251209.53,0.0,0.0,0.0,0,0.0,5066617.05,2537402.31,2351321.18,0,0,0,0,0,0,None,None,None,None,None,None,None,None,None,None,None,None,None,None,None,None,USD,0.0,0.0,0.0,0.0,0.0,72785262.37,0,0.0,704131.0,0.0,1606996.65,None,0.0,0,0,0.0,0.0,0.0,8301451.43,None,None,None,3.91,5.0244
15,2016-08-31,USD,3338928.73,0.0,259423.16,0.0,0.0,682893.33,189989.32,0,682893.33,0.0,2131085.0,None,602014.34,0,37387.46,None,None,None,0,0,0,0.0,0.0,0,0.0,682893.33,None,USD,62930718.75,5069433.85,None,241873.95,7940637.88,54990080.88,0,0,58790630.25,0.0,0.0,915611.17,7118113.84,40784373.57,2603387.76,0,0.0,0.0,10089272.09,0.0,0.0,0.0,0,0.0,5337250.11,2466809.1,2044864.95,0,0,0,0,0,0,None,None,None,None,None,None,None,None,None,None,None,None,None,None,None,None,USD,0.0,0.0,0.0,0.0,0.0,33331298.64,0,0.0,682893.33,0.0,1165115.21,None,0.0,0,0,0.0,0.0,0.0,4754311.0,None,None,None,1.97,3.91
16,2016-05-31,USD,2120054.99,7274011.0,322285.02,5015917.98,-832947.15,994348.56,107994.5,0,77898.27,7316328.09,1489231.71,None,-832947.15,0,-295555.22,None,None,None,0,0,0,-916450.28,220423.09,0,303926.23,994348.56,None,USD,27707346.88,4214143.88,None,122193.37,966855.05,26740491.83,0,0,31248663.51,-6354791.51,0.0,916450.28,5405529.25,12580571.25,966855.05,0,0.0,1846325.03,5581945.93,16719784.63,1191538.11,22526205.9,0,1888818.54,0.0,2128455.78,966855.05,0,0,0,0,0,0,None,None,None,None,None,None,None,None,None,None,None,None,None,None,None,None,USD,-1191538.11,243623.03,-4560090.12,24753.32,24576905.45,12509546.36,136283.79,488536.73,994348.56,7194711.32,-754646.4,None,685852.3,0,0,-594461.59,-1358392.39,-565270.35,3380174.13,None,None,None,1.0418,1.97
17,2016-02-29,USD,1979320.53,0.0,500000.0,0.0,0.0,2954.21,58345.64,0,2954.21,0.0,1353766.62,None,0.0,0,0.0,None,None,None,0,0,0,0.0,0.0,0,0.0,2954.21,None,USD,21617429.84,3260709.01,None,225997.05,1189807.98,20427621.86,0,0,25539881.83,0.0,0.0,0.0,3418759.23,8902511.08,1189807.98,0,0.0,0.0,5289512.56,0.0,0.0,0.0,0,0.0,0.0,1672821.27,1189807.98,0,0,0,0,0,0,None,None,None,None,None,None,None,None,None,None,None,None,None,None,None,None,USD,0.0,491875.92,0.0,0.0,0.0,7669867.06,0,0.0,2954.21,0.0,0.0,None,0.0,0,0,0.0,0.0,0.0,2948301.33,None,None,None,0.8181,1.0418
18,2015-11-30,USD,1516874.95,0.0,451994.31,0.0,0.0,0.0,40410.09,0,0.0,0.0,1301354.49,None,0.0,0,0.0,None,None,None,0,0,0,0.0,0.0,0,0.0,0.0,None,USD,10756566.64,35920.08,None,164633.69,1202574.27,9553992.37,0,0,15203172.94,0.0,0.0,0.0,131706.95,2459028.66,1202574.27,0,0.0,0.0,4597021.63,0.0,0.0,0.0,0,0.0,0.0,1740627.1,1202574.27,0,0,0,0,0,0,None,None,None,None,None,None,None,None,None,None,None,None,None,None,None,None,USD,0.0,493901.07,0.0,0.0,0.0,52383.45,0,0.0,0.0,0.0,0.0,None,0.0,0,0,0.0,0.0,0.0,2107311.23,None,None,None,0.9573,0.8181
19,2015-08-31,USD,723909.57,0.0,124077.03,0.0,0.0,0.0,66225.17,0,0.0,0.0,893659.13,None,0.0,0,0.0,None,None,None,0,0,0,0.0,0.0,0,0.0,0.0,None,USD,11043617.26,46433.74,None,119509.78,1211844.41,9831772.86,0,91345.06,15411433.36,0.0,0.0,0.0,191824.62,3911852.02,1211844.41,0,0.0,0.0,3697191.14,0.0,0.0,0.0,0,0.0,0.0,1773616.5,1120499.35,0,0,0,0,0,0,None,None,None,None,None,None,None,None,None,None,None,None,None,None,None,None,USD,0.0,399634.62,0.0,0.0,0.0,91345.06,91345.06,0.0,0.0,0.0,0.0,None,0.0,0,0,12179.34,0.0,0.0,1032199.13,None,None,None,0.65,0.9573
