,fiscalDateEnding,reportedCurrency_x,totalRevenue,totalOperatingExpense,costOfRevenue,grossProfit,ebit,netIncome_x,researchAndDevelopment,effectOfAccountingCharges,incomeBeforeTax,minorityInterest,sellingGeneralAdministrative,otherNonOperatingIncome,operatingIncome,otherOperatingExpense,interestExpense,taxProvision,interestIncome,netInterestIncome,extraordinaryItems,nonRecurring,otherItems,incomeTaxExpense,totalOtherIncomeExpense,discontinuedOperations,netIncomeFromContinuingOperations,netIncomeApplicableToCommonShares,preferredStockAndOtherAdjustments,reportedCurrency_y,totalAssets,intangibleAssets,earningAssets,otherCurrentAssets,totalLiabilities,totalShareholderEquity,deferredLongTermLiabilities,otherCurrentLiabilities,commonStock,retainedEarnings,otherLiabilities,goodwill,otherAssets,cash,totalCurrentLiabilities,shortTermDebt,currentLongTermDebt,otherShareholderEquity,propertyPlantEquipment,totalCurrentAssets,longTermInvestments,netTangibleAssets,shortTermInvestments,netReceivables,longTermDebt,inventory,accountsPayable,totalPermanentEquity,additionalPaidInCapital,commonStockTotalEquity,preferredStockTotalEquity,retainedEarningsTotalEquity,treasuryStock,accumulatedAmortization,otherNonCurrrentAssets,deferredLongTermAssetCharges,totalNonCurrentAssets,capitalLeaseObligations,totalLongTermDebt,otherNonCurrentLiabilities,totalNonCurrentLiabilities,negativeGoodwill,warrants,preferredStockRedeemable,capitalSurplus,liabilitiesAndShareholderEquity,cashAndShortTermInvestments,accumulatedDepreciation,commonStockSharesOutstanding,reportedCurrency,investments,changeInLiabilities,cashflowFromInvestment,otherCashflowFromInvestment,netBorrowings,cashflowFromFinancing,otherCashflowFromFinancing,changeInOperatingActivities,netIncome_y,changeInCash,operatingCashflow,otherOperatingCashflow,depreciation,dividendPayout,stockSaleAndPurchase,changeInInventory,changeInAccountReceivables,changeInNetIncome,capitalExpenditures,changeInReceivables,changeInExchangeRate,changeInCashAndCashEquivalents,clossingVal,nextClossingVal
0,2020-06-30,USD,33904000,30835000,11377000,22527000,4074000,3006000,10919000,None,3196000,None,9309000,None,3069000,-770000,None,190000,120000,120000,None,None,None,190000,7000,None,3006000,-157812000,None,USD,685687000,None,None,None,30751000,654936000,None,None,41000,-154840000,None,None,1316000,640854000,30751000,None,None,-1459000,11093000,673278000,None,654936000,None,27940000,None,None,5839000,None,None,None,None,None,None,None,492000,None,12409000,None,None,None,0,None,None,None,None,None,None,None,None,USD,-3825000,-3052000,-3825000,None,None,485555000,None,2152000,3006000,489201000,7451000,None,1005000,None,None,None,None,1651000,3825000,None,None,None,44.17,
1,2020-03-31,USD,35560435,32294656,11082363,24478072,4010433,2987190,11688168,None,3355981,None,9547384,None,3265779,-23259,None,368791,97235,97235,None,None,None,368791,-7033,None,2987190,-36375521,None,USD,197154086,None,None,196655,30542826,166611260,1179835,1068067,30367,-157845178,None,None,2478631,151652655,30542826,None,None,-1489615,8282042,186393413,None,166611260,None,31239641,None,None,9087247,None,None,None,None,None,None,None,11241,None,10760673,None,None,None,0,None,None,None,None,None,151652660,None,None,USD,-2496289,4649867,-2496289,None,None,49768690,-231312,4465309,2987190,46049502,-919415,None,744654,None,50000000,None,None,1447422,2496289,None,None,None,nan,44.17
2,2019-03-31,USD,13362490,13914688,4151500,9210990,-209891,-717980,4199568,None,-527600,None,5568550,None,-552200,-4930,None,190380,24590,42840,None,None,None,190375,-18248,None,-717978,-13387241,None,USD,None,None,None,None,None,None,None,None,None,None,None,None,None,None,None,None,None,None,None,None,None,-73241978,None,None,None,None,None,None,None,None,None,None,None,None,None,None,None,None,None,None,None,None,None,None,None,None,None,None,None,USD,-5951287,1096231,-5951287,-5187650,None,0,-231312,849951,-717980,-2138670,3618562,None,342300,None,None,None,None,929830,763640,None,None,None,nan,nan
3,2014-12-26,USD,5805000,None,3824000,0,None,0,959000,None,0,None,2422000,None,0,None,124000,None,None,None,None,None,None,0,0,None,None,None,None,USD,18822000,7257000,None,725000,6886000,11936000,0,1729000,37000,0,178000,4579000,7417000,110000,5776000,None,None,None,1769000,0,None,None,0,None,932000,4987000,1580000,0,0,0,0,0,0,None,None,None,None,None,None,None,None,None,None,None,None,None,None,None,None,USD,None,None,0,0,None,1535000,None,None,0,None,0,None,0,0,0,0,1271000,None,198000,None,None,None,nan,nan
4,2014-09-26,USD,7789000,None,5003000,0,None,0,1051000,None,0,None,2715000,None,0,None,129000,None,None,None,None,None,None,0,0,None,None,None,None,USD,20386000,7265000,None,719000,7764000,12622000,0,1954000,37000,0,318000,4579000,7444000,1146000,6903000,None,None,None,1815000,0,None,None,0,None,543000,4800000,2198000,0,0,0,0,0,0,None,None,None,None,None,None,None,None,None,None,None,None,None,None,None,None,USD,None,None,0,0,None,1463000,None,None,0,None,0,None,0,0,0,0,623000,None,132000,None,None,None,nan,nan
5,2014-06-27,USD,7663000,None,4570000,0,None,0,1009000,None,0,None,2855000,None,0,None,181000,None,None,None,None,None,None,0,0,None,None,None,None,USD,21334000,7351000,None,732000,8360000,12974000,0,2455000,37000,0,364000,4579000,7541000,1433000,7309000,None,None,None,1930000,0,None,None,0,None,687000,4685000,1926000,0,0,0,0,0,0,None,None,None,None,None,None,None,None,None,None,None,None,None,None,None,None,USD,None,None,5000,0,None,1819000,None,None,0,None,0,None,0,0,0,64000,72000,None,85000,None,None,None,nan,nan
6,2014-03-31,USD,6977000,0,4781000,9876000,0,-2646000,1085000,0,-2646000,0,2801000,None,-2129000,0,173000,None,None,None,0,0,0,0,-517000,0,0,0,None,USD,20201000,7521000,None,444000,9894000,10307000,0,2153000,31000,-48476000,409000,4579000,7659000,120000,8655000,None,None,None,2144000,10398000,None,None,0,None,830000,4749000,2661000,0,0,0,0,0,0,None,None,None,None,None,None,None,None,None,None,None,None,None,None,None,None,USD,None,958000,-421000,0,None,767000,None,None,-4264000,None,-845000,None,0,0,0,844000,97000,None,136000,None,None,None,nan,nan
7,2013-12-27,USD,7450000,0,4076000,-901000,0,-1040000,1164000,0,-1040000,0,2939000,None,-765000,0,154000,None,None,None,0,0,0,0,-275000,0,0,0,None,USD,20855000,6956000,None,565000,9433000,11422000,0,2415000,31000,-47333000,505000,4579000,7824000,116000,8891000,None,None,None,2309000,10722000,None,None,0,None,37000,4664000,2627000,0,0,0,0,0,0,None,None,None,None,None,None,None,None,None,None,None,None,None,None,None,None,USD,None,1186000,-285000,0,None,42000,None,None,-3121000,None,-260000,None,0,0,0,759000,389000,None,109000,None,None,None,nan,nan
8,2013-09-27,USD,7536000,0,4491000,-138000,0,347000,1234000,0,347000,0,3076000,None,-20000,0,165000,None,None,None,0,0,0,0,367000,0,0,0,None,USD,22637000,7211000,None,815000,9636000,13001000,0,2795000,31000,-45715000,381000,4579000,8061000,371000,7898000,None,None,None,3111000,11465000,None,None,0,None,1357000,4617000,2233000,0,0,0,0,0,0,None,None,None,None,None,None,None,None,None,None,None,None,None,None,None,None,USD,None,1172000,-220000,0,None,447000,None,None,-1503000,None,-475000,None,0,0,0,712000,674000,None,93000,None,None,None,nan,nan
9,2013-06-28,USD,7078000,0,3929000,2927000,0,-925000,1492000,0,-925000,0,3203000,None,-526000,0,160000,None,None,None,0,0,0,0,-399000,0,0,0,None,USD,22224000,7381000,None,758000,8685000,13539000,0,1779000,31000,-45137000,488000,4579000,8297000,581000,6479000,None,None,None,3245000,10682000,None,None,0,None,1718000,4355000,2165000,0,0,0,0,0,0,None,None,None,None,None,None,None,None,None,None,None,None,None,None,None,None,USD,None,88000,-95000,0,None,524000,None,None,-925000,None,-463000,None,0,0,0,450000,0,None,31000,None,None,None,nan,nan
10,2013-03-31,USD,6013000,0,3656000,7158000,0,-3362000,1412000,0,-4387000,0,2872000,None,-3373000,0,105000,None,None,None,0,0,0,0,-2000,0,0,0,None,USD,22216000,7593000,None,795000,7781000,14435000,0,2027000,31000,-44212000,292000,4579000,8494000,619000,5456000,None,None,None,3415000,10307000,None,None,0,None,2033000,3905000,1829000,0,0,0,0,0,0,None,None,None,None,None,None,None,None,None,None,None,None,None,None,None,None,USD,None,680000,-1489000,0,None,1080000,None,None,-4387000,None,-2221000,None,0,0,0,71000,150000,None,408000,None,None,None,nan,nan
11,2012-12-28,USD,5834000,0,3193000,479000,0,262000,1558000,0,0,0,3172000,None,262000,0,34000,None,None,None,0,0,0,0,0,0,0,0,None,USD,20198000,7663000,None,450000,4728000,15470000,0,1806000,31000,-43131000,None,4579000,8684000,559000,3794000,None,None,None,3033000,8481000,None,None,0,None,934000,3702000,1108000,0,0,0,0,0,0,None,None,None,None,None,None,None,None,None,None,None,None,None,None,None,None,USD,None,170000,-414000,0,None,-1147000,None,None,-3305000,None,-1129000,None,0,0,0,108000,769000,None,316000,None,None,None,nan,nan
12,2012-09-28,USD,5586000,0,3417000,-270000,0,-294000,1342000,0,0,0,2957000,None,-297000,0,30000,None,None,None,0,0,0,0,0,0,0,0,None,USD,22725000,7930000,None,468000,6275000,16450000,0,2000000,31000,-42105000,13000,4579000,8955000,1624000,5106000,None,None,None,3104000,10666000,None,None,0,None,1156000,3706000,1430000,0,0,0,0,0,0,None,None,None,None,None,None,None,None,None,None,None,None,None,None,None,None,USD,None,686000,-267000,0,None,-129000,None,None,-2280000,None,-1229000,None,0,0,0,112000,329000,None,198000,None,None,None,nan,nan
13,2012-06-29,USD,6216000,0,3772000,2244000,0,-993000,1371000,0,0,0,2929000,None,-977000,0,33000,None,None,None,0,0,0,0,0,0,0,0,None,USD,23527000,8219000,None,283000,5839000,17688000,0,1803000,31000,-40818000,9000,4579000,9206000,3172000,4454000,None,None,None,3196000,11125000,None,None,0,None,1376000,3327000,980000,0,0,0,0,0,0,None,None,None,None,None,None,None,None,None,None,None,None,None,None,None,None,USD,None,39000,-105000,0,None,86000,None,None,-993000,None,-58000,None,0,0,0,267000,196000,None,95000,None,None,None,nan,nan
14,2012-03-31,USD,6504000,0,4075000,10180000,0,-1300000,1475000,0,-2112000,0,2897000,None,-1804000,0,33000,None,None,None,0,0,0,0,552000,0,0,0,None,USD,24383000,8444000,None,261000,5731000,18652000,0,1872000,31000,-39825000,26000,4579000,9439000,3249000,4109000,None,None,None,3301000,11643000,None,None,0,None,1596000,3594000,872000,0,0,0,0,0,0,None,None,None,None,None,None,None,None,None,None,None,None,None,None,None,None,USD,None,None,-282000,123000,None,-1343000,None,None,-2112000,None,130000,None,0,0,0,1181000,48000,None,583000,None,None,None,nan,nan
15,2011-12-30,USD,6518000,0,3551000,-877000,0,-558000,1660000,0,0,0,3206000,None,-506000,0,41000,None,None,None,0,0,0,0,0,0,0,0,None,USD,25425000,8741000,None,402000,5759000,19666000,0,1753000,31000,-38761000,13000,4579000,9689000,3621000,4682000,None,None,None,3467000,12269000,None,None,0,None,1064000,4324000,763000,0,0,0,0,0,0,None,None,None,None,None,None,None,None,None,None,None,None,None,None,None,None,USD,None,None,-202000,0,None,-1072000,None,None,-1048000,None,151000,None,0,0,0,451000,665000,None,543000,None,None,None,nan,nan
16,2011-09-30,USD,8353000,0,4514000,189000,0,-272000,1714000,0,-18000,0,3579000,None,76000,0,44000,None,None,None,0,0,0,0,0,0,0,-18000,None,USD,27987000,9052000,None,387000,7744000,20243000,0,1926000,31000,-37949000,98000,4579000,9975000,3848000,5185000,None,None,None,3607000,14405000,None,None,0,None,2461000,4667000,1784000,0,0,0,0,0,0,None,None,None,None,None,None,None,None,None,None,None,None,None,None,None,None,USD,None,None,-8000,0,None,-366000,None,None,-236000,None,-522000,None,0,0,0,108000,916000,None,406000,None,None,None,nan,nan
17,2011-06-30,USD,8120000,0,4485000,3378000,0,18000,1692000,0,18000,0,3466000,None,-430000,0,46000,None,None,None,0,0,0,0,0,0,0,18000,None,USD,28177000,9395000,None,326000,7905000,20272000,0,1958000,31000,-37695000,200000,4579000,10279000,3355000,6144000,None,None,None,3841000,14057000,None,None,500000,None,1561000,5062000,1809000,0,0,0,0,0,0,None,None,None,None,None,None,None,None,None,None,None,None,None,None,None,None,USD,None,None,-432000,0,None,-380000,None,None,18000,None,-577000,None,0,0,0,287000,227000,None,368000,None,None,None,nan,nan
