,fiscalDateEnding,reportedCurrency_x,totalRevenue,totalOperatingExpense,costOfRevenue,grossProfit,ebit,netIncome_x,researchAndDevelopment,effectOfAccountingCharges,incomeBeforeTax,minorityInterest,sellingGeneralAdministrative,otherNonOperatingIncome,operatingIncome,otherOperatingExpense,interestExpense,taxProvision,interestIncome,netInterestIncome,extraordinaryItems,nonRecurring,otherItems,incomeTaxExpense,totalOtherIncomeExpense,discontinuedOperations,netIncomeFromContinuingOperations,netIncomeApplicableToCommonShares,preferredStockAndOtherAdjustments,reportedCurrency_y,totalAssets,intangibleAssets,earningAssets,otherCurrentAssets,totalLiabilities,totalShareholderEquity,deferredLongTermLiabilities,otherCurrentLiabilities,commonStock,retainedEarnings,otherLiabilities,goodwill,otherAssets,cash,totalCurrentLiabilities,shortTermDebt,currentLongTermDebt,otherShareholderEquity,propertyPlantEquipment,totalCurrentAssets,longTermInvestments,netTangibleAssets,shortTermInvestments,netReceivables,longTermDebt,inventory,accountsPayable,totalPermanentEquity,additionalPaidInCapital,commonStockTotalEquity,preferredStockTotalEquity,retainedEarningsTotalEquity,treasuryStock,accumulatedAmortization,otherNonCurrrentAssets,deferredLongTermAssetCharges,totalNonCurrentAssets,capitalLeaseObligations,totalLongTermDebt,otherNonCurrentLiabilities,totalNonCurrentLiabilities,negativeGoodwill,warrants,preferredStockRedeemable,capitalSurplus,liabilitiesAndShareholderEquity,cashAndShortTermInvestments,accumulatedDepreciation,commonStockSharesOutstanding,reportedCurrency,investments,changeInLiabilities,cashflowFromInvestment,otherCashflowFromInvestment,netBorrowings,cashflowFromFinancing,otherCashflowFromFinancing,changeInOperatingActivities,netIncome_y,changeInCash,operatingCashflow,otherOperatingCashflow,depreciation,dividendPayout,stockSaleAndPurchase,changeInInventory,changeInAccountReceivables,changeInNetIncome,capitalExpenditures,changeInReceivables,changeInExchangeRate,changeInCashAndCashEquivalents,clossingVal,nextClossingVal
0,2020-05-31,USD,289095000,53782000,228844000,60251000,6469000,2876000,None,None,4006000,None,53782000,None,6469000,None,2463000,1130000,None,-2463000,None,None,None,1130000,None,None,2876000,2876000,None,USD,1071624000,136071000,None,87468000,526666000,504144000,None,136131000,8790000,382225000,91636000,190544000,44332000,11636000,379530000,155400000,155400000,-40733000,320073000,330693000,None,218343000,None,156304000,55500000,75285000,87999000,None,None,8790000,None,382225000,None,None,94243000,None,740931000,51276000,55500000,91636000,147136000,None,None,None,153862000,1071624000,11636000,None,26368864,USD,-9688000,-19487000,-9688000,-1082000,-7000000,-17334000,-731000,-1932000,2876000,-3046000,23976000,-8610000,12540000,-4872000,-4731000,-4700000,39650000,1707000,8606000,39650000,-270000,-3316000,20.65,
1,2020-02-29,USD,337100000,69936000,534023000,77475000,15637000,11958000,None,None,14117000,None,61838000,None,15637000,8098000,1521000,2159000,-1521000,-1521000,None,None,None,2159000,None,None,11958000,11958000,None,USD,1128991000,140191000,None,99063000,569050000,516778000,None,162282000,8814000,388010000,79693000,185516000,44096000,14952000,276857000,5400000,5400000,-34062000,324386000,381910000,None,234234000,None,196806000,212500000,71089000,109175000,None,None,8814000,None,388010000,None,None,96988000,None,747081000,54435000,212500000,79693000,292193000,None,None,None,154016000,1128991000,14952000,None,26443166,USD,90000,14614000,-5596000,4566000,-183000000,-43612000,149424000,-12943000,11958000,4453000,53661000,-9202000,12114000,-4906000,-5130000,4668000,1071000,1282000,10252000,18227000,None,4421000,30.19,20.65
2,2019-11-30,USD,337916000,52716000,263606000,74310000,21594000,15234000,None,None,19830000,None,52716000,None,21594000,None,1764000,4596000,-1764000,-1764000,None,None,None,4596000,None,None,15234000,15234000,None,USD,1149791000,142779000,None,40335000,586303000,514979000,None,117880000,8851000,385032000,90905000,185776000,41587000,10530000,399542000,155400000,155400000,-32092000,326418000,396916000,None,234933000,None,270260000,95856000,75791000,126262000,None,None,8851000,None,385032000,None,None,97902000,None,752875000,57908000,95856000,90905000,186761000,None,None,None,153188000,1149791000,10530000,None,26552935,USD,-4000,2971000,-18432000,189000,-21500000,-26196000,-91000,768000,15234000,-8829000,35799000,-421000,11922000,-4605000,0,-1580000,3927000,1037000,18617000,6636000,-86000,-8915000,38.24,30.19
3,2019-08-31,USD,357058000,58631000,270851000,86207000,27576000,19279000,None,None,25373000,None,58631000,None,27576000,None,2203000,6094000,-2203000,-2203000,None,None,None,6094000,-2203000,None,19279000,19279000,None,USD,1138826000,144605000,None,20721000,592095000,503081000,None,97662000,8851000,374439000,103448000,185803000,45004000,19445000,371262000,155400000,155400000,-31944000,319234000,391334000,None,216323000,None,276884000,117385000,74284000,118200000,None,None,8851000,None,374439000,None,None,97850000,None,747492000,54138000,117385000,103448000,220833000,None,None,None,151735000,1138826000,19445000,None,26554597,USD,438000,-4285000,-10988000,-65000,-20500000,-26328000,-1223000,-791000,19279000,-9772000,27544000,-979000,11657000,-4605000,0,3219000,7767000,4744000,11361000,-6091000,261000,-9511000,36.93,38.24
4,2019-05-31,USD,355365000,57926000,274398000,80967000,23041000,15443000,None,None,20430000,None,57926000,None,23041000,None,2611000,4987000,None,-2611000,None,None,None,4987000,-2611000,None,15443000,15443000,None,USD,1132239000,144908000,None,16081000,610043000,484976000,None,85090000,8843000,360394000,101829000,185237000,45003000,28956000,214905000,10704000,10704000,-34501000,317522000,392789000,None,192051000,None,270407000,293309000,77345000,119111000,None,None,8843000,None,360394000,None,None,91783000,None,739450000,47924000,293309000,101829000,395138000,None,None,None,150240000,1132239000,28956000,None,26530369,USD,232000,-22401000,-12022000,-1056000,47500000,21622000,-1270000,-928000,15443000,-142000,-9742000,1974000,11102000,-4598000,-20010000,835000,-16982000,6294000,11198000,-22989000,-143000,-285000,36.25,36.93
5,2019-02-28,USD,346255000,59058000,-1916168000,44279000,-16211000,-12083000,19500000,0,-17146000,0,59058000,-1432000,-14779000,0,935000,-5062000,-1364000,-2299000,0,0,0,-5063000,-69000,0,-12083000,-12083000,None,USD,1068168000,148235000,None,16451000,571851000,496317000,None,83159000,9005000,367597000,98615000,185832000,46380000,29241000,227512000,None,None,-32127000,315823000,371898000,None,162250000,None,247862000,245724000,78344000,144353000,None,None,9005000,None,367597000,None,None,46380000,None,696270000,None,245724000,98615000,344339000,None,None,None,151842000,1068168000,29241000,None,27015127,USD,90000,14963000,-26759000,1000,13500000,-11155000,42000,-233000,-12084000,-12135000,25779000,-39919000,11420000,-4684000,-20013000,716000,8873000,-12759000,26850000,63442000,None,-11637000,35.69,36.25
6,2018-11-30,USD,357718000,52682000,273628000,84090000,31562000,21891000,19500000,0,28621000,0,52682000,154000,31408000,0,2941000,None,None,None,0,0,0,6730000,-2787000,0,21891000,21891000,None,USD,1080980000,153605000,None,16247000,550106000,530874000,0,59230000,9219000,400289000,104734000,185788000,66603000,15043000,212646000,None,None,-32729000,302209000,372775000,None,191481000,442000,261638000,232726000,79847000,153416000,0,0,9219000,0,400289000,0,None,66603000,None,708205000,None,232726000,104734000,337460000,None,None,None,154095000,1080980000,15043000,None,27655804,USD,930000,-2853000,2862000,11558000,8000000,-19913000,-243000,-351000,21891000,5664000,22715000,2447000,11921000,-4357000,-23313000,1651000,-16685000,4343000,9626000,-16685000,-232000,5432000,36.45,35.69
7,2018-08-31,USD,362133000,55806000,277667000,84466000,29557000,20513000,19500000,0,26933000,0,55806000,897000,28660000,0,2624000,None,None,None,0,0,0,6420000,-1727000,0,20513000,20513000,None,USD,1073617000,157991000,None,15792000,534761000,538856000,0,69707000,9420000,402619000,100664000,186522000,59597000,18113000,209216000,224881000,224881000,-29081000,308314000,361193000,None,194343000,539000,245355000,224881000,81933000,139509000,0,0,9420000,0,402619000,0,None,59597000,None,712424000,None,224881000,100664000,325545000,None,None,None,155898000,1073617000,18113000,None,28260214,USD,2001000,6651000,-13569000,-656000,10500000,5873000,-214000,-2204000,20514000,14890000,22586000,3848000,12407000,-4413000,0,-3831000,-19518000,2515000,14914000,-19518000,-545000,14345000,49.22,36.45
8,2018-05-31,USD,336531000,58735000,255801000,80730000,22203000,15373000,19500000,0,20254000,0,58735000,208000,21995000,0,1949000,None,None,None,0,0,0,4881000,-1741000,0,15373000,15373000,None,USD,1035315000,161964000,None,15573000,510728000,524587000,1190000,74269000,9409000,386518000,91365000,187034000,26269000,21620000,204823000,214540000,214540000,-25601000,304350000,344150000,12738000,175589000,2394000,227264000,214540000,77299000,130554000,0,0,9409000,0,386518000,0,None,25079000,None,691165000,None,214540000,91365000,305905000,None,None,None,154261000,1035315000,24014000,None,28225767,USD,-6124000,-7481000,-16230000,-779000,-2000000,-7131000,-721000,730000,15373000,1982000,25343000,730000,14050000,-4410000,0,6578000,-9075000,5168000,9327000,-9075000,279000,2261000,43.65,49.22
9,2018-02-28,USD,353453000,57795000,267789000,85664000,28024000,22329000,14000000,0,26204000,0,57795000,155000,27869000,0,1820000,None,None,None,0,0,0,3875000,-4404000,0,22329000,22329000,None,USD,1022320000,167349000,None,17576000,510965000,511355000,4657000,79696000,9386000,373259000,82296000,180956000,381979000,19359000,208152000,215860000,215860000,-24053000,304063000,336278000,8630000,163050000,423000,213892000,215860000,85028000,128456000,0,0,9386000,0,373259000,0,None,25044000,None,686042000,None,215860000,82296000,302813000,None,None,None,152763000,1022320000,19782000,None,28158042,USD,1098000,-31381000,-10124000,3028000,-13885000,-43340000,-2190000,-3714000,22329000,7760000,61224000,-1029000,15069000,-4422000,-22843000,12869000,18172000,9064000,14250000,34303000,-1246000,6514000,43.14,43.65
10,2017-11-30,USD,356506000,57024000,264947000,91559000,34944000,23646000,0,0,33350000,0,57024000,409000,34535000,0,1594000,None,None,None,0,0,0,9704000,0,0,23646000,23646000,None,USD,1043768000,173856000,None,16536000,525073000,518695000,2910000,60923000,9547000,375280000,81356000,152881000,366076000,12845000,209531000,231276000,231276000,-20489000,302904000,374788000,9766000,191958000,482000,246863000,231276000,98062000,148608000,0,0,9547000,0,375280000,0,None,23445000,6128000,668980000,None,231276000,81356000,315542000,None,None,None,154357000,1043768000,13327000,None,28642749,USD,299000,11612000,-11791000,31000,-26200000,-29846000,2090000,-4051000,23647000,-16207000,25430000,-4051000,14712000,-3977000,0,5489000,0,-1165000,12121000,-24814000,-476000,-16683000,50.03,43.14
11,2017-08-31,USD,343907000,58227000,257906000,86001000,27968000,17409000,0,0,26318000,0,58227000,194000,27774000,0,1650000,None,None,None,0,0,0,8909000,0,0,17409000,17409000,None,USD,1039376000,181124000,None,12498000,538002000,501374000,1836000,56378000,9548000,355623000,80552000,153483000,370656000,29528000,197808000,257806000,257806000,-16508000,299974000,368746000,10357000,166767000,464000,222583000,257806000,103673000,141430000,0,0,9548000,0,355623000,0,None,23460000,2232000,670630000,None,257806000,80552000,340194000,None,None,None,152711000,1039376000,29992000,None,28642749,USD,-2850000,-1324000,-200967000,-182722000,184200000,171118000,-16000,2354000,17408000,5048000,34897000,2354000,13639000,-3992000,-10833000,875000,8683000,-1613000,15395000,3558000,1508000,6556000,43.7,50.03
12,2017-05-31,USD,272307000,46188000,202013000,70294000,24452000,16104000,0,0,24008000,0,46188000,346000,24106000,0,444000,None,None,None,0,0,0,7904000,0,0,16104000,16104000,None,USD,779597000,105330000,None,9626000,297768000,481829000,3622000,32979000,9596000,351872000,55478000,95211000,231346000,25655000,167268000,71400000,71400000,-31746000,250979000,297272000,7551000,281288000,425000,180483000,71400000,81083000,134289000,0,0,9596000,0,351872000,0,None,22155000,1099000,482325000,None,71400000,55478000,130500000,None,None,None,152107000,779597000,26080000,None,28996209,USD,1685000,-20760000,-2852000,6893000,6000000,402000,-1596000,-988000,16104000,3462000,5912000,-988000,11423000,-4002000,0,-7712000,5125000,2720000,11430000,5125000,47000,3509000,53.28,43.7
13,2017-02-28,USD,314126000,52527000,231930000,82196000,30070000,23119000,8600000,0,29594000,0,52527000,401000,29669000,0,476000,None,None,None,0,0,0,6475000,580000,0,23119000,23119000,None,USD,784658000,106686000,None,8724000,314081000,470577000,4025000,34200000,9560000,341996000,58598000,101334000,240449000,27297000,186058000,65400000,65400000,-31090000,246748000,297461000,9041000,262557000,548000,187483000,65400000,73409000,151858000,0,0,9560000,0,341996000,0,None,23388000,None,487197000,None,65400000,58598000,128023000,None,None,None,150111000,784658000,27845000,None,28680841,USD,32046000,-7909000,-124556000,-133089000,45000000,39150000,-1870000,392000,23119000,-31886000,53520000,57000,11337000,-3980000,0,3168000,3460000,5067000,23513000,18695000,-250000,-32136000,57.18,53.28
14,2016-11-30,USD,274072000,39609000,201204000,72868000,33372000,22552000,0,0,33222000,0,39609000,113000,33259000,0,150000,None,None,None,0,0,0,10670000,0,0,22552000,22552000,None,USD,717245000,19460000,None,6770000,265068000,452177000,0,32369000,9549000,323070000,56274000,74308000,122198000,66483000,188394000,None,None,-28821000,229556000,365491000,10962000,358409000,30635000,188442000,20400000,73161000,156025000,0,0,9549000,0,323070000,0,None,17073000,395000,351754000,None,20400000,56274000,76674000,None,None,None,148379000,717245000,97118000,None,29000000,USD,1233000,3830000,-9897000,1944000,-392000,-14717000,46000,701000,22552000,4659000,29273000,701000,8315000,-3554000,-10817000,-4679000,0,-508000,13074000,-938000,-36000,4623000,47.7,57.18
15,2016-08-31,USD,278455000,39483000,205924000,72531000,33554000,22397000,0,0,33366000,0,39483000,506000,33048000,0,188000,None,None,None,0,0,0,10969000,0,0,22397000,22397000,None,USD,701607000,19950000,None,7362000,255351000,446256000,1881000,29688000,9632000,313449000,55554000,74891000,124747000,63925000,177516000,None,None,-26781000,218261000,358599000,12679000,351415000,30665000,187996000,20400000,68651000,147828000,0,0,9632000,0,313449000,0,None,17227000,None,343008000,None,20400000,55554000,77835000,None,None,None,149956000,701607000,94590000,None,29000000,USD,200000,10160000,-28987000,-15438000,-1909000,-3280000,2202000,-426000,22397000,9799000,42066000,4683000,8235000,-3573000,0,1007000,0,-3344000,13749000,-1072000,210000,10009000,48.4,47.7
16,2016-05-31,USD,247880000,38179000,183452000,64428000,26780000,17722000,0,0,26623000,0,38179000,531000,26249000,0,157000,None,None,None,0,0,0,8901000,0,0,17722000,17722000,None,USD,667729000,20108000,None,8228000,244113000,423616000,3599000,28425000,9596000,295502000,48063000,74686000,121437000,36967000,170146000,None,None,-28492000,214459000,331833000,12930000,328822000,30502000,186606000,22305000,69530000,141721000,0,0,9596000,0,295502000,0,None,13713000,None,335896000,None,22305000,48063000,73967000,None,None,None,147010000,667729000,67469000,None,29000000,USD,-751000,-8270000,-20318000,-1842000,1893000,-2491000,-824000,60000,17722000,-23667000,-858000,60000,7720000,-3560000,0,-5883000,0,1018000,17725000,-13225000,164000,-23503000,45.22,48.4
17,2016-02-29,USD,262149000,39969000,185381000,68857000,28770000,19936000,8000000,0,28654000,0,39968000,-118000,28888000,0,116000,None,None,None,0,0,0,8718000,-69000,0,19935000,19936000,None,USD,657440000,19862000,None,8112000,251245000,406195000,4972000,29339000,9561000,282477000,48492000,73996000,118185000,60470000,177381000,20400000,20400000,-31371000,202462000,336793000,12519000,313256000,30173000,172832000,20400000,63386000,148042000,0,0,9561000,0,282477000,0,None,11808000,None,320647000,None,20400000,48492000,73864000,None,None,None,145528000,657440000,90643000,None,29000000,USD,29019000,17265000,13562000,-177000,-406000,-21597000,15000,-1045000,19936000,29749000,37784000,674000,7912000,-3552000,-17654000,621000,-2918000,446000,15280000,-9470000,8000,29757000,39.93,45.22
18,2015-11-30,USD,238324000,34568000,175898000,62426000,28041000,18521000,0,0,27882000,0,34568000,183000,27858000,0,159000,None,None,None,0,0,0,9361000,0,0,18521000,18521000,None,USD,640528000,20398000,None,8677000,234418000,406110000,5018000,27952000,9703000,281329000,49528000,74144000,117871000,30713000,159079000,29000,None,-31622000,194145000,328512000,11022000,311568000,60653000,164435000,20793000,64034000,131098000,0,0,9703000,0,281329000,0,None,12307000,None,312016000,None,20793000,49528000,75339000,None,None,None,146700000,640528000,91366000,None,29108251,USD,-7552000,18334000,-17926000,-2983000,-618000,-10874000,202000,None,18520000,-4731000,24069000,-965000,7834000,-3201000,-7257000,-4692000,6552000,-1616000,7391000,-13346000,-746000,-5477000,50.22,39.93
19,2015-08-31,USD,240754000,34276000,176294000,56699000,22597000,14760000,0,0,22448000,0,34276000,174000,22423000,0,151000,None,None,None,0,0,0,7688000,0,0,14760000,14760000,None,USD,621297000,21327000,None,8264000,219655000,401642000,7331000,25214000,9747000,272765000,49240000,74714000,113534000,36190000,141640000,38000,None,-27534000,196720000,311043000,7993000,305601000,56129000,151238000,21444000,59676000,116388000,0,0,9747000,0,272765000,0,None,9500000,None,310254000,None,21444000,49240000,78015000,None,None,None,146664000,621297000,92319000,None,29000000,USD,-19143000,9089000,-29826000,-70000,-221000,-3507000,-70000,None,14760000,7910000,41243000,-23000,7761000,-3216000,0,2513000,19898000,-1935000,10613000,9078000,76000,7986000,52.15,50.22
