,fiscalDateEnding,reportedCurrency_x,totalRevenue,totalOperatingExpense,costOfRevenue,grossProfit,ebit,netIncome_x,researchAndDevelopment,effectOfAccountingCharges,incomeBeforeTax,minorityInterest,sellingGeneralAdministrative,otherNonOperatingIncome,operatingIncome,otherOperatingExpense,interestExpense,taxProvision,interestIncome,netInterestIncome,extraordinaryItems,nonRecurring,otherItems,incomeTaxExpense,totalOtherIncomeExpense,discontinuedOperations,netIncomeFromContinuingOperations,netIncomeApplicableToCommonShares,preferredStockAndOtherAdjustments,reportedCurrency_y,totalAssets,intangibleAssets,earningAssets,otherCurrentAssets,totalLiabilities,totalShareholderEquity,deferredLongTermLiabilities,otherCurrentLiabilities,commonStock,retainedEarnings,otherLiabilities,goodwill,otherAssets,cash,totalCurrentLiabilities,shortTermDebt,currentLongTermDebt,otherShareholderEquity,propertyPlantEquipment,totalCurrentAssets,longTermInvestments,netTangibleAssets,shortTermInvestments,netReceivables,longTermDebt,inventory,accountsPayable,totalPermanentEquity,additionalPaidInCapital,commonStockTotalEquity,preferredStockTotalEquity,retainedEarningsTotalEquity,treasuryStock,accumulatedAmortization,otherNonCurrrentAssets,deferredLongTermAssetCharges,totalNonCurrentAssets,capitalLeaseObligations,totalLongTermDebt,otherNonCurrentLiabilities,totalNonCurrentLiabilities,negativeGoodwill,warrants,preferredStockRedeemable,capitalSurplus,liabilitiesAndShareholderEquity,cashAndShortTermInvestments,accumulatedDepreciation,commonStockSharesOutstanding,reportedCurrency,investments,changeInLiabilities,cashflowFromInvestment,otherCashflowFromInvestment,netBorrowings,cashflowFromFinancing,otherCashflowFromFinancing,changeInOperatingActivities,netIncome_y,changeInCash,operatingCashflow,otherOperatingCashflow,depreciation,dividendPayout,stockSaleAndPurchase,changeInInventory,changeInAccountReceivables,changeInNetIncome,capitalExpenditures,changeInReceivables,changeInExchangeRate,changeInCashAndCashEquivalents,clossingVal,nextClossingVal
0,2020-06-30,ILS,0,3480000.0,None,None,-3382000.0,-8804000.0,1364000.0,None,-8804000.0,None,2116000.0,None,-3480000.0,None,None,None,None,-5324000,None,None,None,None,None,None,-8804000.0,-8804000.0,None,ILS,27630000,None,None,None,5839000,21791000,None,None,None,-112220000,2307000,None,406000,24269000,2994000,None,None,16597000,1995000,25229000,None,21791000,None,None,None,None,420000,None,None,None,None,None,None,None,406000,None,2401000,954000,None,None,2845000,None,None,None,None,None,None,None,None,ILS,-1000,-1621000,-1000,2000,-108000,4647000,None,92000,-8804000,-962000,-4887000,None,-7000,None,None,None,None,5906000,0.0,None,None,None,3.15,
1,2020-03-31,ILS,0,4124000.0,None,None,-3947000.0,-2552000.0,1537000.0,None,-2552000.0,None,2587000.0,None,-4124000.0,None,None,None,None,1572000,None,None,None,None,None,None,-2552000.0,-2552000.0,None,ILS,28225000,None,None,None,6362000,21863000,None,None,None,-103416000,1282000,None,417000,25231000,4455000,None,None,15765000,2168000,25640000,None,21863000,None,None,None,None,855000,None,None,None,None,None,None,None,332000,None,2585000,1044000,None,None,1907000,None,None,None,None,None,None,None,16000000,ILS,30000,868000,30000,-4000,-104000,9042000,None,92000,-2552000,7125000,-2629000,None,177000,0,None,None,None,-1193000,0.0,None,None,None,1.47,3.15
2,2019-12-31,ILS,0,4949000.0,0,0,-5455000.0,-6076000.0,2571000.0,0,-6076000.0,0,1229000.0,0,-4949000.0,0,100000,None,None,-1127000,0,0,0,0,0,0,-6076000.0,-6076000.0,0,ILS,21320000,0,None,0,6483000,14837000,0,0,0,-100864000,2172000,0,422000,18106000,3634000,0,0,16528000,2323000,18575000,0,14837000,0,0,0,0,158000,0,0,0,0,0,0,0,328000,0,2745000,1073000,0,0,2849000,0,0,0,0,0,0,0,2000000,ILS,12000,192000,12000,9000,-100000,-1430000,0,-457000,-6076000,-3743000,-2208000,0,521000,0,-1330000,0,0,3373000,3000.0,0,0,0,2.2197,1.47
3,2019-09-30,ILS,0,5233000.0,0,0,-4230000.0,-4812000.0,2465000.0,0,-4812000.0,0,2768000.0,0,-5233000.0,0,489000,None,None,421000,0,0,0,0,0.47,0,-4812000.0,-4812000.0,0,ILS,25516000,0,None,0,7048000,18468000,0,2.44,0,-94787000,2812000,0,432000,21849000,3472000,0,0,14375000,2535000,22549000,0,18468000,0,0.78,0,0,852000,0,0,0,0,0,0,0,329000,0,2967000,1192000,0,0,3576000,0,0,0,0,0,0,0,11000000,ILS,0,-1138000,12000,9000,-143000,-143000,0,143000,-4812000,-5394000,-5008000,0,93000,0,0,0,0,706000,0.0,0,0,0,0.488,2.2197
4,2019-06-30,ILS,0,6272000.0,0,0,-353000.0,-815000.0,3563000.0,0,-815000.0,0,2709000.0,0,-6272000.0,0,462000,None,5919000,5457000,0,0,0,0,4.39,0,-815000.0,-816000.0,0,ILS,31149000,0,None,0,9241000,21908000,0,2.56,0,-89975000,3722000,0,444000,27244000,4652000,0,0,13003000,2771000,27934000,0,21908000,0,0.56,0,0,994000,0,0,0,0,0,0,0,444000,0,3215000,1335000,0,0,4589000,0,0,0,0,0,0,0,2000000,ILS,0,-730000,12000,9000,-178000,-1292000,-1114000,200000,-815000,-7618000,-5929000,0,-20000,0,0,0,0.06,-4752000,0.0,0,0,0,0.5096,0.488
5,2019-03-31,ILS,0,5878000.0,0,0,-4474000.0,-5104000.0,3523000.0,0,-5104000.0,0,2355000.0,0,-5878000.0,0,418000,None,1192000,774000,0,0,0,0,1192000,0,-5104000.0,-5104000.0,0,ILS,39140000,0,None,0,17154000,21986000,0,492000,0,-89160000,9617000,0,456000,34862000,6516000,0,0.35,12302000,3065000,35619000,0,21986000,0,0.54,0.72,0,848000,0,0,0,0,0,0,0,333000,0,3521000,1513000,0,1021000,10638000,0,0,0,0,0,0,0,2000000,ILS,-120000,15000,-120000,9000,-137000,24737000,37000,200000,-5104000,17053000,-7192000,0,212000,0,0,0,0.05,-2385000,120000.0,0,0,0,1.0108,0.5096
6,2018-12-31,USD,0,168036.85,0,0,-168036.85,-71846.14,77381.61,0,-71846.14,0,90655.24,0,-168036.85,0,-383.08,None,None,None,0,0,0,0,96190.71,0,-71846.14,-1003612.04,0,USD,395297.44,0,None,0,128618.20,266679.25,0,3754.16,0,-22489899.67,485886.29,0,125484.95,341111.16,93834.78,0,0,3296053.51,413110.37,356740.71,0,3725217.39,0,4137.23,0,0,16989.48,0,0,0,0,0,0,0,0,0,0,0,0,0,0,0,0,0,0,0,0,0,1000000,USD,2011.16,402408.03,24615.38,0,-36655.52,473809.13,565351.17,53511.71,-71846.14,-106801.95,-1616321.07,0,2202.69,0,0,0,-4079.77,-988896.32,249.0,0,0,0,2.1,1.0108
7,2018-09-30,USD,0,2214340.7,0,0,-2214340.7,-1869020.13,1134114.15,0,-1869020.13,0,1080226.55,0,-2214340.7,0,-17595.95,None,None,None,0,0,0,0,345320.58,0,-1869020.13,-1869020.13,0,USD,7179698.67,0,None,0,2675134.72,4504563.95,0,582865.94,0,-22078796.88,1739524.91,0,130594.96,6429396.24,935609.81,0,0,3112559.11,456669.97,6592433.74,0,4504563.95,0,163037.50,0,0,352743.87,0,0,0,0,0,0,0,0,0,0,0,0,0,0,0,0,0,0,0,0,0,1000000,USD,2553062.80,112449.14,2440613.66,1649.62,-37666.34,6801110.74,580941.38,54987.35,-1869020.13,702738.37,-1742824.15,0,33542.29,0,0,0,94303.31,-114098.76,114098.76,0,0,0,4.76,2.1
8,2018-06-30,USD,0,0.01,0,0,-1668259.12,-1634954.0,680025.12,0,-1634954.0,0,988234.01,0,-1668259.12,0,-3275.91,None,None,None,0,0,0,0,33305.12,0,-1634954.0,-1634954.0,0,USD,8943790.78,0,None,0,2905462.59,6038328.19,0,511042.56,0,-20066883.24,2087576.10,0,132401.52,5686167.45,817886.49,0,0,2839944.31,374273.16,8437116.10,0,6038328.19,2498157.30,252791.35,0,0,306843.93,0,0,0,0,0,0,0,0,0,0,0,0,0,0,0,0,0,0,0,0,0,1000000,USD,135131.45,-55690.54,147962.11,36854.03,-37400.02,-1364.96,576833.83,0,-1634954,-1173596.13,-1410007.92,0,30029.21,0,0,0,-40948.92,291556.33,24023.37,0,0,0,7.15,4.76
9,2018-03-31,USD,0,1788873.77,0,0,-1788873.77,-1013666.78,810082.79,0,-1013666.78,0,978790.97,None,-1788873.77,0,-3402.52,None,None,None,0,0,0,0,775206.99,0,-1013666.78,-1013666.78,None,USD,10611319.04,0,None,61812.41,2907167.97,7704151.07,0,501304.30,0,-19144266.76,1995860.27,0,179199.27,7124872.41,911307.70,0,0,2587614.83,397243.96,10034875.81,0,7704151.07,2693376.43,216626.97,0,0,410003.40,0,0,0,0,0,-762447.54,None,None,None,None,None,None,None,None,None,None,None,None,None,None,None,1000000,USD,1275944.20,-258307.81,1190030.62,-46217.53,0,3619144.83,599126.69,0,-1013666.78,3230690.71,-1726777.82,None,29772.03,0,3619144.83,0,17863.22,-502438.47,39696.04,None,None,None,6.38,7.15
10,2017-12-31,USD,0,19676000.0,0,0,-19676000.0,3125000.0,1022000.0,0,3125000.0,0,2024000.0,None,-19676000.0,0,-90000,None,None,None,0,0,0,0,22801000,0,3125000.0,3125000.0,None,USD,8754000,None,None,165000,3321000,5433000,None,690000,None,-63943000,2140000,None,138000,3958000,1181000,None,None,9381000,387000,28551000,None,18852000,4035000,245000,None,None,491000,None,None,None,None,None,-2717000,None,None,None,None,None,None,None,None,None,None,None,None,None,None,None,1000000,USD,10522000,407000,2908000,-165000,None,4558000,2113000,None,-28224000,7455000,-17770000,None,372000,None,15813000,None,136000,9205000,77000.0,None,None,None,7.0,6.38
11,2017-09-30,USD,0,14968000.0,0,0,-14968000.0,-64100000.0,797000.0,0,-64100000.0,0,1737000.0,None,-14968000.0,0,-1520000,None,None,None,0,0,0,0,-49132000,0,-64100000.0,-64100000.0,None,USD,9977000,None,None,284000,4074000,5903000,None,1060000,None,-60574000,2440000,None,114000,6390000,1634000,None,None,10483000,359000,33572000,None,20851000,2830000,1004000,None,None,574000,None,None,None,None,None,-2668000,None,None,None,None,None,None,None,None,None,None,None,None,None,None,None,1000000,USD,8020000,-4000,4014000,-2000,None,4573000,-510000,None,-7802000,18223000,-4855000,None,94000,None,15090000,None,102000,2731000,50000.0,None,None,None,7.95,7.0
12,2017-06-30,USD,0,-15582000.0,0,0,15582000.0,45202000.0,716000.0,0,45202000.0,0,1689000.0,None,15582000.0,0,1028000,None,None,None,0,0,0,0,29620000,0,45202000.0,45202000.0,None,USD,7172000,None,None,317000,2894000,4278000,None,382000,None,-52772000,2076000,None,121000,1245000,818000,None,None,9813000,374000,23322000,None,14944000,5115000,1106000,None,None,436000,None,None,None,None,None,-2698000,None,None,None,None,None,None,None,None,None,None,None,None,None,None,None,1000000,USD,2183000,263000,1781000,-165000,None,305000,-510000,None,-4602000,-1321000,-3515000,None,94000,None,423000,None,68000,450000,33000.0,None,None,None,8.06,7.95
13,2017-03-31,USD,0,5371000.0,0,0,-5371000.0,-12451000.0,780000.0,0,-12451000.0,0,1459000.0,None,-5371000.0,0,-307000,None,None,None,0,0,0,0,-7080000,0,-12451000.0,-12451000.0,None,USD,7965000,None,None,416000,3123000,4842000,None,366000,None,-48171000,2406000,None,39000,1567000,717000,None,None,6493000,373000,27338000,None,17525000,5570000,1505000,None,None,351000,None,None,None,None,None,-2604000,None,None,None,None,None,None,None,None,None,None,None,None,None,None,None,1000000,USD,4318000,-892000,1174000,-165000,None,178000,-510000,None,-12451000,-609000,-5168000,None,90000,None,643000,None,-44000,8129000,19000.0,None,None,None,8.6,8.06
14,2016-12-31,USD,0,15944000.0,0,0,-15944000.0,-15317000.0,618000.0,0,-15317000.0,0,960000.0,None,-15944000.0,-280000,-33000,None,None,None,0,0,0,0,627000,0,-15317000.0,-15317000.0,None,USD,8819000,None,None,208000,1411000,7408000,None,542000,None,-35719000,505000,None,36000,1633000,906000,None,None,6217000,358000,32397000,None,28487000,6412000,662000,None,None,364000,None,None,None,None,None,-2451000,None,None,None,None,None,None,None,None,None,None,None,None,None,None,None,1000000,USD,-16722000,1259000,-18012000,-120000,None,9082000,3173000,None,-15317000,2366000,-14412000,None,350000,None,30689000,None,-1049000,345000,329000.0,None,None,None,3.09,8.6
15,2016-09-30,USD,0,0.0,0,0,0.0,0.0,577000.0,0,0.0,0,1312000.0,None,0.0,0,0,None,None,None,0,0,0,0,0,0,0.0,0.0,None,USD,10115000,None,None,308000,1607000,8508000,None,511000,None,None,826000,None,5000,2602000,781000,None,None,None,362000,None,None,None,6838000,None,None,None,270000,None,None,None,None,None,-2513000,None,None,None,None,None,None,None,None,None,None,None,None,None,None,None,1000000,USD,None,159000,None,None,None,9391000,None,None,None,None,None,None,None,None,None,None,None,None,315000.0,None,None,None,4.6,3.09
16,2016-06-30,USD,0,0.0,0,0,0.0,0.0,470000.0,0,0.0,0,855000.0,None,0.0,0,0,None,None,None,0,0,0,0,0,0,0.0,0.0,None,USD,4391000,None,None,22000,266000,4125000,None,242000,None,None,None,None,5000,1762000,266000,None,None,None,56000,None,None,None,2546000,None,None,None,24000,None,None,None,None,None,-2441000,None,None,None,None,None,None,None,None,None,None,None,None,None,None,None,1000000,USD,None,None,169000,None,None,1935000,None,None,None,None,None,None,None,None,None,None,None,None,291000.0,None,None,None,nan,4.6
17,2016-03-31,USD,0,0.0,0,0,0.0,0.0,483000.0,0,0.0,0,971000.0,None,0.0,0,0,None,None,None,0,0,0,0,0,0,0.0,0.0,None,USD,4545000,None,None,232000,607000,3938000,None,449000,None,None,None,None,5000,2299000,607000,None,None,None,387000,None,None,None,1622000,None,None,None,158000,None,None,None,None,None,-2486000,None,None,None,None,None,None,None,None,None,None,None,None,None,None,None,1000000,USD,None,None,167000,None,None,1988000,None,None,None,None,None,None,None,None,None,None,None,None,276000.0,None,None,None,nan,nan
18,2015-12-31,USD,0,10097000.0,0,0,-10097000.0,-10172000.0,476000.0,0,-10172000.0,0,944000.0,None,-10097000.0,-280000,3000,None,None,None,0,0,0,0,-75000,0,-10172000.0,-10172000.0,None,USD,3428000,None,None,58000,734000,2694000,None,614000,None,-20402000,None,None,5000,1004000,734000,None,None,3603000,305000,12154000,None,10501000,2008000,187000,None,None,120000,None,None,None,None,None,-2418000,None,None,None,None,None,None,None,None,None,None,None,None,None,None,None,None,USD,3430000,1333000,815000,-120000,None,1641000,696000,None,-10172000,1791000,-7710000,None,71000,None,5700000,None,-328000,1386000,85000.0,None,None,None,nan,nan
19,2015-09-30,USD,0,0.0,0,0,0.0,0.0,363000.0,0,0.0,0,609000.0,None,0.0,0,-3000,None,None,None,0,0,0,0,0,0,0.0,0.0,None,USD,None,None,None,None,None,None,None,None,None,None,None,None,None,None,None,None,None,None,None,None,None,None,None,None,None,None,None,None,None,None,None,None,None,None,None,None,None,None,None,None,None,None,None,None,None,None,None,None,None,USD,None,None,None,None,None,None,None,None,None,None,None,None,None,None,None,None,None,None,0.0,None,None,None,nan,nan
