,fiscalDateEnding,reportedCurrency_x,totalRevenue,totalOperatingExpense,costOfRevenue,grossProfit,ebit,netIncome_x,researchAndDevelopment,effectOfAccountingCharges,incomeBeforeTax,minorityInterest,sellingGeneralAdministrative,otherNonOperatingIncome,operatingIncome,otherOperatingExpense,interestExpense,taxProvision,interestIncome,netInterestIncome,extraordinaryItems,nonRecurring,otherItems,incomeTaxExpense,totalOtherIncomeExpense,discontinuedOperations,netIncomeFromContinuingOperations,netIncomeApplicableToCommonShares,preferredStockAndOtherAdjustments,reportedCurrency_y,totalAssets,intangibleAssets,earningAssets,otherCurrentAssets,totalLiabilities,totalShareholderEquity,deferredLongTermLiabilities,otherCurrentLiabilities,commonStock,retainedEarnings,otherLiabilities,goodwill,otherAssets,cash,totalCurrentLiabilities,shortTermDebt,currentLongTermDebt,otherShareholderEquity,propertyPlantEquipment,totalCurrentAssets,longTermInvestments,netTangibleAssets,shortTermInvestments,netReceivables,longTermDebt,inventory,accountsPayable,totalPermanentEquity,additionalPaidInCapital,commonStockTotalEquity,preferredStockTotalEquity,retainedEarningsTotalEquity,treasuryStock,accumulatedAmortization,otherNonCurrrentAssets,deferredLongTermAssetCharges,totalNonCurrentAssets,capitalLeaseObligations,totalLongTermDebt,otherNonCurrentLiabilities,totalNonCurrentLiabilities,negativeGoodwill,warrants,preferredStockRedeemable,capitalSurplus,liabilitiesAndShareholderEquity,cashAndShortTermInvestments,accumulatedDepreciation,commonStockSharesOutstanding,reportedCurrency,investments,changeInLiabilities,cashflowFromInvestment,otherCashflowFromInvestment,netBorrowings,cashflowFromFinancing,otherCashflowFromFinancing,changeInOperatingActivities,netIncome_y,changeInCash,operatingCashflow,otherOperatingCashflow,depreciation,dividendPayout,stockSaleAndPurchase,changeInInventory,changeInAccountReceivables,changeInNetIncome,capitalExpenditures,changeInReceivables,changeInExchangeRate,changeInCashAndCashEquivalents,clossingVal,nextClossingVal
0,2020-06-30,USD,81043000,47287000,27411000,53632000,6335000,19257000,12128000,None,5773000,None,28502000,-10000,6345000,6657000,562000,-13484000,None,-562000,None,None,None,-13484000,-10000,None,19257000,19257000,None,USD,320351000,54129000,None,15836000,175847000,144504000,None,10186000,4000,13206000,None,58425000,47065000,53315000,47307000,1833000,1833000,131000,26323000,102744000,5933000,31950000,20930000,12663000,95146000,None,35288000,None,None,4000,None,13206000,-25756000,None,32086000,None,40711000,33394000,95146000,33394000,128540000,None,None,None,156919000,320351000,74245000,None,None,USD,-12240000,10085000,-24441000,-5887000,-316000,-3316000,-3232000,11225000,19257000,-3464000,24293000,9209000,7675000,None,232000,None,-3520000,-10738000,6314000,-3520000,None,-3464000,162.71,
1,2020-03-31,USD,72495000,40704000,28961000,43534000,2852000,1983000,11212000,None,2358000,None,23078000,22000,2830000,6414000,494000,375000,-494000,-494000,None,None,None,375000,22000,None,1983000,1983000,None,USD,293427000,52708000,None,18362000,168552000,124875000,None,11368000,4000,-6051000,None,58425000,33622000,56779000,38649000,1520000,1520000,165000,22536000,92710000,6676000,13742000,7952000,9617000,95760000,None,25761000,None,None,4000,None,-6051000,-25756000,None,33160000,None,27212000,34143000,95760000,34143000,129903000,None,None,None,156513000,293427000,64731000,None,36000000,USD,20543000,-4541000,5729000,-6822000,48688000,32156000,-12435000,-6365000,1983000,40968000,3083000,5974000,7467000,None,-4097000,None,-1616000,1283000,7992000,-1616000,None,40968000,110.95,162.71
2,2019-12-31,USD,67362000,40870000,26403000,40959000,173000,4428000,11086000,None,-157000,None,23558000,84000,89000,6226000,330000,-4585000,-330000,-330000,None,None,None,-4585000,84000,None,4428000,4428000,None,USD,260102000,51400000,None,15540000,128152000,131950000,4700000,15725000,4000,-8034000,14000,58425000,33850000,15813000,47451000,1208000,1208000,33000,14744000,61791000,12089000,22125000,22876000,7562000,47375000,None,30518000,None,None,4000,None,-8034000,-21562000,None,34079000,None,27574000,33312000,47375000,33326000,80701000,None,None,None,161509000,260102000,38689000,None,36000000,USD,-9848000,4611000,-19146000,-5299000,-313000,-633000,-614000,5213000,4428000,-4305000,15474000,8337000,7340000,None,294000,None,747000,-2649000,3999000,747000,None,-4305000,109.95,110.95
3,2019-09-30,USD,67935000,37871000,25930000,42005000,4123000,4978000,10602000,None,3723000,None,21591000,-11000,4134000,5678000,400000,-1255000,-400000,-400000,None,None,None,-1255000,-11000,None,4978000,4978000,None,USD,233828000,50299000,None,16150000,108411000,125417000,None,17256000,4000,-12462000,16000,58392000,29499000,20121000,42270000,1208000,1208000,38000,9842000,64665000,4698000,16726000,20355000,8039000,47677000,None,23806000,None,None,4000,None,-12462000,-21562000,None,22736000,None,23196000,18448000,47677000,18464000,66141000,None,None,None,159399000,233828000,40476000,None,35000000,USD,-2012000,-894000,-9951000,-6249000,-312000,-1042000,-790000,-1432000,4978000,607000,11600000,6768000,6766000,None,60000,None,-83000,831000,1690000,-83000,None,607000,95.14,109.95
4,2019-06-30,USD,63624000,36200000,25128000,38496000,2240000,23151000,9339000,None,1813000,None,21446000,-56000,2296000,5415000,427000,-21338000,-427000,-427000,None,None,None,-21338000,-56000,None,23151000,23151000,None,USD,226094000,48661000,None,16945000,107879000,118215000,None,15996000,4000,-17440000,13000,58518000,27895000,19514000,41816000,1208000,1208000,18000,7930000,64064000,3586000,11036000,19425000,8180000,47979000,None,24612000,None,None,4000,None,-17440000,-21562000,None,21631000,None,21704000,18071000,47979000,18084000,66063000,None,None,None,157195000,226094000,38939000,None,35000000,USD,1072000,4678000,-5085000,-4792000,-373000,-3700000,-3436000,861000,23151000,2733000,11518000,3927000,7343000,None,109000,None,-644000,-19594000,1365000,-644000,None,2733000,102.27,95.14
5,2019-03-31,USD,57091000,32968000,24181000,32910000,-59000,3725000,8481000,None,-556000,None,19411000,-1000,-58000,5076000,497000,-4281000,-497000,-497000,None,None,None,-4281000,-1000,None,3725000,3725000,None,USD,200582000,49040000,None,15086000,105527000,95055000,None,15144000,4000,-40591000,14000,57496000,7026000,16783000,38159000,1213000,1213000,-49000,7169000,57547000,6300000,-11481000,17712000,7966000,48290000,None,21802000,None,None,4000,None,-40591000,-21562000,None,23030000,None,143035000,19064000,48290000,19078000,67368000,None,None,None,157253000,200582000,34495000,None,35000000,USD,4000000,-2046000,-55692000,-58662000,-672000,-1897000,-1315000,-4121000,3725000,-57294000,295000,3369000,5076000,None,90000,None,-2051000,-2702000,1030000,-2051000,None,-57294000,79.4,102.27
6,2018-12-31,USD,50365000,27743000,19925000,30440000,2661000,2649000,6588000,0,2817000,0,17363000,-36000,2697000,3792000,-156000,None,None,None,0,0,0,168000,90000,0,2649000,2649000,None,USD,175741000,26380000,None,11775000,83895000,91846000,4000000,4861000,4000,-44316000,7080000,15548000,7688000,74076000,28213000,1213000,1213000,-178000,6871000,107998000,11256000,49918000,16631000,5516000,48602000,None,22139000,None,None,4000,None,-44316000,-21562000,None,7688000,None,67743000,None,48602000,7080000,55682000,None,None,None,157898000,175741000,90707000,None,36000000,USD,23809000,4649000,20140000,-3307000,50000000,28527000,-233000,4209000,2649000,60334000,11667000,3190000,-1300000,None,-21240000,None,557000,1922000,362000,557000,None,60334000,59.22,79.4
7,2018-09-30,USD,50126000,25367000,19282000,30844000,5478000,5524000,6440000,0,5707000,0,15222000,1000,5477000,3705000,-229000,None,None,None,0,0,0,183000,20000,0,5524000,5524000,None,USD,136189000,25351000,None,10916000,27826000,108363000,3300000,4468000,4000,-46965000,7042000,15548000,6757000,13745000,20784000,None,None,-232000,6699000,61973000,19861000,67464000,31823000,5489000,0,0,16316000,0,0,4000,0,-46965000,0,None,6757000,None,74216000,None,None,7042000,7042000,None,None,None,155556000,136189000,45568000,None,36000000,USD,5626000,6074000,-13467000,-17933000,50000000,-345000,-400000,-2160000,5524000,-4265000,9547000,-5844000,1328000,0,55000,0,703000,1762000,1160000,703000,None,-4265000,78.4,59.22
8,2018-06-30,USD,47240000,22202000,17729000,29511000,7291000,7474000,5750000,0,7517000,0,12873000,-18000,7309000,3579000,-226000,None,None,None,0,0,0,43000,208000,0,7474000,7474000,None,USD,123958000,19532000,None,6253000,22980000,100978000,2800000,5542000,4000,-52489000,1067000,6737000,4084000,18010000,21913000,None,None,-289000,6528000,64527000,22550000,74709000,34710000,5554000,0,0,16371000,0,0,4000,0,-52489000,0,None,4084000,None,59431000,None,None,1067000,1067000,None,None,None,153752000,123958000,52720000,None,35000000,USD,2040000,4860000,-846000,-2569000,50000000,-1405000,-1593000,1806000,7474000,9461000,11712000,-974000,16000,0,188000,0,-1020000,1356000,317000,-1020000,None,9461000,61.15,78.4
9,2018-03-31,USD,42340000,21554000,16613000,25727000,4170000,4320000,5333000,0,4346000,0,12721000,-3000,4173000,3500000,-176000,None,None,None,0,0,0,26000,173000,0,4320000,4320000,None,USD,114065000,19461000,None,5253000,21526000,92539000,2600000,6875000,4000,-59963000,1161000,6737000,3806000,8549000,20365000,None,None,-357000,6463000,55627000,21971000,66341000,37290000,4535000,0,0,13490000,0,0,4000,0,-59963000,0,None,3806000,None,58438000,None,None,1161000,1161000,None,None,None,152855000,114065000,45839000,None,35000000,USD,-7272000,-4402000,-10471000,-2936000,50000000,-431000,-901000,-3808000,4320000,-7560000,3342000,3237000,16000,0,470000,0,-1148000,1319000,263000,-1148000,None,-7560000,40.85,61.15
10,2017-12-31,USD,37897000,20974000,14536000,23361000,2384000,2577000,4580000,0,2542000,0,13042000,-3000,2387000,3352000,-158000,None,None,None,0,0,0,-35000,439000,0,2577000,2577000,None,USD,110248000,19334000,None,4546000,25169000,85079000,200000,8303000,4000,-67247000,1257000,6737000,49710000,16109000,23912000,None,None,-209000,6696000,53842000,22401000,59008000,29800000,3387000,0,0,15609000,0,0,4000,0,-67247000,0,None,1238000,None,56406000,None,None,1257000,1257000,None,None,None,152531000,110248000,45909000,None,35000000,USD,-3551000,244000,-6454000,-2370000,50000000,-33000,-188000,2273000,2577000,1328000,7815000,3152000,15000,0,155000,0,-876000,1795000,533000,32000,None,1328000,41.5,40.85
11,2017-09-30,USD,37903000,20266000,14053000,23850000,3579000,3682000,4367000,0,3734000,0,12662000,-5000,3584000,3237000,-155000,None,None,None,0,0,0,52000,0,0,3682000,3682000,None,USD,105747000,19374000,None,4393000,25070000,80677000,0,8591000,4000,-69824000,1238000,6737000,47753000,14781000,23832000,None,None,-23000,7005000,50989000,20423000,54566000,28396000,3419000,0,0,15241000,0,0,4000,0,-69824000,0,None,1219000,None,54758000,None,None,1238000,1238000,None,None,None,150520000,105747000,43177000,None,35000000,USD,1500000,914000,-2157000,-2814000,None,-141000,-263000,108000,3682000,7392000,9690000,2672000,16000,0,122000,0,908000,1593000,843000,813000,None,7392000,47.95,41.5
12,2017-06-30,USD,35877000,19409000,13701000,22176000,2707000,2797000,4002000,0,2827000,0,12293000,-60000,2767000,3114000,-120000,None,None,None,0,0,0,30000,0,0,2797000,2797000,None,USD,99583000,19192000,None,3748000,24418000,75165000,0,9584000,4000,-73506000,1374000,6737000,52802000,7389000,23044000,None,None,-49000,6674000,40107000,25636000,49236000,24739000,4231000,0,0,13460000,0,0,4000,0,-73506000,0,None,1237000,None,59476000,None,None,1374000,1374000,None,None,None,148716000,99583000,32128000,None,35000000,USD,-6016000,1630000,-8742000,-2281000,None,103000,-138000,1920000,2797000,-580000,8059000,2354000,16000,0,241000,0,1721000,1680000,445000,-418000,None,-580000,32.6,47.95
13,2017-03-31,USD,32126000,18536000,12993000,19133000,569000,660000,3629000,0,671000,0,11911000,-28000,597000,2996000,-102000,None,None,None,0,0,0,11000,0,0,660000,660000,None,USD,92894000,19119000,None,3135000,22401000,70493000,0,10099000,4000,-76303000,1456000,6737000,51985000,7969000,20945000,None,None,-29000,6635000,34274000,24933000,44637000,19355000,3815000,0,0,10846000,0,0,4000,0,-76303000,0,None,1196000,None,58620000,None,None,1456000,1456000,None,None,None,146821000,92894000,27324000,None,35000000,USD,-2092000,-80000,-5475000,-2991000,None,-1062000,-1207000,407000,660000,-2730000,3807000,3389000,16000,0,145000,0,1303000,1125000,392000,-1303000,None,-2730000,27.2,32.6
14,2016-12-31,USD,28010000,18059000,11243000,16767000,-1274000,-1289000,3107000,0,-1270000,0,12129000,-3000,-1271000,2823000,-25000,None,None,None,0,0,0,19000,209000,0,-1289000,-1289000,None,USD,92583000,18644000,None,3537000,22901000,69682000,200000,8830000,4000,-76963000,1540000,6737000,53286000,10699000,21361000,None,None,-51000,7077000,32220000,26688000,44301000,15473000,2511000,0,0,12531000,0,0,4000,0,-76963000,0,None,1217000,None,60363000,None,None,1540000,1540000,None,None,None,146692000,92583000,26172000,None,34000000,USD,-449000,3020000,-3743000,-2612000,-4000,62000,-26000,3717000,-1289000,3096000,6777000,3370000,15000,0,92000,0,-463000,1465000,682000,196000,None,3096000,23.85,27.2
15,2016-09-30,USD,28162000,17721000,11645000,16517000,-1216000,-1125000,3464000,0,-1114000,0,11621000,-12000,-1204000,2636000,-102000,None,None,None,0,0,0,11000,0,0,-1125000,-1125000,None,USD,89010000,17891000,None,3964000,19541000,69469000,0,8004000,4000,-75674000,1747000,6737000,57851000,7603000,17794000,None,None,124000,6867000,24292000,31930000,44841000,10018000,2707000,0,0,9790000,0,0,4000,0,-75674000,0,None,1293000,None,64718000,None,None,1747000,1747000,None,None,None,145015000,89010000,17621000,None,34000000,USD,-1925000,-771000,-5721000,-3397000,-7000,15000,-85000,-228000,-1125000,-3360000,2346000,2498000,16000,0,107000,0,659000,1391000,399000,337000,None,-3360000,19.44,23.85
16,2016-06-30,USD,26203000,17339000,11212000,14991000,-2346000,-2264000,3024000,0,-2251000,0,11956000,2000,-2348000,2359000,-95000,None,None,None,0,0,0,13000,0,0,-2264000,-2264000,None,USD,89754000,16612000,None,3807000,20673000,69081000,0,7732000,4000,-74549000,1865000,6737000,53562000,10963000,18808000,None,None,220000,7143000,29049000,28977000,45732000,11234000,3045000,0,0,11076000,0,0,4000,0,-74549000,0,None,1236000,None,60705000,None,None,1865000,1865000,None,None,None,143406000,89754000,22197000,None,34000000,USD,769000,1738000,-3481000,-2980000,-10000,63000,-85000,652000,-2264000,-305000,3113000,2961000,16000,0,73000,0,996000,1064000,1270000,-402000,None,-305000,14.46,19.44
17,2016-03-31,USD,23211000,16260000,10530000,12681000,-3624000,-3603000,3043000,0,-3579000,0,11100000,-24000,-3600000,2117000,-24000,None,None,None,0,0,0,24000,0,0,-3603000,-3603000,None,USD,89580000,15399000,None,4440000,19580000,70000000,0,6793000,4000,-72285000,1746000,6737000,54319000,11268000,17834000,None,None,147000,6964000,28297000,30910000,47864000,9947000,2642000,0,0,11041000,0,0,4000,0,-72285000,0,None,1273000,None,61283000,None,None,1746000,1746000,None,None,None,142134000,89580000,21215000,None,33000000,USD,3950000,1991000,-120000,-2179000,-19000,61000,None,None,-3603000,-795000,-736000,871000,16000,0,80000,0,594000,583000,1891000,-594000,None,-795000,12.24,14.46
18,2015-12-31,USD,20399000,89980000,9465000,41074000,-15003000,-3890000,2594000,0,-3849000,0,9950000,None,-3968000,6104000,-795000,None,None,None,0,0,0,41000,-890000,0,-15668000,-15668000,None,USD,90481000,14538000,None,3160000,17784000,72697000,0,6037000,4000,-68682000,879000,6737000,56868000,12063000,16905000,None,None,-153000,6107000,27506000,34417000,51422000,10235000,2048000,0,0,10868000,0,0,4000,0,-68682000,0,None,1176000,None,62975000,None,None,879000,879000,None,None,None,141528000,90481000,22298000,None,21000000,USD,-43940000,2583000,-59367000,0,-15000,72862000,-7191000,2067000,-15668000,6651000,-6844000,None,2604000,0,0,0,-746000,209000,3694000,None,None,None,14.6,12.24
19,2015-09-30,USD,20305000,15351000,9264000,11041000,-4311000,-4760000,2797000,0,-4737000,0,10916000,-1000,-4310000,1638000,426000,None,None,None,0,0,0,23000,0,0,-4760000,-4760000,None,USD,94191000,13838000,None,2571000,17865000,76326000,0,5014000,4000,-64792000,626000,6737000,45358000,11758000,17239000,None,None,-1000,4115000,44718000,23704000,55751000,28151000,2238000,0,0,12225000,0,0,4000,0,-64792000,0,None,1079000,None,49473000,None,None,626000,626000,None,None,None,141115000,94191000,39909000,None,33000000,USD,None,4511000,-63138000,0,None,73258000,None,None,-11778000,None,-3774000,None,0,0,0,0,936000,None,2234000,None,None,None,16.85,14.6
