,fiscalDateEnding,reportedCurrency_x,totalRevenue,totalOperatingExpense,costOfRevenue,grossProfit,ebit,netIncome_x,researchAndDevelopment,effectOfAccountingCharges,incomeBeforeTax,minorityInterest,sellingGeneralAdministrative,otherNonOperatingIncome,operatingIncome,otherOperatingExpense,interestExpense,taxProvision,interestIncome,netInterestIncome,extraordinaryItems,nonRecurring,otherItems,incomeTaxExpense,totalOtherIncomeExpense,discontinuedOperations,netIncomeFromContinuingOperations,netIncomeApplicableToCommonShares,preferredStockAndOtherAdjustments,reportedCurrency_y,totalAssets,intangibleAssets,earningAssets,otherCurrentAssets,totalLiabilities,totalShareholderEquity,deferredLongTermLiabilities,otherCurrentLiabilities,commonStock,retainedEarnings,otherLiabilities,goodwill,otherAssets,cash,totalCurrentLiabilities,shortTermDebt,currentLongTermDebt,otherShareholderEquity,propertyPlantEquipment,totalCurrentAssets,longTermInvestments,netTangibleAssets,shortTermInvestments,netReceivables,longTermDebt,inventory,accountsPayable,totalPermanentEquity,additionalPaidInCapital,commonStockTotalEquity,preferredStockTotalEquity,retainedEarningsTotalEquity,treasuryStock,accumulatedAmortization,otherNonCurrrentAssets,deferredLongTermAssetCharges,totalNonCurrentAssets,capitalLeaseObligations,totalLongTermDebt,otherNonCurrentLiabilities,totalNonCurrentLiabilities,negativeGoodwill,warrants,preferredStockRedeemable,capitalSurplus,liabilitiesAndShareholderEquity,cashAndShortTermInvestments,accumulatedDepreciation,commonStockSharesOutstanding,reportedCurrency,investments,changeInLiabilities,cashflowFromInvestment,otherCashflowFromInvestment,netBorrowings,cashflowFromFinancing,otherCashflowFromFinancing,changeInOperatingActivities,netIncome_y,changeInCash,operatingCashflow,otherOperatingCashflow,depreciation,dividendPayout,stockSaleAndPurchase,changeInInventory,changeInAccountReceivables,changeInNetIncome,capitalExpenditures,changeInReceivables,changeInExchangeRate,changeInCashAndCashEquivalents,clossingVal,nextClossingVal
0,2020-06-30,USD,0,3768000,1306000,-1306000,-3148000,-3983000,217000,None,-3981000,None,2245000,None,-3768000,None,164000,2000,3000,-161000,None,None,None,2000,-52000,None,-3983000,-3983000,None,USD,57625000,909000,None,None,14910000,42715000,None,None,60000,-148301000,814000,None,7633000,4776000,5127000,None,485000,None,37904000,11179000,None,41806000,None,0,8408000,1209000,1883000,None,None,None,None,None,None,None,7923000,None,46446000,1146000,None,None,9783000,None,None,None,None,None,None,None,None,USD,2201000,-1213000,2201000,2877000,250000,250000,None,-110000,-3983000,-1610000,-4061000,None,669000,None,None,1000,0,554000,676000,None,None,None,1.4,
1,2020-03-31,USD,18000,4081000,1454000,-1436000,-3587000,-4427000,242000,None,-4427000,None,2385000,None,-4063000,None,183000,0,22000,-161000,None,None,None,None,-203000,None,-4427000,-4427000,None,USD,62398000,954000,None,9946000,16254000,46144000,None,None,60000,-144318000,802000,None,6602000,6386000,6415000,None,310000,None,36878000,17964000,None,45190000,None,0,8323000,1209000,3117000,None,None,None,None,None,None,None,5932000,None,44434000,1282000,8348000,None,9839000,None,None,None,190402000,None,6386000,None,60000000,USD,3149000,-740000,3149000,4748000,-76000,-76000,None,-1045000,-4427000,-1189000,-4262000,None,657000,None,None,48000,244000,980000,1599000,None,None,None,0.4502,1.4
2,2019-12-31,USD,593000,10873000,4702000,-4109000,-10070000,-11270000,315000,None,-11270000,None,5856000,None,-10280000,None,243000,0,45000,-198000,None,None,None,None,-990000,None,-11270000,-11270000,None,USD,69454000,999000,None,17446000,19865000,49589000,None,1146000,58000,-139891000,790000,None,2782000,7575000,9810000,296000,296000,None,38170000,27503000,None,48590000,None,244000,8404000,1257000,4829000,None,None,None,None,None,None,None,1188000,None,41951000,1413000,8429000,None,10055000,None,None,None,189422000,None,7575000,None,52000000,USD,-1306000,-1940000,-1306000,2500000,-74000,-74000,-1683000,-350000,-11270000,-7966000,-6586000,None,957000,None,29380000,566000,1469000,3961000,3806000,None,None,None,0.7553,0.4502
3,2019-09-30,USD,2361000,13620000,8231000,-5870000,-10079000,-11316000,282000,None,-11316000,None,5107000,None,-11259000,None,142000,0,85000,-57000,None,None,None,None,-57000,None,-11316000,-11316000,None,USD,76920000,1044000,None,None,19955000,56965000,None,None,57000,-128621000,779000,None,3633000,15541000,9683000,277000,277000,None,52289000,19954000,None,55921000,None,1714000,8488000,1823000,5288000,None,None,None,None,None,None,None,4273000,None,56966000,1541000,8515000,None,10272000,None,None,None,185529000,None,15541000,None,57000000,USD,-4969000,310000,-4969000,2500000,-42000,-42000,-1683000,269000,-11316000,-11771000,-6760000,None,1095000,None,29380000,-81000,-700000,3643000,4969000,None,None,None,1.7,0.7553
4,2019-06-30,USD,1483000,11858000,7185000,-5702000,-9160000,-10501000,338000,None,-10501000,None,4335000,None,-10375000,None,203000,0,77000,-126000,None,None,None,None,-126000,None,-10501000,-10501000,None,USD,83729000,1089000,None,None,19114000,64615000,None,None,57000,-117305000,767000,None,3613000,27312000,8652000,272000,272000,None,48380000,30647000,None,63526000,None,1013000,8549000,1742000,5447000,None,None,None,None,None,None,None,4363000,None,53082000,1666000,8577000,None,10462000,None,None,None,181863000,None,27312000,None,51000000,USD,-2725000,1960000,-2725000,-38000,-89000,20228000,-1683000,-1571000,-10501000,11976000,-5527000,None,1138000,None,29380000,-645000,-587000,4615000,2687000,None,None,None,1.67,1.7
5,2019-03-31,USD,437000,9317000,4681000,-4244000,-7926000,-11708000,620000,None,-11706000,None,4521000,None,-8880000,None,2889000,2000,-2826000,-2826000,None,None,None,2000,-2826000,None,-11708000,-11708000,None,USD,69189000,1133000,None,None,18911000,50278000,None,None,45000,-106804000,756000,None,1803000,15336000,8263000,274000,274000,None,48118000,18135000,None,49145000,None,426000,8610000,1216000,3035000,None,None,None,None,None,None,None,3332000,None,51054000,1787000,8640000,None,10648000,None,None,None,157037000,None,15336000,None,44000000,USD,-1574000,493000,-1574000,38000,-6741000,2322000,-1683000,-1526000,-11708000,-5556000,-6304000,None,843000,None,9063000,-332000,299000,5582000,1612000,None,None,None,3.07,1.67
6,2018-12-31,USD,1071000,11781000,6272000,-5201000,-10710000,-13532000,857000,0,-13532000,0,4652000,None,-10710000,0,-1222000,None,None,None,0,0,0,2000,-2822000,0,-13532000,-13532000,None,USD,71371000,1271000,None,None,21281000,50090000,None,2726000,39000,-95096000,772000,None,2470000,20892000,11799000,4370000,4370000,None,44878000,22752000,None,48819000,None,725000,8569000,765000,2088000,None,None,None,None,None,None,None,None,None,None,None,8600000,None,None,None,None,None,145147000,None,20892000,None,34000000,USD,None,-11000,-862000,-226000,-89000,-90000,None,3126000,-13532000,-7880000,-6928000,None,918000,None,28753000,324000,136000,1238000,636000,None,None,None,1.82,3.07
7,2018-09-30,USD,1169000,9594000,6453000,-5284000,-8425000,-9263000,967000,0,-9263000,0,2174000,None,-8425000,0,-919000,None,None,None,0,0,0,0,-838000,0,-9263000,-9263000,None,USD,80347000,1318000,None,322000,17495000,62852000,0,203000,39000,-81564000,1377000,0,2244000,28772000,7449000,3320000,3320000,None,45741000,31044000,None,61534000,0,861000,8636000,1089000,1874000,0,0,0,0,0,0,None,None,None,None,None,None,None,None,None,None,None,None,None,None,None,39000000,USD,None,372000,-676000,-10000,-103000,-103000,None,55000,-9263000,-7987000,-7208000,None,847000,0,11556000,109000,-501000,596000,666000,None,None,None,2.58,1.82
8,2018-06-30,USD,483000,8816000,4600000,-4117000,-8333000,-9927000,1203000,0,-9927000,0,3013000,None,-8333000,0,-719000,None,None,None,0,0,0,-2000,-1594000,0,-9927000,-9927000,None,USD,88006000,1366000,None,218000,16252000,71754000,0,200000,39000,-72301000,1393000,0,2234000,36759000,6159000,2633000,2633000,None,45822000,38584000,None,70388000,0,360000,8700000,1247000,1692000,0,0,0,0,0,0,None,None,None,None,None,None,None,None,None,None,None,None,None,None,None,30000000,USD,None,-33000,-1054000,-10000,-107000,26540000,None,935000,-9927000,19262000,-6224000,None,846000,0,10630000,-405000,966000,1011000,1054000,None,None,None,2.88,2.58
9,2018-03-31,USD,1726000,8686000,5436000,-3710000,-6960000,-7532000,1475000,0,-7530000,0,1775000,None,-6960000,0,-587000,None,None,None,0,0,0,2000,-570000,0,-7532000,-7532000,None,USD,69956000,1414000,None,638000,16272000,53684000,0,196000,29000,-62374000,1434000,0,2234000,17497000,4333000,382000,382000,None,45913000,20395000,None,52270000,0,1327000,10505000,933000,2084000,0,0,0,0,0,0,None,None,None,None,None,None,None,None,None,None,None,None,None,None,None,28000000,USD,None,144000,-1337000,-10000,-108000,1999000,None,169000,-7532000,-5296000,-5958000,None,836000,0,10654000,267000,-444000,346000,1337000,None,None,None,2.59,2.88
10,2017-12-31,USD,896000,36580000,6615000,-7453000,-19760000,-20889000,1565000,0,-20888000,0,6891000,None,-16947000,0,511000,None,None,None,0,2411000,0,1000,-3941000,0,-30703000,-30703000,None,USD,74442000,1461000,None,770000,15477000,58965000,0,1993000,27000,-54842000,1472000,0,3025000,22793000,3834000,277000,277000,None,45733000,25684000,None,57504000,0,882000,10171000,1239000,1436000,0,0,0,0,0,0,None,None,None,None,None,None,None,None,None,None,None,None,None,None,None,20000000,USD,None,1850000,-9775000,-345000,-337000,24988000,None,983000,-26580000,-3789000,-19002000,None,3102000,0,32862000,-1636000,-882000,4642000,8819000,None,None,None,2.13,2.59
11,2017-09-30,USD,589000,-18204000,5016000,0,-10643000,-4934000,1367000,0,-4932000,0,0,None,-4853000,0,454000,None,None,None,0,4822000,0,2000,-79000,0,-2194000,-2194000,None,USD,68205000,1327000,None,856000,16467000,51738000,0,2233000,20000,-28262000,1512000,0,2546000,17523000,5033000,420000,420000,None,45485000,27370000,None,50411000,0,577000,9922000,1218000,2380000,0,0,0,0,0,0,None,None,None,None,None,None,None,None,None,None,None,None,None,None,None,20000000,USD,None,1925000,-12935000,0,-84000,11321000,None,1172000,-8622000,-4586000,-5802000,None,0,0,9167000,0,0,283000,6618000,None,None,None,6.85,2.13
12,2017-06-30,USD,603000,6159000,5388000,0,12460000,1417000,2184000,0,1415000,0,0,None,1531000,0,408000,None,None,None,0,-7233000,0,-3000,-116000,0,11211000,11211000,None,USD,71933000,1324000,None,1233000,14956000,56977000,0,761000,20000,-28262000,1550000,0,2543000,22109000,3580000,10148000,10148000,None,44425000,27370000,None,55653000,0,593000,9826000,1030000,2497000,0,0,0,0,0,0,None,None,None,None,None,None,None,None,None,None,None,None,None,None,None,20000000,USD,None,1335000,-8259000,0,-74000,10479000,None,16000,-2931000,-8004000,-3287000,None,0,0,9114000,0,0,2869000,5558000,None,None,None,12.55,6.85
13,2017-03-31,USD,0,0,3814000,0,-4504000,-2174000,2987000,0,-2173000,0,0,None,-2178000,0,388000,None,None,None,0,2411000,0,2000,5000,0,-4894000,-4894000,None,USD,78457000,1144000,None,1030000,15546000,62911000,0,1334000,20000,-28262000,1587000,0,2819000,30113000,4288000,314000,314000,None,43622000,27370000,None,61767000,576000,None,9671000,297000,2640000,0,0,0,0,0,0,None,None,None,None,None,None,None,None,None,None,None,None,None,None,None,19000000,USD,None,254000,-3293000,0,-77000,10577000,None,-344000,-2174000,4655000,-1600000,None,0,0,0,0,0,307000,2232000,None,None,None,19.54,12.55
14,2016-12-31,USD,0,12958000,0,0,-18098000,-14404000,6348000,0,-14403000,0,4114000,None,-14460000,0,373000,None,None,None,0,0,0,1000,57000,0,-18833000,-18833000,None,USD,71529000,1137000,None,729000,14539000,56990000,0,2152000,18000,-28262000,963000,0,2767000,25458000,4031000,307000,307000,None,41392000,27370000,None,55853000,1124000,None,9545000,59000,1572000,0,0,0,0,0,0,None,None,None,None,None,None,None,None,None,None,None,None,None,None,None,15000000,USD,None,388000,-29606000,-250000,4792000,35501000,None,199000,-13557000,-5226000,-11121000,None,815000,0,32862000,-59000,-882000,1541000,26512000,None,None,None,13.11,19.54
15,2016-09-30,USD,0,0,0,0,7958000,3778000,0,0,3778000,0,3083000,None,4327000,0,356000,None,None,None,0,2411000,0,0,-549000,0,8207000,8207000,None,USD,55271000,1137000,None,140000,15050000,40221000,0,908000,16000,-14705000,1008000,0,2907000,15408000,4726000,222000,222000,None,36056000,31955000,None,39084000,760000,None,9316000,0,3596000,0,0,0,0,0,0,None,None,None,None,None,None,None,None,None,None,None,None,None,None,None,16000000,USD,None,1030000,-5446000,0,-4000,14004000,None,-141000,-2084000,-7142000,-2672000,None,0,0,32862000,342000,0,366000,20940000,None,None,None,8.86,13.11
16,2016-06-30,USD,0,0,0,0,-2818000,-2931000,0,0,-2931000,0,2676000,None,-2825000,0,264000,None,None,None,0,0,0,-1000,-106000,0,-2931000,-2931000,None,USD,57128000,1097000,None,91000,13668000,43460000,0,1042000,15000,-19810000,1054000,0,2920000,22550000,3309000,159000,159000,None,28100000,26108000,None,42363000,3467000,None,9305000,0,2108000,0,0,0,0,0,0,None,None,None,None,None,None,None,None,None,None,None,None,None,None,None,15000000,USD,None,532000,-1211000,0,4845000,13955000,None,72000,-2931000,7306000,-1695000,None,0,0,0,138000,0,644000,13724000,None,None,None,11.765,8.86
17,2016-03-31,USD,0,0,0,0,0,0,0,0,0,0,2070000,None,0,0,154000,None,None,None,0,0,0,1000,0,0,0,0,None,USD,47190000,1062000,None,127000,15475000,31715000,0,1303000,14000,0,1097000,0,8905000,15244000,5125000,None,None,None,15021000,0,None,None,7893000,None,9253000,0,3703000,0,0,0,0,0,0,None,None,None,None,None,None,None,None,None,None,None,None,None,None,None,14000000,USD,None,173000,0,0,None,0,None,None,0,None,0,None,0,0,0,0,0,None,3274000,None,None,None,6.65,11.765
18,2015-12-31,USD,0,5451000,0,0,-5451000,-12332000,543000,0,-12329000,0,2317000,None,-5451000,0,100000,None,None,None,0,2411000,0,3000,-6878000,0,-12332000,-12332000,None,USD,47276000,1065000,None,147000,13611000,33665000,0,81000,14000,-14705000,1071000,0,6513000,20141000,3318000,45000,45000,None,8808000,31955000,None,32600000,11667000,None,9222000,0,3192000,0,0,0,0,0,0,None,None,None,None,None,None,None,None,None,None,None,None,None,None,None,8000000,USD,None,3220000,-25044000,-13261000,9262000,42123000,-3348000,137000,-12332000,15604000,-1476000,None,199000,0,0,-59000,-882000,6454000,7783000,None,None,None,5.33,6.65
19,2015-09-30,USD,0,0,0,0,0,0,0,0,0,0,1266000,None,0,0,492000,None,None,None,0,0,0,0,0,0,0,0,None,USD,36575000,955000,None,367000,832000,35743000,0,69000,14000,0,75000,0,4600000,29281000,757000,None,None,None,1985000,0,None,None,0,None,0,342000,688000,0,0,0,0,0,0,None,None,None,None,None,None,None,None,None,None,None,None,None,None,None,11000000,USD,None,705000,0,0,None,32862000,None,None,0,None,0,None,0,0,0,0,0,None,1793000,None,None,None,5.07,5.33
