,fiscalDateEnding,reportedCurrency_x,totalRevenue,totalOperatingExpense,costOfRevenue,grossProfit,ebit,netIncome_x,researchAndDevelopment,effectOfAccountingCharges,incomeBeforeTax,minorityInterest,sellingGeneralAdministrative,otherNonOperatingIncome,operatingIncome,otherOperatingExpense,interestExpense,taxProvision,interestIncome,netInterestIncome,extraordinaryItems,nonRecurring,otherItems,incomeTaxExpense,totalOtherIncomeExpense,discontinuedOperations,netIncomeFromContinuingOperations,netIncomeApplicableToCommonShares,preferredStockAndOtherAdjustments,reportedCurrency_y,totalAssets,intangibleAssets,earningAssets,otherCurrentAssets,totalLiabilities,totalShareholderEquity,deferredLongTermLiabilities,otherCurrentLiabilities,commonStock,retainedEarnings,otherLiabilities,goodwill,otherAssets,cash,totalCurrentLiabilities,shortTermDebt,currentLongTermDebt,otherShareholderEquity,propertyPlantEquipment,totalCurrentAssets,longTermInvestments,netTangibleAssets,shortTermInvestments,netReceivables,longTermDebt,inventory,accountsPayable,totalPermanentEquity,additionalPaidInCapital,commonStockTotalEquity,preferredStockTotalEquity,retainedEarningsTotalEquity,treasuryStock,accumulatedAmortization,otherNonCurrrentAssets,deferredLongTermAssetCharges,totalNonCurrentAssets,capitalLeaseObligations,totalLongTermDebt,otherNonCurrentLiabilities,totalNonCurrentLiabilities,negativeGoodwill,warrants,preferredStockRedeemable,capitalSurplus,liabilitiesAndShareholderEquity,cashAndShortTermInvestments,accumulatedDepreciation,commonStockSharesOutstanding,reportedCurrency,investments,changeInLiabilities,cashflowFromInvestment,otherCashflowFromInvestment,netBorrowings,cashflowFromFinancing,otherCashflowFromFinancing,changeInOperatingActivities,netIncome_y,changeInCash,operatingCashflow,otherOperatingCashflow,depreciation,dividendPayout,stockSaleAndPurchase,changeInInventory,changeInAccountReceivables,changeInNetIncome,capitalExpenditures,changeInReceivables,changeInExchangeRate,changeInCashAndCashEquivalents,clossingVal,nextClossingVal
0,2020-06-30,USD,627370000,606945000,577058000,627370000,24112000,15880000,None,None,20734000,None,None,3687000,20425000,606945000,3378000,4854000,991000,-2387000,None,None,None,4854000,2696000,None,15880000,15880000,None,USD,1870760000,56915000,None,38087000,1030420000,775091000,60393000,19769000,290000,546689000,115018000,88320000,81607000,406290000,439652000,59050000,59050000,-109830000,660806000,902043000,None,695105000,167719000,289947000,473850000,None,360833000,None,None,290000,None,546689000,None,None,155169000,None,7507000,85018000,473850000,56525000,590768000,None,None,None,337942000,1870760000,574009000,-974464000,None,USD,10995000,6031000,1349000,-175000,-3103000,-6162000,-1010000,3489000,15880000,54125000,58938000,3489000,29086000,-2049000,0,None,None,-1300000,9471000,5752000,None,54125000,26.51,
1,2020-03-31,USD,701399000,693580000,662760000,701399000,5332000,1902000,None,None,2385000,None,450882000,-2487000,7819000,693580000,2947000,483000,1375000,-1572000,None,None,None,483000,-3862000,None,1902000,1902000,None,USD,1834356000,57873000,None,44497000,1018434000,759206000,63167000,20542000,288000,532858000,116736000,88320000,81848000,352165000,422853000,56977000,56977000,-110004000,663460000,869531000,None,669729000,178810000,294059000,476945000,None,345334000,None,None,288000,None,532858000,-107740000,None,147027000,None,8145000,77258000,476945000,55469000,595581000,None,None,None,336064000,1834356000,530975000,-961950000,26000000,USD,-61763000,-12451000,-67151000,1350000,199533000,194278000,-60000,2083000,1902000,150256000,23129000,2083000,29013000,-2033000,-3162000,None,None,-1292000,6738000,3874000,None,150256000,17.52,26.51
2,2019-12-31,USD,717418000,728647000,672604000,717418000,-9153000,-5549000,None,None,-12027000,None,459886000,2076000,-11229000,728647000,2874000,-6478000,1591000,-1283000,None,None,None,-6478000,-26029000,None,-5549000,-5549000,None,USD,1651207000,58832000,None,44561000,835887000,763043000,66210000,20265000,288000,533187000,124796000,88320000,87591000,201909000,444277000,57305000,57305000,-104375000,683592000,664402000,None,668168000,116579000,301353000,266214000,None,366707000,None,None,288000,None,533187000,-104578000,None,148336000,None,7725000,72542000,266214000,59186000,391610000,None,None,None,333943000,1651207000,318488000,-949355000,26000000,USD,7717000,-16150000,-7699000,5766000,-1459000,-6581000,-85000,-1567000,-5549000,18071000,32351000,-1567000,29134000,-2042000,-2995000,None,9504000,16979000,21182000,9504000,None,18071000,27.6,17.52
3,2019-09-30,USD,787563000,756355000,723396000,787563000,26242000,16270000,4664000,None,23342000,None,146578000,-4966000,31208000,756355000,2900000,7072000,1768000,-1132000,None,None,None,7072000,-6734000,None,16270000,16270000,None,USD,1670632000,65583000,None,38836000,854224000,763626000,70066000,18492000,288000,540778000,139442000,108320000,91251000,183838000,465725000,50197000,50197000,-109213000,680074000,657988000,12000,642505000,124257000,311057000,248223000,None,397036000,None,None,288000,None,540778000,-101583000,None,152539000,None,6128000,71274000,248223000,70210000,388499000,None,None,None,331773000,1670632000,308095000,-948205000,26000000,USD,-7022000,-10546000,-36901000,-2015000,-15523000,-18534000,-24000,1841000,16270000,2107000,57542000,1841000,29361000,-2043000,-944000,None,2435000,18181000,27864000,2435000,None,2107000,30.45,27.6
4,2019-06-30,USD,771490000,736290000,705303000,771490000,36371000,24376000,4664000,None,33560000,None,141977000,1171000,35200000,736290000,2811000,9184000,1616000,-1195000,None,None,None,9184000,-445000,None,24376000,24376000,None,USD,1633927000,66700000,None,38765000,836728000,743159000,61111000,18273000,288000,526551000,129705000,108320000,86698000,181731000,471474000,47205000,47205000,-113068000,651949000,651450000,52000,622179000,117657000,313297000,235001000,None,405996000,None,None,288000,None,526551000,-100639000,None,149212000,None,6296000,72313000,235001000,69142000,365254000,None,None,None,329388000,1633927000,299388000,-947264000,26000000,USD,-1203000,31249000,-27689000,-120000,-7089000,-12821000,-1174000,-4937000,24376000,43332000,83842000,-4937000,27434000,-2050000,-2508000,None,-2150000,7870000,26366000,-2150000,None,43332000,28.11,30.45
5,2019-03-31,USD,711839000,703248000,167292000,711839000,9478000,4888000,4664000,None,6596000,None,445390000,887000,8591000,703248000,2882000,1708000,-1404000,-1404000,None,None,None,1708000,-591000,None,4888000,4888000,None,USD,1559657000,67820000,None,40140000,783458000,721755000,55873000,17678000,287000,504225000,123974000,108320000,85262000,138399000,431835000,48809000,48809000,-110519000,622976000,606542000,351000,600059000,116225000,311778000,227649000,None,365348000,None,None,287000,None,504225000,-98131000,None,147094000,None,6905000,72122000,227649000,68101000,351623000,None,None,None,327762000,1559657000,254624000,-932945000,27000000,USD,-8792000,-40312000,-25952000,-1617000,-17741000,-22464000,-8000,-1314000,4888000,-51787000,-3371000,-1314000,26537000,-2052000,-2663000,None,3931000,2899000,15543000,3931000,None,-51787000,30.79,28.11
6,2018-12-31,USD,774279000,737117000,715526000,774279000,23596000,15299000,4664000,0,20670000,0,8832000,-13566000,37162000,737117000,2926000,None,None,None,311000,0,0,5371000,560000,0,15299000,15299000,None,USD,1539231000,68949000,None,36037000,821549000,717682000,56441000,1688000,287000,501389000,131831000,108320000,80747000,190186000,451318000,54075000,54075000,-109706000,631188000,649226000,801000,540413000,106806000,316197000,238400000,None,397243000,None,None,287000,None,501389000,-95468000,None,74080000,None,7468000,None,237600000,76190000,370231000,None,None,None,325712000,1539231000,296992000,-913815000,27000000,USD,-30554000,7205000,-36644000,-1347000,-19056000,-32374000,-2047000,-3658000,15299000,12750000,81768000,-3658000,26936000,-2068000,-9203000,None,23733000,12253000,4743000,23733000,None,12750000,34.26,30.79
7,2018-09-30,USD,826158000,770103000,731248000,826158000,56461000,40776000,0,0,53991000,0,9448000,406000,56055000,770103000,2470000,None,None,None,0,0,0,13215000,676000,0,40776000,40776000,None,USD,1517682000,70075000,None,37055000,812591000,705091000,53741000,5410000,285000,488158000,121727000,108320000,79006000,177436000,454894000,54556000,54556000,-108885000,626946000,631574000,1761000,526696000,75879000,341204000,235970000,0,400338000,0,0,285000,0,488158000,-86265000,None,74800000,None,5967000,None,235970000,67986000,357697000,None,None,None,325533000,1517682000,253315000,-904180000,27000000,USD,-7884000,8046000,-18261000,4109000,-15562000,-17625000,-3000,-23402000,40776000,18129000,54015000,-23402000,28026000,-2060000,0,0,-16006000,16575000,14486000,-16006000,None,18129000,48.55,34.26
8,2018-06-30,USD,793350000,790194000,711760000,793350000,2747000,1233000,0,0,734000,0,7979000,-409000,3156000,790194000,2013000,None,None,None,0,0,0,-499000,-40418000,0,1233000,1233000,None,USD,1432296000,71206000,None,34086000,763781000,668515000,41099000,8203000,285000,449442000,115724000,108320000,69952000,159307000,449987000,51562000,51562000,-104107000,591217000,590066000,1535000,488989000,68013000,328660000,198070000,0,398425000,0,0,285000,0,449442000,-86265000,None,65261000,None,6226000,None,198070000,74625000,313794000,None,None,None,322895000,1432296000,227320000,-896738000,27000000,USD,-13194000,43487000,-33589000,-2809000,-17452000,-19545000,-35000,42188000,1233000,34655000,87789000,42188000,27187000,-2058000,0,0,-21021000,-5285000,17586000,-21021000,None,34655000,45.7,48.55
9,2018-03-31,USD,700001000,687276000,631159000,700001000,11050000,9954000,0,0,8991000,0,7979000,-1675000,12725000,687276000,2059000,None,None,None,0,0,0,-963000,-4110000,0,9954000,9954000,None,USD,1358083000,72336000,None,44187000,692609000,665474000,48244000,9404000,285000,450267000,97548000,108320000,69929000,124652000,398636000,56057000,56057000,-106343000,574163000,532136000,1199000,484818000,54669000,308628000,196425000,0,342579000,0,0,285000,0,450267000,-86265000,None,65033000,None,6095000,None,196425000,49304000,293973000,None,None,None,321265000,1358083000,179321000,-884959000,27000000,USD,1835000,5451000,-6456000,-1114000,-19130000,-21439000,-50000,145000,9954000,3880000,31775000,145000,26486000,-2058000,-201000,0,-10260000,-1000,7177000,-10260000,None,3880000,32.05,45.7
10,2017-12-31,USD,710721000,694041000,665419000,710721000,17952000,36568000,0,0,16020000,0,30761000,1272000,16680000,694041000,1932000,None,None,None,0,0,0,-20548000,-7257000,0,36568000,36568000,None,USD,1365641000,73469000,None,46611000,714179000,651462000,49157000,211237000,285000,438379000,55443000,108320000,252128000,120772000,402590000,61930000,61930000,-106638000,591164000,522349000,481000,469673000,56401000,298565000,206989000,0,340660000,0,0,285000,0,438379000,-86064000,None,64374000,None,5965000,None,206989000,55443000,311589000,None,None,None,319436000,1365641000,177173000,-865010000,26000000,USD,3167000,-14846000,-20158000,-1921000,-19431000,-21678000,-190000,-4295000,36568000,11738000,53574000,-296000,26247000,-2057000,0,0,-19588000,-10101000,21404000,16002000,None,11738000,35.75,32.05
11,2017-09-30,USD,744280000,719931000,690590000,744280000,25774000,14788000,0,0,24068000,0,0,1425000,24349000,719931000,1706000,None,None,None,0,0,0,9280000,0,0,14788000,14788000,None,USD,1344432000,77103000,None,35663000,730867000,613565000,60632000,202408000,285000,403868000,56753000,108981000,255747000,109034000,413301000,62837000,62837000,-108265000,569658000,519027000,None,427481000,57052000,317278000,200181000,0,350464000,0,0,285000,0,403868000,-86064000,None,66916000,None,2747000,None,200181000,56753000,317566000,None,None,None,317677000,1344432000,166086000,-850054000,26000000,USD,-3136000,13630000,-22458000,-2068000,-13231000,-18092000,-390000,1650000,14788000,6465000,47015000,1650000,26218000,-2063000,-2408000,0,0,5228000,17254000,-14499000,None,6465000,33.45,35.75
12,2017-06-30,USD,720368000,695634000,669004000,720368000,25524000,15777000,0,0,24135000,0,0,790000,24734000,695634000,1389000,None,None,None,0,0,0,8358000,0,0,15777000,15777000,None,USD,1312261000,78237000,None,43059000,710181000,602080000,58225000,200052000,285000,391143000,52213000,108981000,255329000,102569000,405013000,62588000,257660000,-105682000,555248000,501684000,None,414862000,54148000,301908000,194730000,0,342425000,0,0,285000,0,391143000,-83656000,None,65389000,None,2722000,None,194730000,52213000,305168000,None,None,None,316334000,1312261000,156717000,-841245000,26000000,USD,2940000,19825000,-12734000,-824000,-9423000,-17477000,-2365000,2882000,15777000,19354000,49565000,2882000,25209000,-2078000,-3611000,0,0,10308000,14850000,-24436000,None,19354000,20.6,33.45
13,2017-03-31,USD,651088000,663341000,634565000,651088000,-11332000,-7407000,0,0,-12647000,0,0,921000,-12253000,663341000,1315000,None,None,None,0,0,0,-5240000,0,0,-7407000,-7407000,None,USD,1244483000,79371000,None,46246000,652807000,591676000,50773000,190829000,282000,377444000,53385000,108981000,256796000,83215000,381574000,59995000,59995000,-102852000,523624000,464063000,None,403324000,56984000,277618000,167075000,0,321579000,0,0,282000,0,377444000,-80045000,None,65380000,None,3064000,None,167075000,53385000,271233000,None,None,None,316802000,1244483000,140199000,-838147000,26000000,USD,-98000,-10360000,-13119000,-748000,-18278000,-20669000,-325000,-9736000,-7407000,-32027000,1761000,-8531000,25394000,-2066000,0,0,3345000,-680000,12273000,3345000,None,-32027000,26.0,20.6
14,2016-12-31,USD,688214000,687003000,650818000,688214000,2472000,1584000,0,0,1096000,0,29178000,1261000,1211000,687003000,1376000,None,None,None,0,0,0,-488000,-9829000,0,1584000,1584000,None,USD,1309992000,80507000,None,36333000,711095000,598897000,91459000,190024000,282000,387161000,52638000,108875000,255477000,115242000,387468000,64143000,64143000,-103462000,532526000,521989000,100000,409515000,56838000,313576000,179530000,0,323325000,0,0,282000,0,387161000,-80045000,None,66095000,None,788003000,None,179530000,52638000,323627000,None,None,None,314916000,1309992000,172080000,-819174000,26000000,USD,5280000,183000,-18496000,-1279000,-15965000,-19950000,-937000,-5748000,1584000,-16115000,22331000,-3201000,26361000,-2069000,-1916000,0,-23809000,4068000,22497000,-6664000,None,-16115000,27.65,26.0
15,2016-09-30,USD,713923000,693553000,667216000,713923000,21851000,12940000,0,0,20555000,0,0,1481000,20914000,693553000,1296000,None,None,None,0,0,0,7615000,0,0,12940000,12940000,None,USD,1320868000,82068000,None,37831000,725715000,595153000,92629000,187822000,281000,359207000,57679000,110487000,258055000,130395000,399044000,61251000,61251000,-106568000,529939000,532874000,None,402598000,60308000,304340000,176363000,0,337793000,0,0,281000,0,387646000,-78129000,None,65500000,None,787994000,None,176363000,57679000,326671000,None,None,None,313794000,1320868000,190703000,-822623000,26000000,USD,4537000,6598000,-41673000,-26518000,-10670000,-15645000,-1000,8390000,12940000,-21418000,35477000,1545000,25793000,-2074000,-2478000,0,0,3692000,19692000,-15091000,None,-21841000,19.02,27.65
16,2016-06-30,USD,676627000,659973000,636422000,676627000,17612000,10231000,0,0,16381000,0,0,958000,16654000,659973000,1231000,None,None,None,0,0,0,6150000,0,0,10231000,10231000,None,USD,1283174000,75300000,None,47164000,700683000,582491000,87773000,184141000,281000,345937000,57896000,96572000,227922000,152236000,384970000,55406000,55406000,-30843000,507373000,547879000,None,410619000,65042000,283437000,170044000,0,329564000,0,0,281000,0,376780000,-75651000,None,56050000,None,735295000,None,170044000,57896000,315713000,None,None,None,311924000,1283174000,217278000,-812287000,26000000,USD,5635000,5294000,-5508000,1582000,-12732000,-17332000,423000,8809000,10231000,17447000,40288000,2860000,25748000,-2087000,-2514000,0,0,9539000,12725000,-13384000,None,17448000,16.25,19.02
17,2016-03-31,USD,621455000,630720000,605741000,621455000,-8498000,-6103000,0,0,-9745000,0,0,767000,-9265000,630720000,1247000,None,None,None,0,0,0,-3642000,0,0,-6103000,-6103000,None,USD,1245231000,76300000,None,57819000,667980000,577251000,79256000,176918000,280000,368636000,68809000,96577000,228865000,136173000,362430000,45905000,None,-29727000,482606000,533760000,None,404374000,69608000,270160000,157485000,0,316525000,0,0,280000,0,368636000,-73137000,None,55988000,None,711471000,None,157485000,68809000,305550000,None,None,None,311199000,1245231000,205781000,-802620000,26000000,USD,-7905000,-17095000,-21495000,-233000,-16161000,-20852000,-1000,None,-6103000,-30185000,12162000,-6952000,25151000,-2088000,-2602000,0,9569000,7592000,13357000,9569000,None,-30185000,21.59,16.25
18,2015-12-31,USD,648134000,640822000,614952000,648134000,8083000,4988000,0,0,6867000,0,28591000,771000,7312000,640822000,1217000,None,None,None,0,0,0,1879000,-4268000,0,4988000,4988000,None,USD,1262909000,76787000,None,42871000,674181000,588728000,78055000,188727000,279000,349331000,63930000,96465000,227779000,164973000,364597000,44910000,44910000,-27496000,483047000,552083000,None,415476000,62981000,281258000,167599000,0,319687000,0,0,279000,0,376827000,-70535000,None,54527000,None,710826000,None,167599000,63930000,309584000,None,None,None,309653000,1262909000,227954000,-788351000,27000000,USD,7989000,-47311000,-41199000,-24407000,-7064000,-11919000,3000,1452000,4988000,-26673000,26445000,-1406000,24821000,-2097000,-2761000,0,4242000,26439000,24781000,19123000,None,-26673000,21.39,21.59
19,2015-09-30,USD,709380000,675942000,653135000,709380000,33203000,19154000,0,0,32046000,0,0,-235000,32872000,675942000,1156000,None,None,None,0,0,0,12892000,-368000,0,19154000,19154000,None,USD,1244286000,70410000,None,26758000,657491000,586795000,56268000,193997000,279000,346351000,62733000,81278000,204865000,191646000,381937000,35050000,None,-27585000,458939000,580482000,None,435107000,70954000,291124000,156553000,0,346887000,0,0,279000,0,373936000,-67774000,None,53177000,None,663804000,None,156553000,62733000,275554000,None,None,None,307939000,1244286000,262600000,-790536000,27000000,USD,-15708000,2679000,-35798000,-651000,-3880000,-9480000,None,None,19154000,-370000,44908000,782000,23373000,-1578000,-4022000,0,0,-2759000,19439000,1679000,None,-370000,25.77,21.39
