,fiscalDateEnding,reportedCurrency_x,totalRevenue,totalOperatingExpense,costOfRevenue,grossProfit,ebit,netIncome_x,researchAndDevelopment,effectOfAccountingCharges,incomeBeforeTax,minorityInterest,sellingGeneralAdministrative,otherNonOperatingIncome,operatingIncome,otherOperatingExpense,interestExpense,taxProvision,interestIncome,netInterestIncome,extraordinaryItems,nonRecurring,otherItems,incomeTaxExpense,totalOtherIncomeExpense,discontinuedOperations,netIncomeFromContinuingOperations,netIncomeApplicableToCommonShares,preferredStockAndOtherAdjustments,reportedCurrency_y,totalAssets,intangibleAssets,earningAssets,otherCurrentAssets,totalLiabilities,totalShareholderEquity,deferredLongTermLiabilities,otherCurrentLiabilities,commonStock,retainedEarnings,otherLiabilities,goodwill,otherAssets,cash,totalCurrentLiabilities,shortTermDebt,currentLongTermDebt,otherShareholderEquity,propertyPlantEquipment,totalCurrentAssets,longTermInvestments,netTangibleAssets,shortTermInvestments,netReceivables,longTermDebt,inventory,accountsPayable,totalPermanentEquity,additionalPaidInCapital,commonStockTotalEquity,preferredStockTotalEquity,retainedEarningsTotalEquity,treasuryStock,accumulatedAmortization,otherNonCurrrentAssets,deferredLongTermAssetCharges,totalNonCurrentAssets,capitalLeaseObligations,totalLongTermDebt,otherNonCurrentLiabilities,totalNonCurrentLiabilities,negativeGoodwill,warrants,preferredStockRedeemable,capitalSurplus,liabilitiesAndShareholderEquity,cashAndShortTermInvestments,accumulatedDepreciation,commonStockSharesOutstanding,reportedCurrency,investments,changeInLiabilities,cashflowFromInvestment,otherCashflowFromInvestment,netBorrowings,cashflowFromFinancing,otherCashflowFromFinancing,changeInOperatingActivities,netIncome_y,changeInCash,operatingCashflow,otherOperatingCashflow,depreciation,dividendPayout,stockSaleAndPurchase,changeInInventory,changeInAccountReceivables,changeInNetIncome,capitalExpenditures,changeInReceivables,changeInExchangeRate,changeInCashAndCashEquivalents,clossingVal,nextClossingVal
0,2020-06-30,USD,333000000,None,None,None,None,277000000,None,None,282000000,None,51000000,None,None,None,76000000,5000000,287000000,211000000,None,None,None,5000000,None,None,277000000,277000000,None,USD,14517000000,None,None,None,7826000000,6691000000,None,None,None,-969000000,23000000,None,101000000,278000000,None,None,None,None,90000000,None,13842000000,6691000000,None,None,None,None,198000000,None,None,None,None,None,None,None,None,None,None,None,None,None,None,None,None,None,None,None,None,None,None,USD,None,-2000000,None,None,-791000000,None,-4000000,-683000000,277000000,-814000000,150000000,None,None,-169000000,0,None,None,543000000,0,None,None,None,14.45,
1,2020-03-31,USD,-556000000,53000000,123000000,246000000,None,-612000000,None,None,-609000000,None,53000000,None,237000000,None,82000000,3000000,298000000,216000000,None,None,None,3000000,None,None,-612000000,-612000000,None,USD,15806000000,None,None,None,9223000000,6583000000,None,None,None,-1077000000,655000000,None,93000000,460000000,None,None,None,None,94000000,None,14370000000,6583000000,None,134000000,8179000000,None,171000000,None,None,None,None,None,None,None,None,None,None,None,8179000000,None,None,None,None,None,7660000000,None,460000000,None,430000000,USD,None,-8000000,None,None,1218000000,924000000,-22000000,569000000,-612000000,939000000,15000000,None,None,-172000000,-100000000,None,None,53000000,0,None,None,None,10.78,14.45
2,2019-12-31,USD,256000000,57000000,184000000,202000000,272000000,196000000,None,None,199000000,None,57000000,None,193000000,None,79000000,3000000,296000000,217000000,None,None,None,3000000,-65000000,None,196000000,204000000,None,USD,14905000000,None,None,None,7438000000,7467000000,None,2000000,None,-293000000,None,None,78000000,176000000,368000000,None,None,None,94000000,307000000,14426000000,7467000000,None,131000000,6971000000,None,186000000,None,None,None,None,None,None,None,None,None,None,None,6971000000,None,None,None,None,None,7760000000,None,176000000,None,427000000,USD,None,-72000000,None,None,360000000,1090000000,-1000000,31000000,196000000,-77000000,-326000000,None,None,-174000000,64000000,None,4000000,-500000000,0,None,None,None,18.65,10.78
3,2019-09-30,USD,222000000,50000000,169000000,218000000,293000000,167000000,None,None,172000000,None,60000000,None,217000000,None,76000000,5000000,299000000,223000000,None,None,None,5000000,-113000000,None,167000000,175000000,None,USD,14458000000,None,None,None,7085000000,7373000000,None,None,None,179000000,None,None,89000000,253000000,363000000,None,None,None,99000000,378000000,13892000000,7373000000,None,125000000,6598000000,None,213000000,None,None,None,None,None,None,None,None,None,None,None,6598000000,None,None,None,None,None,7194000000,None,253000000,None,427000000,USD,None,91000000,None,None,579000000,841000000,-11000000,-69000000,167000000,-319000000,-717000000,None,None,-170000000,None,None,-15000000,-906000000,0,None,None,None,18.635,18.65
4,2019-06-30,USD,246000000,52000000,167000000,215000000,281000000,190000000,None,None,194000000,None,62000000,None,212000000,None,69000000,4000000,296000000,227000000,None,None,None,4000000,-77000000,None,190000000,200000000,None,USD,13846000000,None,None,None,6478000000,7368000000,None,None,None,183000000,None,None,76000000,572000000,333000000,None,None,None,101000000,677000000,12992000000,7368000000,None,105000000,6024000000,None,171000000,None,None,None,None,None,None,None,None,None,None,None,6024000000,None,None,None,None,None,7185000000,None,572000000,None,426000000,USD,None,29000000,None,None,-172000000,443000000,-5000000,38000000,190000000,0,348000000,None,None,-171000000,None,None,8000000,67000000,0,None,None,None,17.94,18.635
5,2019-03-31,USD,373000000,50000000,166000000,207000000,272000000,214000000,None,None,218000000,None,12000000,None,205000000,None,67000000,4000000,13000000,222000000,None,None,None,4000000,-54000000,None,206000000,214000000,None,USD,13962000000,None,None,None,6623000000,7339000000,None,1000000,None,162000000,None,None,77000000,572000000,306900000,137000000,137000000,None,105000000,716000000,13064000000,7339000000,None,142000000,6197000000,None,138000000,None,None,None,None,None,None,None,None,None,None,None,6197000000,None,None,None,None,None,7177000000,None,572000000,None,426000000,USD,None,-21000000,None,None,987000000,791000000,-17000000,-40000000,214000000,276000000,-515000000,None,None,-179000000,None,None,-23000000,-651000000,0,None,None,None,17.14,17.94
6,2018-12-31,USD,345000000,80000000,141000000,345000000,265000000,153000000,0,0,155000000,0,80000000,None,265000000,0,-56000000,None,None,None,0,0,0,2000000,-110000000,0,153000000,153000000,None,USD,12895000000,None,None,4000000,5595000000,7300000000,None,1000000,None,127000000,1000000,None,71000000,296000000,680000000,300000000,300000000,None,None,407000000,12417000000,7300000000,None,103000000,4914000000,None,117000000,None,None,None,None,None,None,None,None,None,None,None,5214000000,None,None,None,None,None,7173000000,None,296000000,None,426000000,USD,None,-8000000,None,None,665000000,490000000,-9000000,25000000,153000000,-503000000,-993000000,None,None,-166000000,None,None,2000000,-1170000000,0,None,None,None,15.58,17.14
7,2018-09-30,USD,342000000,91000000,96000000,342000000,251000000,209000000,0,0,215000000,0,91000000,None,251000000,0,-53000000,None,None,None,0,0,0,6000000,-36000000,0,209000000,209000000,None,USD,12255000000,None,None,None,4942000000,7313000000,None,3000000,None,121000000,1000000,None,75000000,799000000,395000000,None,None,None,None,960000000,11220000000,7313000000,None,154000000,4546000000,None,126000000,None,None,None,None,None,None,None,None,None,None,None,None,None,None,None,None,None,None,None,None,None,426000000,USD,None,-11000000,None,None,665000000,-167000000,-1000000,13000000,209000000,290000000,457000000,None,None,-166000000,None,None,-4000000,244000000,0,None,None,None,17.19,15.58
8,2018-06-30,USD,333000000,105000000,108000000,333000000,228000000,254000000,0,0,260000000,0,105000000,None,228000000,0,-57000000,None,None,None,0,0,0,6000000,32000000,0,254000000,254000000,None,USD,12297000000,None,None,6000000,5027000000,7270000000,None,69000000,None,78000000,1000000,None,104000000,509000000,484000000,4562300000,4562300000,None,None,666000000,11527000000,7270000000,None,145000000,4542000000,None,198700000,None,None,None,None,None,None,None,None,None,None,None,None,None,None,None,None,None,None,None,None,None,426000000,USD,None,-7000000,None,None,-580000000,-742000000,-1000000,27000000,254000000,207000000,949000000,None,None,-162000000,None,None,-4000000,668000000,0,None,None,None,16.45,17.19
9,2018-03-31,USD,317000000,105000000,109000000,317000000,212000000,242000000,0,0,247000000,0,105000000,None,212000000,0,-55000000,None,None,None,0,0,0,5000000,35000000,0,242000000,242000000,None,USD,12693000000,None,None,2000000,5515000000,7178000000,None,1000000,None,-14000000,2000000,None,93000000,302000000,395000000,5138300000,5138300000,85000000,None,401000000,12199000000,7178000000,None,93000000,5118000000,None,153700000,None,None,None,None,None,None,None,None,None,None,None,None,None,None,None,None,None,None,None,None,None,426000000,USD,None,-40000000,None,None,266000000,95000000,-9000000,15000000,242000000,-14000000,-109000000,None,1000000,-162000000,None,None,4000000,-335000000,0,None,None,None,15.87,16.45
10,2017-12-31,USD,307000000,284000000,102000000,866000000,582000000,232000000,0,0,235000000,0,284000000,None,205000000,0,59000000,None,None,None,0,0,0,3000000,-40000000,0,528000000,232000000,None,USD,12347000000,None,None,None,5249000000,7098000000,None,64000000,None,-94000000,214000000,None,11937000000,316000000,665000000,271000000,271000000,-13000000,None,410000000,11841000000,7098000000,None,94000000,3836000000,None,331000000,None,None,None,None,None,None,None,None,None,None,None,None,None,None,None,None,None,None,None,None,None,425000000,USD,None,-122000000,None,None,981000000,2141000000,-37000000,97000000,232000000,93000000,-2048000000,None,1000000,-642000000,1839000000,None,28000000,-2743000000,0,None,None,None,15.72,15.87
11,2017-09-30,USD,294000000,76000000,79000000,945000000,678000000,139000000,0,0,141000000,0,474000000,None,215000000,0,56000000,None,None,None,0,0,0,2000000,-32000000,0,433000000,139000000,None,USD,12041000000,None,None,None,5013000000,7028000000,None,44000000,None,-178000000,None,None,11561000000,341000000,373000000,4640000000,4640000000,-100000000,None,480000000,11456000000,7028000000,None,139000000,4371000000,None,329000000,None,None,None,None,None,None,None,None,None,None,None,None,None,None,None,None,None,None,None,None,None,426000000,USD,None,5000000,None,None,-196000000,2092000000,-9000000,36000000,139000000,-195000000,172000000,None,1000000,-480000000,None,None,17000000,-21000000,0,None,None,None,16.39,15.72
12,2017-06-30,USD,284000000,0,89000000,-871000000,-635000000,178000000,0,0,182000000,0,-522000000,None,195000000,0,55000000,None,None,None,0,0,0,4000000,-66000000,0,-412000000,178000000,None,USD,12328000000,None,None,None,5277000000,7051000000,None,53000000,None,-69000000,None,None,11649000000,536000000,439000000,4838000000,4838000000,-86000000,None,679000000,11498000000,7051000000,None,143000000,4570000000,None,386000000,None,None,None,None,None,None,None,None,None,None,None,None,None,None,None,None,None,None,None,None,None,426000000,USD,None,-5000000,None,None,256000000,2459000000,-9000000,-28000000,178000000,289000000,195000000,None,3000000,-318000000,None,None,12000000,29000000,0,None,None,None,16.38,16.39
13,2017-03-31,USD,275000000,0,102000000,220000000,175000000,118000000,0,0,116000000,0,124000000,None,173000000,0,55000000,None,None,None,0,0,0,2000000,24000000,0,118000000,118000000,None,USD,11990000000,None,None,None,4955000000,7035000000,None,42000000,None,-31000000,None,None,11540000000,247000000,None,None,None,-140000000,None,None,11407000000,7035000000,None,203000000,4317000000,None,328000000,None,None,None,None,None,None,None,None,None,None,None,None,None,None,None,None,None,None,None,None,None,422000000,USD,None,-62000000,None,None,682000000,2365000000,None,11000000,118000000,24000000,-2341000000,None,4000000,-156000000,1839000000,None,-6000000,-2406000000,0,None,None,None,17.38,16.38
14,2016-12-31,USD,260018000,296000000,65595000,795895000,559169000,74818000,0,0,79518000,0,221357000,None,194423000,0,47123000,None,None,None,0,0,0,4700000,-193492000,0,363818000,74818000,None,USD,9245000000,None,None,None,4080000000,5165000000,None,44000000,None,-127000000,148000000,None,8881000000,223000000,368000000,162000000,162000000,-164000000,None,364000000,8820000000,5165000000,None,141000000,3712000000,None,162000000,None,None,None,None,None,None,None,None,None,None,None,None,None,None,None,None,None,None,None,None,None,314000000,USD,None,-6000000,None,None,-249000000,-741000000,-10000000,-22000000,74818000,-34000000,707000000,None,1000000,-477000000,-5000000,None,26000000,214000000,0,None,None,None,16.49,17.38
15,2016-09-30,USD,258670000,0,73875000,16370000,-49889000,110241000,0,0,111341000,0,-15896000,None,184795000,0,43300000,None,None,None,0,0,0,1100000,-79455000,0,-46759000,110241000,None,USD,9135858000,None,None,None,3926879000,5208979000,None,32170000,314000,-3262000,None,None,8868440000,125089000,None,None,None,-100873000,None,None,8804651000,5208979000,None,142329000,3559397000,None,173793000,None,None,None,None,None,None,None,None,None,None,None,None,None,None,None,None,None,None,None,None,None,314000000,USD,None,-959000,None,None,-67147000,-186682000,None,-15120000,110241000,1033000,638715000,None,4082000,-358058000,-477000,None,17303000,85227000,0,None,None,None,15.5,16.49
16,2016-06-30,USD,245262000,0,87118000,199735000,206720000,157400000,0,0,158400000,0,90539000,None,158144000,0,45334000,None,None,None,0,0,0,1000000,51947000,0,156941000,157400000,None,USD,9207643000,None,None,None,3989602000,5218041000,None,37082000,314000,-21655000,None,None,8955867000,125926000,None,None,None,-73418000,None,None,8900377000,5218041000,None,125850000,3624364000,None,167166000,None,None,None,None,None,None,None,None,None,None,None,None,None,None,None,None,None,None,None,None,None,314000000,USD,None,2855000,None,None,-205599000,-324831000,None,-316000,157400000,48870000,452701000,None,4133000,-238755000,-477000,None,13376000,190712000,0,None,None,None,14.2,15.5
17,2016-03-31,USD,248050000,0,81412000,0,0,131541000,0,0,133741000,0,0,None,166638000,0,50243000,None,None,None,0,0,0,2200000,0,0,0,131541000,None,USD,9365536000,None,None,None,4185592000,5179944000,None,35733000,314000,None,None,None,9126347000,77169000,None,None,None,None,None,None,None,None,None,None,3595148000,None,165047000,None,None,None,None,None,None,None,None,None,None,None,None,None,None,None,None,None,None,None,None,None,314000000,USD,None,None,None,None,None,None,None,None,131541000,None,79116000,None,None,-119452000,None,None,None,None,0,None,None,None,14.84,14.2
18,2015-12-31,USD,261676000,272000000,48493000,1025000000,753000000,14713000,0,0,25440000,0,272000000,None,213183000,0,55353000,None,None,None,0,0,0,10727000,-356000000,0,379000000,14713000,None,USD,9531356000,None,None,4000000,4358024000,5173332000,None,51007000,314000,-145000000,158631000,None,9136332000,257056000,1022000000,802000000,802000000,-144000000,None,399000000,9056000000,5173000000,None,138000000,3335789000,None,168538000,None,None,None,None,None,None,None,None,None,None,None,None,None,None,None,None,None,None,None,None,None,314000000,USD,None,-24000000,None,None,197000000,-298000000,-6000000,-30000000,14713000,62000000,360384000,None,1000000,-487368000,-2000000,None,23013000,-23000000,0,None,None,None,14.25,14.84
19,2015-09-30,USD,260948000,0,72969000,0,0,116859000,0,0,117743000,0,0,None,187979000,0,56618000,None,None,None,0,0,0,884000,0,0,0,116859000,None,USD,9172971000,None,None,None,3893169000,5279802000,None,43114000,314000,None,None,None,8790483000,247123000,None,None,None,None,None,None,None,None,None,None,3653304000,None,196751000,None,None,None,None,None,None,None,None,None,None,None,None,None,None,None,None,None,None,None,None,None,314000000,USD,None,None,None,None,None,None,None,None,116859000,None,710142000,None,None,-367870000,None,None,25616000,None,0,None,None,None,14.48,14.25
