,fiscalDateEnding,reportedCurrency_x,totalRevenue,totalOperatingExpense,costOfRevenue,grossProfit,ebit,netIncome_x,researchAndDevelopment,effectOfAccountingCharges,incomeBeforeTax,minorityInterest,sellingGeneralAdministrative,otherNonOperatingIncome,operatingIncome,otherOperatingExpense,interestExpense,taxProvision,interestIncome,netInterestIncome,extraordinaryItems,nonRecurring,otherItems,incomeTaxExpense,totalOtherIncomeExpense,discontinuedOperations,netIncomeFromContinuingOperations,netIncomeApplicableToCommonShares,preferredStockAndOtherAdjustments,reportedCurrency_y,totalAssets,intangibleAssets,earningAssets,otherCurrentAssets,totalLiabilities,totalShareholderEquity,deferredLongTermLiabilities,otherCurrentLiabilities,commonStock,retainedEarnings,otherLiabilities,goodwill,otherAssets,cash,totalCurrentLiabilities,shortTermDebt,currentLongTermDebt,otherShareholderEquity,propertyPlantEquipment,totalCurrentAssets,longTermInvestments,netTangibleAssets,shortTermInvestments,netReceivables,longTermDebt,inventory,accountsPayable,totalPermanentEquity,additionalPaidInCapital,commonStockTotalEquity,preferredStockTotalEquity,retainedEarningsTotalEquity,treasuryStock,accumulatedAmortization,otherNonCurrrentAssets,deferredLongTermAssetCharges,totalNonCurrentAssets,capitalLeaseObligations,totalLongTermDebt,otherNonCurrentLiabilities,totalNonCurrentLiabilities,negativeGoodwill,warrants,preferredStockRedeemable,capitalSurplus,liabilitiesAndShareholderEquity,cashAndShortTermInvestments,accumulatedDepreciation,commonStockSharesOutstanding,reportedCurrency,investments,changeInLiabilities,cashflowFromInvestment,otherCashflowFromInvestment,netBorrowings,cashflowFromFinancing,otherCashflowFromFinancing,changeInOperatingActivities,netIncome_y,changeInCash,operatingCashflow,otherOperatingCashflow,depreciation,dividendPayout,stockSaleAndPurchase,changeInInventory,changeInAccountReceivables,changeInNetIncome,capitalExpenditures,changeInReceivables,changeInExchangeRate,changeInCashAndCashEquivalents,clossingVal,nextClossingVal
0,2020-06-30,USD,0,87823000,None,None,-83784000,-84928000,64946000,None,-84928000,None,22877000,4039000,-87823000,None,1144000,0,3065000,1921000,None,None,None,None,974000,None,-84928000,-84928000,None,USD,1339750000,None,None,33296000,97113000,1242637000,None,None,6000,-1288132000,11744000,None,17213000,550176000,41871000,4100000,None,2651000,23769000,1203930000,94838000,1242637000,620458000,None,43498000,None,37771000,None,None,6000,None,-1288132000,None,None,17213000,None,135820000,47598000,43498000,11744000,55242000,None,None,None,2528112000,1339750000,1170634000,None,None,USD,114124000,-3114000,114094000,None,-942000,323376000,None,-3165000,-84928000,359717000,-77753000,-3165000,957000,None,324318000,None,261000,12236000,30000,261000,None,359717000,62.95,
1,2020-03-31,USD,262000,104975000,None,262000,-99044000,-100207000,78533000,None,-100207000,None,26442000,5669000,-104713000,None,1163000,0,4946000,3783000,None,None,None,None,723000,None,-100207000,-100207000,None,USD,1089671000,None,None,29859000,101186000,988485000,None,None,5000,-1203204000,12149000,None,17501000,190428000,44452000,3955000,None,125000,24727000,830137000,217306000,988485000,609582000,268000,44585000,None,40497000,None,None,5000,None,-1203204000,None,None,17501000,None,259534000,48540000,44585000,12149000,56734000,None,None,None,2191559000,1089671000,800010000,None,50000000,USD,39441000,-1116000,38909000,39441000,-887000,2304000,None,-10142000,-100207000,-52832000,-94045000,-10142000,708000,None,3191000,None,1498000,15214000,532000,1498000,None,-52832000,42.0,62.95
2,2019-12-31,USD,3002000,96875000,74632000,3002000,-87186000,-88311000,74632000,None,-88311000,None,22243000,6687000,-93873000,None,1125000,0,5901000,4776000,None,None,None,None,786000,None,-88311000,-88311000,None,USD,1174123000,None,None,18715000,102658000,1071465000,None,None,5000,-1102997000,678000,None,6323000,243274000,44967000,3814000,None,1303000,25128000,759934000,370938000,1071465000,496291000,1654000,45613000,None,41153000,None,None,5000,None,-1102997000,None,None,18123000,None,414189000,49427000,45613000,12078000,57691000,None,None,None,2173154000,1174123000,739565000,None,50170953,USD,136076000,7142000,134190000,-492130000,-866000,-407000,-2037000,3752000,-88311000,72355000,-61428000,6058000,279000,None,459000,None,42000,13362000,1886000,42000,None,72355000,45.42,42.0
3,2019-09-30,USD,1350000,80685000,60257000,1350000,-71662000,-72865000,60257000,None,-72865000,None,20428000,7673000,-79335000,None,1203000,0,6889000,5686000,None,None,None,None,784000,None,-72865000,-72865000,None,USD,1242048000,None,None,20930000,95842000,1146206000,None,None,5000,-1014686000,609000,None,9989000,170884000,36816000,3676000,None,1442000,23698000,806381000,389980000,1146206000,612871000,1696000,46617000,None,33140000,None,None,5000,None,-1014686000,None,None,21989000,None,435667000,50293000,46617000,12409000,59026000,None,None,None,2159445000,1242048000,783755000,None,50000000,USD,20744000,6387000,19745000,-628206000,-846000,3756000,-2037000,1345000,-72865000,-28915000,-52416000,1345000,-756000,None,4602000,None,128000,13345000,999000,128000,None,-28915000,45.77,45.42
4,2019-06-30,USD,1022000,69578000,51211000,1022000,-60181000,-61403000,51211000,None,-61403000,None,18367000,8375000,-68556000,None,1222000,0,7595000,6373000,None,None,None,None,780000,None,-61403000,-61403000,None,USD,1284535000,None,None,20778000,83546000,1200989000,None,None,5000,-941821000,670000,None,9426000,200059000,28178000,3541000,None,1307000,23493000,1028754000,215762000,1200989000,806093000,1824000,47598000,None,24637000,None,None,5000,None,-941821000,None,None,16526000,None,255781000,51139000,47598000,7770000,55368000,None,None,None,2141498000,1284535000,1006152000,None,50000000,USD,-476510000,-2262000,-476352000,997000,-810000,3912000,-2037000,-4667000,-61403000,-527552000,-55112000,-4667000,-1467000,None,4722000,None,1259000,13428000,839000,1259000,None,-527552000,58.63,45.77
5,2019-03-31,USD,801057000,76547000,45396000,801057000,731708000,620134000,45396000,None,730467000,None,16578000,7198000,724510000,14573000,1241000,110333000,5246000,5246000,None,None,None,110333000,711000,None,620134000,620134000,None,USD,1330053000,None,None,18520000,86616000,1243437000,None,None,5000,-880418000,668000,None,15336000,727404000,31709000,3410000,500000,502000,23445000,1125918000,165354000,1243437000,376911000,3083000,48539000,None,28299000,None,None,5000,None,-880418000,None,None,15336000,None,204135000,51949000,48539000,6368000,54907000,None,None,None,2123348000,1330053000,1104315000,None,51000000,USD,-173437000,1080000,-174532000,-173437000,-760000,2604000,-2037000,-8563000,620134000,565722000,737650000,-8563000,-361000,None,3364000,None,2003000,123357000,1095000,2003000,None,565722000,44.83,58.63
6,2018-12-31,USD,8648000,53292000,37890000,8648000,-40202000,68711000,37890000,0,-41554000,0,15402000,4442000,-44644000,0,1352000,None,None,None,0,0,0,-110265000,3090000,-830000,68711000,68711000,None,USD,686903000,None,None,10008000,80645000,606258000,None,None,5000,-1500552000,1301000,None,120652000,161037000,29918000,3283000,None,-155000,23114000,460725000,82412000,606258000,284594000,5086000,49426000,None,26635000,None,None,5000,None,-1500552000,None,None,10319000,110333000,226178000,None,49426000,1301000,50727000,None,None,None,2106960000,686903000,445631000,None,49422991,USD,-313429000,9316000,-313565000,-12000,-968000,-416000,None,-313000,68711000,-347667000,-33686000,-2810000,130000,None,552000,None,-3760000,-105273000,124000,-3760000,41000,-347626000,38.95,44.83
7,2018-09-30,USD,3573000,39577000,28811000,3573000,-32891000,-34314000,28811000,0,-34314000,0,10766000,3113000,-36004000,0,1423000,None,None,None,0,0,0,0,1690000,0,-34314000,-34314000,None,USD,610034000,0,None,9524000,78718000,531316000,415000,800000,5000,-1569263000,1434000,0,9721000,508663000,21952000,3384000,None,-20000,27836000,572477000,None,531316000,52961000,1329000,55332000,0,17768000,0,0,5000,0,-1569263000,0,None,9721000,None,37557000,None,55332000,1019000,56766000,None,None,None,2100594000,610034000,561624000,None,49000000,USD,38031000,1138000,37990000,-1000,-1056000,414000,None,-2695000,-34314000,7381000,-31023000,-4860000,1280000,0,1470000,0,835000,4898000,40000,835000,65000,7446000,46.02,38.95
8,2018-06-30,USD,3994000,37160000,26755000,3994000,-30385000,-31833000,26755000,0,-31833000,0,10405000,2781000,-33166000,0,1448000,None,None,None,0,0,0,0,1333000,830000,-31833000,-31833000,None,USD,637560000,0,None,6539000,78722000,558838000,615000,800000,5000,-1534948000,1626000,0,7524000,501217000,20917000,3594000,59773000,-177000,28756000,601280000,None,558838000,91190000,2334000,56179000,0,16523000,0,0,5000,0,-1534948000,0,None,7524000,None,36280000,None,56179000,1011000,57805000,None,None,None,2093958000,637560000,592407000,None,49000000,USD,21895000,3310000,22111000,419000,-1016000,737000,None,-13500000,-31833000,-14875000,-37723000,-14723000,990000,0,1753000,0,-496000,5029000,203000,-496000,-49000,-14924000,43.6,46.02
9,2018-03-31,USD,1755000,32724000,21573000,1755000,-29661000,-31963000,21573000,0,-31133000,0,11151000,1308000,-30969000,0,1472000,None,None,None,0,0,0,0,-164000,-830000,-31133000,-31963000,None,USD,685468000,0,None,5409000,101333000,584135000,815000,24800000,5000,-1503116000,1817000,0,6100000,516141000,42527000,3799000,60788000,-241000,29507000,649861000,None,584135000,112980000,15331000,56989000,0,13928000,0,0,5000,0,-1503116000,0,None,6100000,None,35607000,None,56989000,1002000,58806000,None,None,None,2087487000,685468000,629121000,None,40000000,USD,-472000,-4158000,2191000,2988000,-960000,384296000,None,339000,-31963000,356707000,-29780000,613000,805000,0,385256000,0,661000,4262000,325000,661000,597000,357304000,39.5,43.6
10,2017-12-31,USD,273000,27398000,27920000,9256000,-15582000,-13684000,20248000,0,-17077000,-271000,7150000,2560000,-18142000,0,1495000,None,None,None,0,-23950000,0,-271000,-15284000,3122000,-18131000,-13684000,None,USD,339275000,0,None,19821000,132131000,207144000,1067000,52705000,4000,-1490187000,2056000,0,27864000,158837000,72327000,4000000,61748000,-1216000,30131000,281280000,24242000,207144000,88240000,14382000,57748000,0,15622000,0,1698543000,4000,0,-1490187000,0,None,3622000,None,57995000,None,57748000,989000,59804000,None,None,None,1698543000,339275000,247077000,None,39280687,USD,-112615000,18564000,-113179000,-542000,-930000,-454000,None,8000,-13955000,-119781000,-6148000,1939000,-1123000,0,476000,0,10787000,-3975000,22000,-7385000,-120000,-119901000,33.97,39.5
11,2017-09-30,USD,7948000,37073000,2961000,4987000,-31148000,-32353000,17307000,0,-32664000,-311000,7791000,938000,-32086000,0,1516000,None,None,None,0,11975000,0,-311000,1801000,30275000,-32353000,-32353000,None,USD,347821000,1551000,None,3717000,129700000,218671000,1267000,51991000,4000,-1476502000,2244000,0,4695000,278738000,68740000,3962000,62678000,-828000,39425000,303701000,None,217120000,0,14398000,58716000,6848000,12787000,218121000,0,4000,0,-1476502000,0,None,3144000,None,44120000,None,58716000,977000,60960000,None,None,None,1695997000,347821000,278738000,None,38000000,USD,-472000,-344000,789000,790000,-904000,165929000,None,-639000,-32664000,148409000,-18309000,11611000,1829000,0,166833000,137000,18172000,1904000,1000,-782000,-434000,147975000,25.5,33.97
12,2017-06-30,USD,6492000,25158000,2571000,3921000,-22078000,-23317000,17922000,0,-23616000,-299000,7236000,-841000,-21237000,0,1538000,None,None,None,0,-47900000,0,-299000,-384000,-15295000,-23317000,-23317000,None,USD,189365000,1880000,None,3373000,106842000,82775000,1467000,30975000,3000,-1444149000,2371000,0,4770000,130763000,44698000,3810000,63583000,-385000,40997000,143598000,None,80895000,0,2404000,59773000,7058000,9913000,82523000,0,3000,0,-1444149000,0,None,2890000,None,45767000,None,59773000,904000,62144000,None,None,None,1527306000,189365000,130763000,None,30000000,USD,-472000,-6245000,-45000,-4000,-868000,75361000,None,-98000,-23616000,49388000,-25928000,-70000,1843000,0,76229000,292000,18954000,1737000,41000,131000,1846000,51234000,16.87,25.5
13,2017-03-31,USD,6624000,23675000,3451000,3173000,-20927000,-22053000,15511000,0,-22497000,-444000,8164000,-425000,-20502000,0,1570000,None,None,None,0,11975000,0,-444000,-1995000,3122000,-22053000,-22053000,None,USD,139760000,2103000,None,4069000,113104000,26609000,1667000,33170000,24000,-1420832000,2476000,0,4911000,79529000,49840000,3662000,3662000,-2295000,42512000,92337000,None,24506000,0,1684000,60788000,7055000,13008000,26656000,0,24000,0,-1420832000,0,None,2808000,None,47423000,None,60788000,809000,63264000,None,None,None,1449712000,139760000,79529000,None,24000000,USD,-112615000,-15150000,45000,94000,-816000,4451000,None,-920000,-22497000,-11761000,-16257000,-920000,1865000,0,5267000,-216000,18823000,1838000,49000,18823000,578000,-11183000,1.46,16.87
14,2016-12-31,USD,85374000,40941000,6304000,79070000,39919000,38572000,11911000,0,38314000,-258000,7264000,1790000,38129000,0,1605000,None,None,None,0,21766000,0,-258000,-10530000,-10596000,38572000,38572000,None,USD,169010000,2357000,None,2307000,128615000,39904000,2167000,35288000,24000,-1398736000,2988000,0,5293000,90712000,63879000,12592000,65266000,-3099000,43828000,119889000,None,37547000,0,20162000,61748000,6708000,15999000,0,1441715000,24000,0,-1398736000,0,None,2936000,None,49121000,None,61748000,821000,64736000,None,None,None,1441715000,169010000,90712000,None,243400800,USD,-112615000,-76122000,-233000,73000,-790000,-388000,320000,1783000,38314000,-9294000,-8673000,2506000,2280000,0,82000,3036000,-12246000,24094000,306000,-2781000,-1623000,-10917000,1.42,1.46
15,2016-09-30,USD,19242000,26287000,2812000,16430000,-10870000,-12357000,17466000,0,-12479000,-122000,8590000,-1013000,-9857000,0,1609000,None,None,None,0,231000,0,-122000,-1662000,0,-12357000,-12357000,None,USD,210248000,7518000,None,4768000,206171000,3328000,82132000,22522000,24000,-1437308000,82985000,0,10401000,101629000,60508000,15443000,15443000,867000,64980000,134867000,None,-4190000,0,18304000,62678000,10166000,22543000,4077000,0,24000,0,-1437308000,0,None,2883000,None,75381000,None,62678000,853000,145663000,None,None,None,1439745000,210248000,101629000,None,24000000,USD,None,2278000,-301000,-34000,-768000,-710000,320000,206000,-12479000,-20711000,-19700000,206000,2330000,0,58000,-388000,13122000,3140000,267000,-14787000,354000,-20357000,1.75,1.42
16,2016-06-30,USD,9512000,33126000,2609000,6903000,-25564000,-27183000,18546000,0,-27183000,-2996000,8465000,659000,-26223000,0,1619000,None,None,None,0,6115000,0,0,1393000,0,-27183000,-27183000,None,USD,217847000,7624000,None,4971000,204288000,13559000,85260000,20021000,24000,-1424951000,86095000,0,9885000,121986000,54610000,14708000,14708000,173000,68190000,139772000,None,5935000,0,3343000,63583000,9472000,19881000,0,0,24000,0,-1424951000,0,None,2261000,None,78075000,None,63583000,835000,149678000,None,None,None,1438313000,217847000,121986000,None,24000000,USD,None,1655000,-104000,26000,-734000,-631000,320000,368000,-27183000,-16922000,-16187000,368000,2424000,0,103000,-428000,1665000,4245000,130000,2732000,-625000,-17547000,1.71,1.75
17,2016-03-31,USD,9847000,25426000,3616000,6231000,-19869000,-21548000,18502000,0,-21548000,749000,6924000,-674000,-19195000,0,1679000,None,None,None,0,6115000,0,0,-2353000,0,-21548000,-21548000,None,USD,241364000,7945000,None,5362000,203806000,37558000,88883000,22243000,24000,-1397768000,88883000,0,10246000,139533000,50473000,16691000,16691000,1412000,71003000,160115000,None,29613000,0,6166000,64450000,9054000,11539000,0,0,24000,0,-1397768000,0,None,2301000,None,81249000,None,64450000,None,153333000,None,None,None,1433890000,241364000,139533000,None,24000000,USD,None,20000,-112000,135000,-687000,-560000,320000,-1088000,-21548000,-18251000,-17579000,-1088000,2457000,0,127000,973000,1067000,2674000,247000,-1067000,1600000,-16651000,1.97,1.71
18,2015-12-31,USD,7751000,33797000,3248000,4503000,-28764000,-30459000,20170000,0,-30459000,491000,9655000,530000,-29294000,3972000,1695000,None,None,None,0,3346000,0,0,-9304000,2728000,-30459000,-30459000,None,USD,256792000,7775000,None,4218000,203250000,53542000,88087000,21425000,24000,-1376220000,88087000,0,10126000,156184000,49896000,15058000,68245000,-1179000,71828000,174838000,None,45767000,0,4934000,65267000,9502000,14158000,0,0,24000,0,-1376220000,0,None,2351000,None,81954000,None,65267000,None,153354000,None,None,None,1430917000,256792000,156184000,None,242871179,USD,-112615000,348000,472000,609000,-663000,31000,320000,-540000,-30459000,-24371000,-24874000,964000,2528000,0,694000,618000,781000,2668000,192000,-1541000,-725000,-25096000,1.9,1.97
19,2015-09-30,USD,9138000,31100000,3219000,5919000,-24735000,-26418000,22072000,0,-26418000,0,9028000,446000,-25181000,0,1683000,None,None,None,0,0,0,0,-1409000,0,-26418000,-26418000,None,USD,286127000,8121000,None,5179000,203926000,82201000,90292000,23215000,24000,-1345761000,90292000,0,11159000,181280000,47578000,13418000,None,409000,74752000,200216000,None,74080000,0,3514000,66056000,10243000,10945000,0,0,24000,0,-1345761000,0,None,3038000,None,85911000,None,66056000,None,156348000,None,None,None,1427529000,286127000,181280000,None,24000000,USD,None,-6238000,-6799000,2232000,-645000,-374000,None,None,-26418000,-33432000,-26259000,-1110000,2543000,0,271000,433000,116000,4003000,9031000,528000,-1989000,-35421000,1.91,1.9
