,fiscalDateEnding,reportedCurrency_x,totalRevenue,totalOperatingExpense,costOfRevenue,grossProfit,ebit,netIncome_x,researchAndDevelopment,effectOfAccountingCharges,incomeBeforeTax,minorityInterest,sellingGeneralAdministrative,otherNonOperatingIncome,operatingIncome,otherOperatingExpense,interestExpense,taxProvision,interestIncome,netInterestIncome,extraordinaryItems,nonRecurring,otherItems,incomeTaxExpense,totalOtherIncomeExpense,discontinuedOperations,netIncomeFromContinuingOperations,netIncomeApplicableToCommonShares,preferredStockAndOtherAdjustments,reportedCurrency_y,totalAssets,intangibleAssets,earningAssets,otherCurrentAssets,totalLiabilities,totalShareholderEquity,deferredLongTermLiabilities,otherCurrentLiabilities,commonStock,retainedEarnings,otherLiabilities,goodwill,otherAssets,cash,totalCurrentLiabilities,shortTermDebt,currentLongTermDebt,otherShareholderEquity,propertyPlantEquipment,totalCurrentAssets,longTermInvestments,netTangibleAssets,shortTermInvestments,netReceivables,longTermDebt,inventory,accountsPayable,totalPermanentEquity,additionalPaidInCapital,commonStockTotalEquity,preferredStockTotalEquity,retainedEarningsTotalEquity,treasuryStock,accumulatedAmortization,otherNonCurrrentAssets,deferredLongTermAssetCharges,totalNonCurrentAssets,capitalLeaseObligations,totalLongTermDebt,otherNonCurrentLiabilities,totalNonCurrentLiabilities,negativeGoodwill,warrants,preferredStockRedeemable,capitalSurplus,liabilitiesAndShareholderEquity,cashAndShortTermInvestments,accumulatedDepreciation,commonStockSharesOutstanding,reportedCurrency,investments,changeInLiabilities,cashflowFromInvestment,otherCashflowFromInvestment,netBorrowings,cashflowFromFinancing,otherCashflowFromFinancing,changeInOperatingActivities,netIncome_y,changeInCash,operatingCashflow,otherOperatingCashflow,depreciation,dividendPayout,stockSaleAndPurchase,changeInInventory,changeInAccountReceivables,changeInNetIncome,capitalExpenditures,changeInReceivables,changeInExchangeRate,changeInCashAndCashEquivalents,clossingVal,nextClossingVal
0,2020-06-30,USD,28966000,-17245000,None,28966000,46211000,9159000,None,None,46211000,None,-17245000,None,46211000,2219000,3160000,2562000,28002000,24842000,None,None,None,2562000,None,None,43649000,9159000,None,USD,3547177000,1662000,834455000,None,3229490000,317687000,None,3068773000,19606000,42704000,25771000,21873000,2596948000,253270000,3118773000,50000000,0,-276000,41231000,2788885000,617869000,294152000,378778000,2535615000,20000000,None,None,None,None,19606000,None,42704000,-80990000,None,75657000,None,758292000,5239000,20000000,90717000,110717000,None,None,None,336643000,3547177000,253270000,None,None,USD,-131060000,-4999000,-132200000,-172000,-10310000,244211000,257758000,-366000,9159000,114741000,2730000,4758000,1902000,-3896000,659000,None,None,-8090000,968000,None,None,114741000,29.73,
1,2020-03-31,USD,27928000,-17754000,None,27928000,45682000,8127000,None,None,45682000,None,-17754000,None,45682000,2351000,5220000,2047000,28226000,23006000,None,None,None,2047000,None,None,43635000,8127000,None,USD,3291332000,1640000,729778000,None,2981934000,309398000,None,2811005000,19606000,37441000,26978000,21873000,2452867000,138529000,2861005000,50000000,0,-2412000,40987000,138529000,3012641000,285885000,378186000,None,20000000,None,None,None,None,19606000,None,37441000,-81258000,None,75662000,None,3152803000,5249000,20000000,100929000,120929000,None,None,None,336021000,3291332000,138529000,None,15000000,USD,-36716000,8563000,-32069000,5719000,26810000,87251000,64946000,2844000,8127000,68308000,13126000,-5719000,1597000,-3904000,-601000,None,None,558000,1072000,None,None,68308000,27.87,29.73
2,2019-12-31,USD,29365000,17099000,None,29365000,12266000,9740000,None,None,12266000,None,17099000,None,12266000,1560000,5449000,2526000,28367000,22918000,None,None,None,2526000,-213000,None,9740000,9740000,None,USD,3184275000,1661000,637965000,35985000,2882547000,301728000,None,2616054000,19606000,33218000,24358000,21873000,2429276000,70221000,2776054000,160000000,130000000,-6357000,35458000,70221000,2967332000,278194000,357334000,None,20000000,1261000,2616054000,None,None,19606000,None,33218000,-80094000,None,123188000,None,3149512000,5254000,20000000,86493000,106493000,None,None,None,335355000,3184275000,70221000,None,15000000,USD,-87208000,-450000,-91756000,-3461000,-125770000,58459000,187498000,-3675000,9740000,-22077000,11220000,-3644000,1509000,-3897000,628000,None,None,4065000,1087000,None,None,-22077000,37.8,27.87
3,2019-09-30,USD,29476000,16791000,None,29476000,12685000,10067000,None,None,12685000,None,16791000,None,12685000,2627000,5649000,2618000,27952000,22303000,None,None,None,2618000,480000,None,10067000,10067000,None,USD,3112822000,1713000,604316000,None,2820594000,292228000,None,2614547000,19606000,27375000,23541000,21873000,2371223000,92298000,2692547000,78000000,48000000,-9079000,40228000,92298000,2890564000,268642000,314182000,None,20000000,1274000,2614547000,None,None,19606000,None,27375000,-80271000,None,66146000,None,3020524000,5263000,20000000,108047000,128047000,None,None,None,334597000,3112822000,92298000,None,15000000,USD,-76052000,7186000,-76283000,2078000,21720000,94253000,75787000,-54000,10067000,29603000,11633000,-7240000,1478000,-3781000,527000,None,None,142000,2309000,None,None,29603000,33.39,37.8
4,2019-06-30,USD,28148000,16908000,None,28148000,11240000,8934000,None,None,11240000,None,16908000,None,11240000,2447000,5520000,2306000,27227000,21707000,None,None,None,2306000,-212000,None,8934000,8934000,None,USD,3005750000,1730000,586516000,None,2721101000,284649000,None,2503753000,19035000,39397000,22011000,21873000,2314913000,62695000,2616753000,113000000,83000000,-9747000,38836000,62695000,2816234000,261046000,285878000,None,20000000,1373000,2503753000,None,None,19035000,None,39397000,-80265000,None,64382000,None,2943055000,5270000,20000000,84348000,104348000,None,None,None,316229000,3005750000,62695000,None,15000000,USD,-13464000,681000,-15741000,13000,147242000,6847000,-137352000,184000,8934000,1466000,10360000,-367000,1207000,-3768000,725000,None,None,-95000,2290000,None,None,1466000,34.73,33.39
5,2019-03-31,USD,27536000,16652000,None,27536000,10884000,8734000,None,None,10884000,None,16652000,None,10884000,2560000,5092000,2150000,26213000,21121000,None,None,None,2150000,-212000,None,8734000,8734000,None,USD,2984883000,1777000,612971000,None,2708274000,276609000,None,2490097000,19035000,34231000,21685000,21873000,2270083000,61229000,2599597000,109500000,74500000,-11667000,34949000,61229000,2800925000,252959000,298812000,None,20000000,1445000,2490097000,None,None,19035000,None,34231000,-80252000,None,64130000,None,2923654000,2946000,20000000,88677000,108677000,None,None,None,315262000,2984883000,61229000,None,15000000,USD,-14422000,2613000,-8451000,8070000,-165752000,-25290000,144509000,1048000,8734000,-23010000,10731000,-1565000,1309000,-3760000,-287000,None,None,-360000,2099000,None,None,-23010000,32.89,34.73
6,2018-12-31,USD,27810000,16881000,4989000,27810000,10929000,8758000,0,0,10929000,0,16881000,None,10929000,3175000,4343000,None,None,None,0,0,0,2171000,-223000,0,8758000,8758000,None,USD,2988334000,1852000,None,40677000,2718750000,269584000,None,2345584000,19035000,29257000,19507000,21873000,2231505000,84239000,2624584000,279000000,20000000,-13910000,30446000,84239000,2777030000,245859000,27710000,None,20000000,1260000,2345584000,None,None,19035000,None,29257000,-79331000,None,72894000,None,2904095000,None,20000000,74166000,94166000,None,None,None,314533000,2988334000,84239000,None,15000000,USD,-39636000,-2656000,-46160000,-3792000,95156000,29725000,-62271000,-2808000,8758000,-8056000,8379000,-468000,1175000,-3759000,599000,None,None,1570000,2732000,None,None,-8056000,32.02,32.89
7,2018-09-30,USD,27761000,16026000,4084000,27761000,11735000,9260000,0,0,11735000,0,16026000,None,11735000,3775000,3498000,None,None,None,0,0,0,2475000,-218000,0,9260000,9260000,None,USD,2953220000,1954000,None,None,2688410000,264810000,0,2407855000,19035000,24258000,22052000,21873000,2164132000,92295000,2407855000,None,None,-12821000,28601000,92295000,2747326000,240983000,0,2106097000,65000000,1220000,2407855000,0,0,19035000,0,24258000,-79425000,None,61171000,None,2860925000,None,None,22052000,22052000,None,None,None,313763000,2953220000,92295000,None,15000000,USD,-77799000,2653000,-78118000,657000,-2745000,97119000,103074000,1437000,9260000,31554000,12553000,-1216000,1168000,-3648000,438000,242000,0,688000,976000,None,None,31554000,37.0,32.02
8,2018-06-30,USD,28244000,16192000,3257000,28244000,12052000,9730000,0,0,12052000,0,16192000,None,12052000,3737000,2628000,None,None,None,0,0,0,2322000,-223000,0,9730000,9730000,None,USD,2845171000,2060000,None,None,2585683000,259488000,0,2304781000,18481000,40326000,19654000,21873000,2094742000,60741000,2304781000,261248000,261248000,-12004000,28104000,2098963000,2672583000,235555000,22189000,2038222000,65000000,1488000,2304781000,0,0,18481000,0,40326000,-79335000,None,59810000,None,2784430000,None,None,19654000,19654000,None,None,None,292020000,2845171000,60741000,None,15000000,USD,-53572000,-2858000,-60442000,-6102000,121291000,12150000,-106492000,-2277000,9730000,-39531000,8761000,684000,1209000,-3497000,848000,0,0,-4000,768000,None,None,-39531000,36.4,37.0
9,2018-03-31,USD,26545000,15956000,2762000,26545000,10589000,8531000,0,0,10589000,0,15956000,None,10589000,3829000,2016000,None,None,None,0,0,0,2058000,-217000,0,8531000,8531000,None,USD,2826687000,2172000,None,None,2573953000,252734000,0,2411273000,18481000,34093000,22723000,21873000,723095000,100272000,2456273000,45000000,139957000,-11485000,27815000,2379841000,2308884000,228689000,305589000,1973980000,20000000,1525000,2411273000,0,0,18481000,0,34093000,-79335000,None,60082000,None,2420826000,None,20000000,97680000,117680000,None,None,None,290980000,2826687000,405861000,None,15000000,USD,-48029000,2185000,-43050000,5606000,-105009000,58201000,166157000,1790000,8531000,27434000,12283000,-395000,1199000,-3485000,538000,194000,0,763000,627000,None,None,27434000,33.95,36.4
10,2017-12-31,USD,25909000,16045000,2978000,25909000,9864000,8071000,0,0,9864000,0,16045000,None,9864000,23528000,5057000,None,None,None,0,0,0,1793000,-891000,0,8071000,8071000,None,USD,2760465000,2289000,None,30771000,2510862000,249603000,0,2245116000,18481000,28818000,20780000,21873000,726086000,72838000,2405116000,160000000,10000000,-8714000,27619000,373038000,2268091000,225441000,300200000,None,20000000,1738000,2245116000,0,0,18481000,0,28818000,-79201000,None,67555000,None,2387427000,None,20000000,85746000,105746000,None,None,None,290219000,2760465000,373038000,None,15000000,USD,-26033000,-837000,-29871000,-2571000,75547000,10614000,-62001000,825000,8071000,-7828000,11429000,1988000,1151000,-3480000,548000,703000,0,1056000,1267000,None,None,-7828000,33.95,33.95
11,2017-09-30,USD,25991000,15548000,2749000,25991000,10443000,7416000,0,0,10443000,0,15548000,None,10443000,-11874000,250000,None,None,None,0,0,0,3027000,0,0,7416000,7416000,None,USD,2744462000,2395000,None,None,2499814000,244648000,0,2307116000,18481000,22581000,23279000,21873000,744609000,80666000,2395116000,88000000,169419000,-6535000,26432000,2287229000,2239334000,220380000,315459000,1891104000,20000000,1651000,2307116000,0,0,18481000,0,22581000,-79173000,None,58303000,None,2348337000,None,20000000,84698000,104698000,None,None,None,289294000,2744462000,396125000,None,15000000,USD,-12267000,441000,-8113000,4622000,-68473000,14932000,87078000,-689000,7416000,14589000,7770000,-1131000,1259000,-3375000,-298000,0,0,-215000,468000,None,None,14589000,34.35,33.95
12,2017-06-30,USD,25862000,15637000,2121000,25862000,10225000,7208000,0,0,10225000,0,15637000,None,10225000,2041000,163000,None,None,None,0,0,0,3017000,0,0,7208000,7208000,None,USD,2721721000,2482000,None,None,2480969000,240752000,0,2220038000,17943000,35739000,23039000,21873000,766366000,66077000,2397038000,177000000,237892000,-6600000,26565000,393469000,2220243000,216397000,327392000,None,20000000,1523000,2220038000,0,0,17943000,0,35739000,-78517000,None,57089000,None,2328252000,None,20000000,63931000,83931000,None,None,None,272187000,2721721000,393469000,None,15000000,USD,-61937000,-1439000,-66531000,-3974000,98857000,59118000,-36498000,-1112000,7208000,1274000,8687000,432000,1464000,-3370000,129000,472000,0,1022000,620000,None,None,1274000,31.65,34.35
13,2017-03-31,USD,24798000,15475000,1894000,24798000,9323000,6631000,0,0,9323000,0,15475000,None,9323000,358000,1536000,None,None,None,0,0,0,2692000,0,0,6631000,6631000,None,USD,2656386000,2575000,None,None,2420275000,236111000,0,2256536000,17943000,31901000,24704000,21873000,769778000,64803000,2343536000,87000000,119035000,-7080000,26585000,411962000,2135626000,211663000,347159000,None,20000000,1631000,2256536000,0,0,17943000,0,31901000,-78170000,None,57765000,None,2244424000,None,20000000,56739000,76739000,None,None,None,271517000,2656386000,411962000,None,15000000,USD,-48194000,2817000,-44051000,4390000,-94801000,41558000,139990000,-886000,6631000,7448000,9941000,-864000,1524000,-3374000,-257000,0,0,-167000,247000,None,None,7448000,33.9,31.65
14,2016-12-31,USD,24532000,15273000,1887000,24532000,9259000,6600000,0,0,9259000,0,15273000,None,9259000,15913000,3951000,None,None,None,0,0,0,2659000,-1076000,0,6600000,6600000,None,USD,2605242000,2696000,None,28610000,2372390000,232852000,0,2116546000,17943000,28644000,22008000,21873000,783108000,57355000,2294546000,178000000,233836000,-7234000,26938000,404351000,2081683000,208283000,346996000,None,20000000,1585000,2116546000,0,0,17943000,0,28644000,-77381000,None,67701000,None,2200891000,None,20000000,57844000,77844000,None,None,None,270880000,2605242000,404351000,None,15000000,USD,-69916000,-2350000,-75495000,-5221000,120247000,21265000,-96516000,-521000,6600000,-44704000,9526000,1786000,1335000,-3356000,890000,635000,0,2155000,358000,None,None,-44704000,40.5,33.9
15,2016-09-30,USD,24511000,15082000,1885000,24511000,9429000,6738000,0,0,9429000,0,15082000,None,9429000,-2865000,121000,None,None,None,0,0,0,2691000,0,0,6738000,6738000,None,USD,2580485000,2802000,None,None,2351277000,229208000,0,2213187000,17943000,25400000,24501000,21873000,760599000,102059000,2268187000,55000000,93589000,-6192000,26718000,2131490000,2028479000,204533000,339190000,1690241000,20000000,868000,2213187000,0,0,17943000,0,25400000,-77623000,None,59364000,None,2139236000,None,20000000,63090000,83090000,None,None,None,269680000,2580485000,441249000,None,15000000,USD,-9035000,693000,-4696000,4895000,-104908000,33470000,140819000,-326000,6738000,38944000,10170000,-326000,1491000,-3253000,812000,0,0,1574000,556000,None,None,38944000,32.83,40.5
16,2016-06-30,USD,24478000,14884000,1953000,24478000,9594000,6647000,0,0,9594000,0,14884000,None,9594000,669000,21000,None,None,None,0,0,0,2947000,0,0,6647000,6647000,None,USD,2540242000,2885000,None,None,2314869000,225373000,0,2072385000,17421000,38852000,23987000,21873000,793775000,63115000,2229385000,157000000,198497000,-5592000,26775000,2081736000,1999506000,200615000,362929000,1655692000,20000000,885000,2072385000,0,0,17421000,0,38852000,-77819000,None,63159000,None,2114198000,None,20000000,65484000,85484000,None,None,None,252511000,2540242000,426044000,None,15000000,USD,-55835000,-2231000,-54814000,-3592000,98342000,52674000,-42651000,264000,6647000,2404000,4544000,264000,1538000,-3244000,227000,0,0,-1674000,224000,None,None,2404000,30.29,32.83
17,2016-03-31,USD,23837000,14370000,1664000,23837000,9467000,6549000,0,0,9467000,0,14370000,None,9467000,0,1263000,None,None,None,0,0,0,2918000,0,0,6549000,6549000,None,USD,2478871000,2999000,None,None,2258168000,220703000,0,2115061000,17421000,35449000,22952000,21873000,782731000,60711000,2170061000,55000000,None,-6386000,27142000,448958000,1921725000,195831000,388247000,1606441000,20000000,1846000,2115061000,0,0,17421000,0,35449000,-77291000,None,56174000,None,2029913000,None,20000000,68107000,88107000,None,None,None,251510000,2478871000,448958000,None,15000000,USD,-26389000,4965000,-22784000,3908000,-60018000,21972000,84638000,None,6549000,9643000,10455000,-2983000,1576000,-3239000,570000,0,0,348000,303000,None,None,9643000,26.57,30.29
18,2015-12-31,USD,23501000,14242000,1696000,23501000,9259000,6569000,0,0,9259000,0,14242000,None,9259000,12948000,3560000,None,None,None,0,0,0,2690000,-1186000,0,6569000,6569000,None,USD,2446188000,3107000,None,23446000,2232217000,213971000,0,2030423000,17421000,32139000,21621000,21873000,807888000,51068000,2190596000,160173000,180173000,-9072000,27440000,453377000,1878525000,188991000,402309000,None,20000000,1878000,2030423000,0,0,17421000,0,32139000,-77197000,None,61866000,None,1992811000,None,20000000,21621000,41621000,None,None,None,250680000,2446188000,453377000,None,15000000,USD,-51142000,-5039000,-54192000,-2660000,80759000,26656000,-51600000,-1649000,6569000,-18623000,8913000,8030000,1449000,-3221000,718000,793000,0,-2096000,390000,None,None,-18623000,27.17,26.57
19,2015-09-30,USD,23178000,14850000,1790000,23178000,8328000,5933000,0,0,8328000,0,14850000,None,8328000,0,10000,None,None,None,0,0,0,2395000,0,0,5933000,5933000,None,USD,2419551000,3263000,None,None,2208409000,211142000,0,2082051000,17421000,28791000,26944000,22003000,799682000,69691000,2137051000,55000000,None,-7620000,28186000,467250000,1838631000,185876000,397559000,None,20000000,841000,2082051000,0,0,17421000,0,28791000,-77381000,None,60218000,None,1952301000,None,20000000,51358000,71358000,None,None,None,249931000,2419551000,467250000,None,15000000,USD,-60763000,1935000,-59354000,1504000,-29359000,77600000,109598000,None,5933000,24554000,6308000,-7357000,1578000,-3164000,525000,0,0,4219000,95000,None,None,24554000,26.7,27.17
