,fiscalDateEnding,reportedCurrency_x,totalRevenue,totalOperatingExpense,costOfRevenue,grossProfit,ebit,netIncome_x,researchAndDevelopment,effectOfAccountingCharges,incomeBeforeTax,minorityInterest,sellingGeneralAdministrative,otherNonOperatingIncome,operatingIncome,otherOperatingExpense,interestExpense,taxProvision,interestIncome,netInterestIncome,extraordinaryItems,nonRecurring,otherItems,incomeTaxExpense,totalOtherIncomeExpense,discontinuedOperations,netIncomeFromContinuingOperations,netIncomeApplicableToCommonShares,preferredStockAndOtherAdjustments,reportedCurrency_y,totalAssets,intangibleAssets,earningAssets,otherCurrentAssets,totalLiabilities,totalShareholderEquity,deferredLongTermLiabilities,otherCurrentLiabilities,commonStock,retainedEarnings,otherLiabilities,goodwill,otherAssets,cash,totalCurrentLiabilities,shortTermDebt,currentLongTermDebt,otherShareholderEquity,propertyPlantEquipment,totalCurrentAssets,longTermInvestments,netTangibleAssets,shortTermInvestments,netReceivables,longTermDebt,inventory,accountsPayable,totalPermanentEquity,additionalPaidInCapital,commonStockTotalEquity,preferredStockTotalEquity,retainedEarningsTotalEquity,treasuryStock,accumulatedAmortization,otherNonCurrrentAssets,deferredLongTermAssetCharges,totalNonCurrentAssets,capitalLeaseObligations,totalLongTermDebt,otherNonCurrentLiabilities,totalNonCurrentLiabilities,negativeGoodwill,warrants,preferredStockRedeemable,capitalSurplus,liabilitiesAndShareholderEquity,cashAndShortTermInvestments,accumulatedDepreciation,commonStockSharesOutstanding,reportedCurrency,investments,changeInLiabilities,cashflowFromInvestment,otherCashflowFromInvestment,netBorrowings,cashflowFromFinancing,otherCashflowFromFinancing,changeInOperatingActivities,netIncome_y,changeInCash,operatingCashflow,otherOperatingCashflow,depreciation,dividendPayout,stockSaleAndPurchase,changeInInventory,changeInAccountReceivables,changeInNetIncome,capitalExpenditures,changeInReceivables,changeInExchangeRate,changeInCashAndCashEquivalents,clossingVal,nextClossingVal
0,2020-06-30,USD,3409000,3281000,None,None,666000,446000,None,None,641000,None,3281000,None,128000,None,1000,195000,263000,262000,None,None,None,195000,251000,None,446000,446000,None,USD,93430000,None,None,None,3121000,90309000,None,None,135000,89326000,None,1410000,10737000,4165000,1633000,None,None,262000,410000,50255000,30529000,88899000,44001000,182000,1118000,None,1219000,None,None,None,None,None,None,None,1438000,None,43175000,370000,None,None,1488000,None,None,None,None,None,None,None,None,USD,-6071000,0,-6071000,560000,1118000,None,None,-19000,446000,-4817000,122000,None,24000,None,None,None,30000,-382000,0,None,None,None,12.93,
1,2020-03-31,USD,4051000,-3906000,None,4051000,8010000,-72000,None,None,92000,None,-3906000,53000,7957000,None,None,164000,320000,320000,None,None,None,164000,-195000,None,-72000,-72000,None,USD,92365000,None,None,None,2346000,179620000,None,None,135000,88880000,None,1410000,11137000,8982000,1890000,None,None,90019000,72000,10455000,59624000,88609000,55692000,1473000,None,None,1890000,None,None,135000,None,88880000,-67972000,None,11421000,None,9383000,456000,None,456000,456000,None,None,None,68558000,92365000,8982000,None,6567765,USD,5050000,-15000,5971000,921000,1118000,None,None,-137000,-72000,5711000,-260000,-525000,24000,None,None,None,-9000,290000,0,38000,None,5711000,8.05,12.93
2,2019-12-31,USD,4996000,-3215000,None,4996000,8215000,1045000,None,None,1437000,None,-3192000,4000,8211000,None,None,392000,329000,329000,None,-23000,None,392000,-16000,None,1045000,1045000,None,USD,92509000,None,None,None,2345000,180102000,None,778000,135000,89217000,None,1410000,10435000,3156000,1805000,None,None,90164000,96000,4875000,65398000,88754000,60587000,1719000,None,None,1805000,None,None,135000,None,89217000,-67972000,None,11273000,None,9457000,540000,None,540000,540000,None,None,None,68558000,92509000,3156000,None,6567765,USD,-4318000,246000,-2898000,1420000,1118000,None,None,581000,1045000,-1091000,1807000,45000,24000,None,None,None,63000,193000,0,254000,None,-1091000,10.33,8.05
3,2019-09-30,USD,5114000,3077000,None,5114000,2279000,1823000,None,None,2256000,None,3077000,26000,2037000,None,0,433000,319000,319000,None,-125000,None,433000,-100000,None,1823000,1823000,None,USD,90685000,None,None,None,1516000,89169000,None,575000,135000,88172000,None,1410000,10486000,4308000,1516000,None,None,276000,120000,64783000,13606000,87759000,56123000,266000,None,None,941000,None,None,135000,None,88172000,-67972000,None,1135000,None,25902000,None,None,None,0,None,None,None,68558000,90685000,4308000,None,7000000,USD,-4344000,-1237000,-4344000,1291000,1118000,-284000,None,1056000,1823000,1410000,5961000,4361000,23000,0,-284000,None,-31000,-911000,115000,166000,None,1333000,7.0,10.33
4,2019-06-30,USD,5298000,2980000,None,5298000,3369000,2304000,None,None,3341000,None,2980000,5000,2318000,None,0,1037000,821000,821000,None,-100000,None,1037000,202000,None,2304000,2304000,None,USD,90368000,None,None,None,1208000,89160000,None,None,135000,87956000,None,1410000,11803000,2898000,1208000,None,None,199000,145000,62862000,14148000,87750000,50286000,235000,None,None,1208000,None,None,135000,None,87956000,-67688000,None,1443000,None,27506000,None,None,None,0,None,None,None,68558000,90368000,2898000,None,7000000,USD,-6510000,0,-6510000,5224000,None,-560000,None,512000,2304000,-796000,6282000,3801000,28000,0,-560000,None,147000,60000,5000,214000,None,-788000,7.04,7.0
5,2019-03-31,USD,306000,-3395000,None,5862000,9313000,1773000,None,None,2411000,None,-3395000,56000,9257000,None,None,638000,-56000,255000,None,None,None,638000,318000,None,1773000,1773000,None,USD,89118000,None,None,None,1597000,174738000,None,None,135000,85652000,None,1410000,10548000,3694000,1597000,None,None,87521000,168000,19029000,45231000,86111000,38390000,15335000,None,None,1597000,None,None,135000,None,85652000,-67128000,None,12732000,None,10548000,None,None,None,0,None,None,None,68558000,89118000,3694000,None,6685415,USD,-2157000,-416000,411000,2680000,None,-560000,None,-4772000,1773000,-2462000,-2873000,-4201000,28000,None,None,None,-6000,149000,112000,-206000,None,-2462000,4.7,7.04
6,2018-12-31,USD,234000,-3956000,0,5702000,9658000,1275000,0,None,1746000,None,-3926000,None,9658000,-30000,0,471000,None,None,None,None,None,471000,-30000,None,1275000,1275000,None,USD,87673000,None,None,None,1969000,171148000,None,None,135000,83879000,None,1410000,11545000,6211000,1969000,None,None,85704000,84000,18462000,44839000,84294000,None,12251000,None,None,1969000,None,None,135000,None,83879000,-67128000,None,12152000,None,10726000,None,None,None,None,None,None,None,68558000,87673000,6211000,None,6685415,USD,-4390000,-232000,-2188000,2202000,None,-560000,None,430000,1275000,-239000,1949000,801000,16000,None,None,None,-203000,228000,112000,-139000,None,-239000,4.26,4.7
7,2018-09-30,USD,3635000,-21967000,3701000,7679000,28755000,3749000,0,0,3656000,0,-18717000,-891000,29646000,-2840000,-39000,None,None,None,0,-410000,0,-93000,3948000,-80000,3749000,3749000,None,USD,86315000,1410000,None,9481000,2281000,168033000,0,None,135000,82441000,None,1410000,11743000,6284000,2281000,None,None,84034000,100000,57787000,10981000,82624000,38054000,13449000,0,0,2281000,84034000,68551000,135000,0,82441000,-67128000,None,5097000,None,10940000,None,None,2281000,2281000,None,None,None,68551000,86315000,44338000,None,6685415,USD,-29304000,536000,-24814000,4502000,None,-560000,1387000,2628000,3749000,-24078000,736000,1734000,16000,-35352000,0,0,-203000,-1435000,12000,-3864000,None,-24078000,3.95,4.26
8,2018-06-30,USD,7330000,4301000,4187000,7330000,3029000,1957000,0,0,3012000,0,4201000,None,3029000,0,17000,None,None,None,0,100000,0,1055000,-17000,-80000,1957000,1957000,None,USD,82037000,1410000,None,7815000,1752000,160527000,0,None,135000,78692000,None,1410000,10408000,30319000,1752000,None,None,80285000,104000,55346000,13793000,78875000,8576000,16451000,0,0,1752000,80285000,68543000,135000,0,78692000,-67128000,None,2199000,None,9185000,None,None,1752000,1752000,None,None,None,68543000,82037000,38895000,None,6685415,USD,-1849000,-144000,-88000,1787000,None,-33566000,1387000,1082000,1957000,3515000,3603000,1561000,14000,-35352000,0,0,-203000,136000,26000,79000,None,3515000,3.4,3.95
9,2018-03-31,USD,5788000,4719000,3285000,5788000,1562000,1020000,0,0,1560000,0,3299000,493000,1069000,1420000,2000,None,None,None,0,0,0,540000,-929000,160000,1020000,1020000,None,USD,80206000,1410000,None,8965000,1946000,156536000,0,None,135000,76735000,None,1410000,10531000,26647000,1946000,None,None,78260000,92000,51108000,15994000,76850000,5571000,18890000,0,0,1946000,78260000,68534000,135000,0,76735000,-67128000,None,2386000,None,9216000,None,None,1946000,1946000,None,None,None,68534000,80206000,32218000,None,6685415,USD,54380000,-1597000,39788000,-14592000,None,-34953000,1387000,-1662000,1020000,3644000,-1191000,-95000,14000,-35352000,399000,0,-203000,-511000,26000,-22000,None,3644000,3.75,3.4
10,2017-12-31,USD,5271000,-4212000,4194000,5271000,9131000,-2589000,0,0,1411000,0,-4212000,-352000,9483000,0,-2000,None,None,None,0,0,0,4000000,352000,-80000,-2589000,-2589000,None,USD,115730000,1410000,None,9470000,3491000,224438000,0,None,134000,111067000,2345000,1410000,71688000,23185000,1146000,None,None,112239000,106000,48677000,54583000,110829000,5577000,19915000,0,0,1146000,112239000,68126000,134000,0,111067000,-67128000,None,1768000,None,9186000,None,None,3491000,3491000,None,None,None,68126000,115730000,28762000,None,6623815,USD,5040000,-1460000,3581000,-1459000,None,1387000,1387000,-916000,-2669000,5827000,859000,1042000,18000,0,0,0,0,3951000,26000,-23000,None,5827000,7.5,3.75
11,2017-09-30,USD,5212000,-58789000,6267000,5212000,56623000,-1349000,0,0,-241000,-925000,-57512000,-7378000,64001000,0,-436000,None,None,None,0,-1277000,0,1108000,4379000,-4620000,-1349000,-1349000,None,USD,201538000,1410000,None,9909000,86731000,229596000,0,81751000,134000,113736000,84896000,1410000,167073000,17591000,81751000,None,None,114807000,124000,39033000,54178000,113397000,5511000,15931000,0,0,1835000,114807000,68047000,134000,0,113736000,-67128000,None,94097000,None,12696000,None,None,86731000,86731000,None,None,None,68047000,201538000,23102000,None,6623815,USD,-2212000,-729000,220000,2438000,None,1245000,6631000,-1773000,-5523000,-365000,-1830000,650000,-88000,0,0,0,228000,3242000,6000,618000,None,-365000,7.55,7.5
12,2017-06-30,USD,5458000,6214000,6041000,5458000,1954000,1571000,0,0,1790000,316000,6066000,2710000,-756000,0,164000,None,None,None,0,148000,0,219000,0,560000,1571000,1571000,None,USD,212671000,1410000,None,8093000,93478000,238175000,0,78629000,134000,117949000,83878000,1410000,170014000,25213000,9600000,9600000,9764000,119193000,141000,46659000,51884000,117783000,5500000,15946000,9600000,0,0,121905000,66575000,134000,0,117949000,-67128000,None,98457000,None,14120000,None,None,83878000,83878000,None,None,None,68027000,212671000,30713000,None,6623815,USD,5878000,-871000,8301000,2429000,-4034000,-6093000,-1879000,91000,3441000,-637000,-2845000,2101000,134000,0,0,0,0,-7301000,6000,-349000,None,-637000,8.1,7.55
13,2017-03-31,USD,4775000,12251000,12226000,4775000,-7831000,-6916000,0,0,-7863000,1413000,12251000,-355000,-7476000,0,32000,None,None,None,0,-296000,0,-947000,0,-1120000,-6916000,-6916000,None,USD,208355000,1410000,None,8656000,92321000,116034000,0,None,133000,115818000,82721000,1410000,169841000,18110000,9600000,9600000,18709000,169000,158000,42657000,49102000,114624000,5397000,19150000,9600000,0,0,119151000,65612000,133000,0,115818000,-67128000,None,101047000,None,13981000,None,None,82721000,82721000,None,None,None,67042000,208355000,23507000,None,6562215,USD,54556000,1664000,50403000,-4146000,9600000,-41986000,2617000,91000,-7974000,6563000,-1854000,-1132000,25000,0,-54203000,0,0,5644000,7000,-81000,None,6563000,8.15,8.1
14,2016-12-31,USD,9162000,10983000,7269000,9162000,-1821000,-1657000,0,0,-2755000,21000,10983000,404000,-1821000,0,934000,None,None,None,0,148000,0,-1119000,0,560000,-1636000,-1657000,None,USD,257463000,1410000,None,5900000,79182000,179085000,0,None,133000,126406000,78900000,2770000,225084000,14675000,0,15264000,15264000,-1549000,219000,88230000,51229000,176315000,55045000,18510000,71566000,0,0,179710000,65420000,133000,0,126406000,-12925000,None,98430000,None,16585000,None,71566000,7616000,79182000,None,None,None,67020000,257463000,69720000,None,11876224,USD,2952000,1021000,-2232000,-5178000,-4034000,-4214000,4131000,-3270000,-1636000,-12016000,-5570000,-4531000,136000,0,-180000,0,40000,-530000,6000,-30000,None,-12016000,9.8,8.15
15,2016-09-30,USD,-17699000,-61635000,5964000,-17699000,33385000,1496000,0,0,-2109000,-4847000,-61347000,-10551000,43936000,0,-1072000,None,None,None,2906000,-288000,0,-1444000,8206000,2906000,-665000,1496000,None,USD,255008000,1410000,None,1764000,73225000,181783000,0,69238000,133000,126738000,71587000,1410000,223339000,16282000,70876000,67435000,67435000,803000,196000,87186000,52172000,180373000,56763000,14141000,0,0,1638000,182146000,67026000,133000,0,126738000,-12925000,None,99141000,None,14903000,None,None,73225000,73225000,None,None,None,67034000,255008000,73045000,None,11876224,USD,-10990000,-1120000,8652000,19687000,15824000,6239000,15824000,6679000,2241000,3239000,-11652000,3603000,-65000,0,333000,0,297000,-16718000,45000,-44000,None,3239000,10.5,9.8
16,2016-06-30,USD,19021000,10591000,6902000,19021000,8430000,3196000,0,0,7598000,1549000,10591000,None,8430000,0,832000,None,None,None,0,-444000,0,2853000,0,0,4745000,3196000,None,USD,245779000,2770000,None,5761000,69289000,177392000,0,None,133000,123782000,6622000,2770000,208148000,17111000,0,None,None,-173000,219000,93075000,47110000,174622000,56744000,19220000,62667000,0,0,176490000,64707000,133000,0,123782000,-12925000,None,90335000,None,12270000,None,62667000,6622000,69289000,None,None,None,66575000,245779000,73855000,None,11837224,USD,6619000,668000,-8475000,-15040000,3259000,923000,None,None,4745000,-2783000,4769000,1250000,196000,-350000,-2336000,0,341000,-2059000,54000,-31000,None,-2783000,10.57,10.5
17,2016-03-31,USD,10948000,13333000,8126000,10948000,-2385000,-1831000,0,0,-3173000,83000,13209000,None,-2385000,0,788000,None,None,None,0,124000,0,-1425000,0,0,-1748000,-1831000,None,USD,238780000,2770000,None,7625000,65371000,175510000,0,None,132000,120586000,5963000,2770000,194121000,19894000,0,59408000,59408000,-706000,356000,98842000,38561000,172740000,55589000,23359000,59408000,0,0,173409000,173409000,132000,173409000,120586000,-10114000,None,85064000,None,13187000,None,59408000,5963000,65371000,None,None,None,65612000,238780000,75483000,None,12011476,USD,3377000,2237000,-2302000,-5636000,3491000,2004000,None,-706000,-1748000,-2610000,-2312000,204000,126000,-351000,-1487000,0,372000,-3010000,43000,-121000,None,-2610000,8.91,10.57
18,2015-12-31,USD,12335000,8239000,5639000,12335000,4096000,1806000,0,0,3368000,529000,8239000,None,4096000,0,728000,None,None,None,0,0,0,1033000,0,0,2335000,1806000,None,USD,235975000,2770000,None,6767000,59897000,177911000,0,None,132000,122417000,3980000,2770000,188475000,22504000,0,None,None,-1127000,386000,101230000,38815000,175141000,55045000,23681000,55917000,0,0,176078000,176078000,132000,176078000,122417000,-8931000,None,79819000,None,12955000,None,55917000,3980000,59897000,None,None,None,65420000,235975000,77549000,None,12154177,USD,9463000,-219000,1624000,-7813000,4306000,-3312000,None,None,2335000,-1811000,-123000,421000,120000,-438000,-7618000,0,493000,-3273000,26000,493000,None,-1811000,7.95,8.91
19,2015-09-30,USD,3037000,10115000,6764000,3037000,-7872000,517000,0,0,1905000,519000,10115000,None,-7078000,0,685000,None,None,None,0,164000,0,869000,-54000,1776000,1036000,517000,None,USD,237372000,2770000,None,8166000,56052000,182317000,0,624000,131000,118926000,423000,2770000,188803000,24315000,56919000,51611000,51611000,-1685000,480000,113969000,40907000,181204000,59727000,22352000,48199000,0,3394000,181320000,181320000,131000,181320000,120611000,-1751000,None,74542000,None,12279000,None,51611000,4441000,56052000,None,None,None,65011000,237372000,84042000,None,13000000,USD,16885000,-1384000,10126000,-6807000,4907000,2921000,19316000,-8731000,1659000,-3332000,-16379000,-7386000,-93000,-242000,-1744000,0,0,-8741000,48000,-434000,None,-3332000,8.53,7.95
