,fiscalDateEnding,reportedCurrency_x,totalRevenue,totalOperatingExpense,costOfRevenue,grossProfit,ebit,netIncome_x,researchAndDevelopment,effectOfAccountingCharges,incomeBeforeTax,minorityInterest,sellingGeneralAdministrative,otherNonOperatingIncome,operatingIncome,otherOperatingExpense,interestExpense,taxProvision,interestIncome,netInterestIncome,extraordinaryItems,nonRecurring,otherItems,incomeTaxExpense,totalOtherIncomeExpense,discontinuedOperations,netIncomeFromContinuingOperations,netIncomeApplicableToCommonShares,preferredStockAndOtherAdjustments,reportedCurrency_y,totalAssets,intangibleAssets,earningAssets,otherCurrentAssets,totalLiabilities,totalShareholderEquity,deferredLongTermLiabilities,otherCurrentLiabilities,commonStock,retainedEarnings,otherLiabilities,goodwill,otherAssets,cash,totalCurrentLiabilities,shortTermDebt,currentLongTermDebt,otherShareholderEquity,propertyPlantEquipment,totalCurrentAssets,longTermInvestments,netTangibleAssets,shortTermInvestments,netReceivables,longTermDebt,inventory,accountsPayable,totalPermanentEquity,additionalPaidInCapital,commonStockTotalEquity,preferredStockTotalEquity,retainedEarningsTotalEquity,treasuryStock,accumulatedAmortization,otherNonCurrrentAssets,deferredLongTermAssetCharges,totalNonCurrentAssets,capitalLeaseObligations,totalLongTermDebt,otherNonCurrentLiabilities,totalNonCurrentLiabilities,negativeGoodwill,warrants,preferredStockRedeemable,capitalSurplus,liabilitiesAndShareholderEquity,cashAndShortTermInvestments,accumulatedDepreciation,commonStockSharesOutstanding,reportedCurrency,investments,changeInLiabilities,cashflowFromInvestment,otherCashflowFromInvestment,netBorrowings,cashflowFromFinancing,otherCashflowFromFinancing,changeInOperatingActivities,netIncome_y,changeInCash,operatingCashflow,otherOperatingCashflow,depreciation,dividendPayout,stockSaleAndPurchase,changeInInventory,changeInAccountReceivables,changeInNetIncome,capitalExpenditures,changeInReceivables,changeInExchangeRate,changeInCashAndCashEquivalents,clossingVal,nextClossingVal
0,2020-06-30,USD,39376000,32797000,None,None,7270000,7270000,23327000,None,7270000,None,9470000,691000,6579000,-39376000,None,0,691000,691000,None,None,None,None,None,None,7270000,7270000,None,USD,294801000,29000000,None,5059000,27686000,267115000,2531000,3250000,33000,-458806000,2531000,12638000,5232000,96709000,17271000,None,None,104000,2063000,235088000,None,225477000,130005000,3315000,None,None,14021000,None,None,33000,None,-458806000,None,None,16012000,None,59713000,11134000,None,7884000,10415000,None,None,None,725784000,294801000,226714000,None,32807519,USD,76954000,1264000,76549000,None,None,950000,None,-2675000,7270000,54383000,-23116000,-39803000,122000,None,950000,None,-260000,8291000,405000,-260000,None,54383000,23.32,
1,2020-03-31,USD,4081000,31775000,None,None,-26655000,-26655000,23046000,None,-26655000,None,8729000,1039000,-27694000,-4081000,None,0,1039000,1039000,None,None,None,None,None,None,-26655000,-26655000,None,USD,313310000,29000000,None,4568000,61542000,251768000,2531000,9979000,32000,-466076000,31857000,12638000,1661000,42326000,21146000,None,None,-86000,1780000,256752000,None,210130000,206803000,3055000,None,None,11167000,None,None,32000,None,-466076000,None,None,13140000,None,56558000,11803000,None,37865000,40396000,None,None,None,717898000,313310000,249129000,None,32624725,USD,20758000,-3628000,20693000,20758000,None,119000,None,-4303000,-26655000,-4406000,-25218000,-1444000,115000,None,119000,None,319000,6075000,65000,319000,None,-4406000,14.83,23.32
2,2019-12-31,USD,4766000,125992000,22616000,-17850000,-27825000,-27084000,85757000,None,-27825000,None,32919000,859000,-28684000,-8652000,None,-741000,859000,859000,None,None,None,-741000,0,None,-27084000,-27084000,None,USD,339907000,29000000,None,5363000,66690000,273217000,2531000,9597000,32000,-439421000,33168000,12638000,1684000,46732000,24440000,None,None,-201000,1830000,282780000,None,231579000,227311000,3374000,None,None,14843000,None,None,32000,None,-439421000,None,None,13659000,None,57127000,12268000,None,39719000,42250000,None,None,None,712807000,339907000,274043000,None,32558307,USD,-95007000,2633000,-95022000,-48764000,None,137415000,747000,2595000,-27084000,21865000,-20528000,-2619000,117000,None,137415000,None,-430000,6855000,15000,-430000,None,21865000,20.46,14.83
3,2019-09-30,USD,4231000,-4231000,30224000,-30224000,-25010000,-24995000,21736000,None,-25010000,None,8488000,983000,-25993000,-4231000,None,-15000,983000,983000,None,None,None,-15000,983000,None,-24995000,-24995000,None,USD,223345000,29000000,None,5441000,66856000,156489000,3251000,9359000,26000,-412337000,35519000,12638000,1671000,24867000,21498000,None,None,-205000,1931000,165322000,None,114851000,132070000,2944000,None,None,12139000,None,None,26000,None,-412337000,None,None,14454000,None,58023000,13047000,None,42107000,45358000,None,None,None,569005000,223345000,156937000,None,25872723,USD,7819000,4240000,7819000,46243000,None,1385000,None,2088000,-24995000,-9391000,-18595000,-4464000,117000,None,1385000,None,-41000,6548000,1539000,-41000,None,-9391000,9.83,20.46
4,2019-06-30,USD,3080000,-3084000,22780000,-22780000,-18518000,-18503000,18700000,None,-18514000,None,4080000,1182000,-19700000,-3084000,None,-11000,1182000,1182000,None,None,None,-11000,4000,None,-18503000,-18503000,None,USD,241511000,29000000,None,6746000,66804000,174707000,36834000,8936000,26000,-387342000,36834000,12638000,1693000,34258000,19935000,None,None,-187000,2048000,183460000,None,133069000,139553000,2903000,None,None,10999000,None,None,26000,None,-387342000,None,None,14365000,None,58051000,12889000,None,10035000,46869000,None,None,None,562210000,241511000,173811000,None,25646783,USD,25501000,-2790000,25450000,38424000,None,706000,None,-6182000,-18503000,5151000,-21005000,-3091000,125000,None,706000,None,84000,3170000,51000,84000,None,5151000,13.49,9.83
5,2019-03-31,USD,3885000,-1000,32221000,-28336000,-27060000,-27052000,22704000,None,-27059000,None,9517000,1276000,-28336000,-1000,None,-7000,1276000,1276000,None,None,None,-7000,1000,None,-27052000,-27052000,None,USD,259247000,29000000,None,4283000,68846000,190401000,None,53026000,26000,-368839000,33120000,12638000,1661000,29107000,25205000,2704000,2704000,-239000,2079000,200806000,None,148763000,164429000,2987000,10521000,None,15820000,None,None,26000,None,-368839000,None,None,14724000,None,58441000,13225000,None,10521000,43641000,None,None,None,559453000,259247000,193536000,None,25549757,USD,12923000,-2764000,11435000,12923000,None,140000,None,-1510000,-27052000,-12364000,-23939000,-1463000,135000,None,140000,None,-557000,7762000,1488000,-557000,None,-12364000,19.69,13.49
6,2018-12-31,USD,3735227,-92286406,107539000,-118607773,-25021522,-26160971,22704000,0,-25021522,0,4505814,1299845,-26321367,-14804000,0,None,None,None,0,0,0,1139449,-3000155,0,-26160971,-26160971,None,USD,268045000,29000000,None,1992000,57392000,210653000,38920000,5100000,25000,-341787000,38920000,12638000,3348000,41471000,18472000,None,None,-347000,557000,222502000,None,169015000,176609000,2430000,None,None,13372000,None,None,25000,None,-341787000,None,None,3348000,None,45543000,None,None,None,38920000,None,None,None,552762000,268045000,218080000,None,25495425,USD,-61948024,2564099,-62158822,-135057000,None,604521,408000,2177360,-26160971,-78281130,-16726829,-945587,-291750,None,604521,None,160441,7946939,210798,160441,None,-78281130,22.62,19.69
7,2018-09-30,USD,4285848,26861411,19108918,4285848,-21541580,-21535038,19108918,0,-21541580,0,7752493,1033983,-22575563,0,0,None,None,None,0,0,0,-6542,1033983,0,-21535038,-21535038,None,USD,282977202,29000000,None,3342759,53543978,229433224,38934256,5105104,25460,-315626044,38934256,12638136,950515,119752339,14609722,None,None,-354896,515798,239872753,None,187795088,114187793,2589862,0,0,9504618,0,0,25460,0,-315626044,0,None,950515,None,43104449,None,None,None,38934256,None,None,None,545388704,282977202,233940132,None,25460122,USD,-73562998,219618,-73600383,0,None,155844743,None,290022,-21535038,65560208,-16684152,-1147251,393804,0,155844743,0,-464265,5848980,37385,-464265,None,65560208,37.14,22.62
8,2018-06-30,USD,3217865,30383786,17840128,3217865,-26840139,-26806232,17840128,0,-26840139,0,12543658,325782,-27165921,0,0,None,None,None,0,0,0,-33907,-3974218,0,-26806232,-26806232,None,USD,142418089,29000000,None,2731385,53317524,89100565,40186659,5512109,20614,-294091006,40186659,12638136,406735,54192131,13130865,None,None,-372078,639897,97529218,2204103,47462429,38480105,2125597,0,0,7618756,0,0,20614,0,-294091006,0,None,406735,None,44888871,None,None,None,40186659,None,None,None,383543035,142418089,92672236,None,20614498,USD,1514650,-294620,1462393,0,None,1849305,None,-477154,-26806232,-12734499,-16046197,-909462,143860,0,1849305,0,137959,11682298,52257,137959,None,-12734499,39.21,37.14
9,2018-03-31,USD,3565060,20237209,14541174,3565060,-16248759,-16248759,14541174,0,-16248759,0,5696035,423390,-16672149,0,0,None,None,None,0,0,0,0,423390,0,-16248759,-16248759,None,USD,156020828,29000000,None,43866794,53639579,102381249,41459646,5159587,20387,-267284774,41459646,12638136,425592,66926630,12179933,None,None,-459350,731500,113225600,None,102381249,42232348,2263556,0,0,7020346,0,0,20387,0,-267284774,0,None,None,None,42795228,None,None,None,41459646,None,None,None,370104986,156020828,109158978,None,20386736,USD,-1060628,-2544097,-1100188,0,None,1494431,None,-2483228,-16248759,-15106579,-15500822,-991700,168086,0,1494431,0,9865,4105783,39560,9865,None,-15106579,49.14,39.21
10,2017-12-31,USD,3315457,93915893,15595075,-12279618,-11951905,-3007072,10597000,0,-11951905,0,17021000,327713,-12279618,0,0,None,None,None,0,0,0,-8944833,368000,0,-3007072,-3007072,None,USD,169303445,41638000,None,46222307,56183676,113119769,0,5229227,20138,-251036015,40555000,12638000,45324000,82033209,13492166,None,None,-392391,860026,123118512,3347000,113119769,37914482,2273421,0,0,8262939,0,0,20138,0,-251036015,0,None,None,None,46184933,None,None,42691510,42691510,None,None,None,364528037,169303445,119947691,None,20137974,USD,-1312071,13915,-1673520,0,None,66229560,None,1016000,-3007072,54785977,-9770063,140165,94549,0,66229560,0,-2273000,-6138573,361449,-873047,None,54785977,45.25,49.14
11,2017-09-30,USD,2659613,-48596455,15109793,-12450180,-12307922,-12272019,10929000,0,-12307922,0,0,142258,-12450180,0,0,None,None,None,0,0,0,-35903,0,0,-12272019,-12272019,None,USD,112313122,41638000,None,44019569,65180271,47132851,52961258,4995894,17386,-248028943,41815000,12638000,43068000,27247232,12219013,None,None,-388389,593126,68651761,None,47132851,39052821,1400374,0,0,7223119,0,0,17386,0,-248028943,0,None,None,None,43661361,None,None,None,52961258,None,None,None,295532797,112313122,66300053,None,17385773,USD,-1007654,-1029576,-1510769,0,None,262878,None,-24552,-12272019,-12205505,-10957614,-71517,41846,0,262878,0,0,2660267,503115,-286615,None,-12205505,34.92,45.25
12,2017-06-30,USD,2359311,15926562,15926562,-13567251,-13668377,-13598864,12125000,0,-13668377,0,0,-101126,-13567251,0,0,None,None,None,0,0,0,-69513,0,0,-13598864,-13598864,None,USD,122774619,41638000,None,45952582,66239607,56535012,54250258,4995894,17361,-235756924,43075000,12638000,44974000,39452737,11989349,None,None,-398267,131857,77668536,None,56535012,36123684,1113759,0,0,6993455,0,0,17361,0,-235756924,0,None,None,None,45106083,None,None,None,54250258,None,None,None,292672842,122774619,75576421,None,17360689,USD,-19116164,-212841,-19116164,0,None,108041,None,2526652,-13598864,-31365274,-12357151,234667,50914,0,108041,0,0,2282732,0,-1113759,None,-31365274,20.65,34.92
13,2017-03-31,USD,684369,0,14614198,-13929829,-13930593,-13930593,10574000,0,-13930593,0,0,-764,-13929829,0,0,None,None,None,0,0,0,0,0,0,-13930593,-13930593,None,USD,134284191,29000000,None,1298673,66396027,67888164,55439388,4995894,17318,-222158060,44319000,12638136,41879000,70818011,10956639,None,None,-524677,182771,92221684,None,26250028,20105000,None,0,0,5960745,0,0,17318,0,-222158060,0,None,241600,None,42062507,None,None,None,55439388,None,None,None,290553583,134284191,90923011,None,17318044,USD,6658000,48155422,6658000,0,None,640017,None,-687497,-13930593,42242926,34944909,-673731,31916,0,640017,0,0,1361895,0,None,None,42242926,25.49,20.65
14,2016-12-31,USD,0,45278000,11868254,-11868254,-12164359,-11546687,8623000,0,-12164359,0,11843000,-296105,-11868254,0,0,None,None,None,0,0,0,-617672,399000,0,-11546687,-11546687,None,USD,98118606,29000000,None,611176,18240605,79878001,0,4753000,17247,-208227467,11119651,12638136,44329000,28575085,7120954,None,None,-600769,214687,53574664,2435753,38239865,24388403,None,0,0,18240605,0,0,17247,0,-208227467,0,None,255366,None,44543942,None,None,None,11119651,None,None,None,288688990,98118606,52963488,None,17246754,USD,15778827,-361292,15667592,0,None,152640,None,2749000,-11546687,4780997,-11039235,-51847,25001,0,152640,0,-2273000,895590,111235,None,None,4780997,12.15,25.49
15,2016-09-30,USD,0,0,11678925,-11678925,-11574117,-11574117,8833000,0,-11574117,0,11661000,104808,-11678925,0,0,None,None,None,0,0,0,0,0,0,-11574117,-11574117,None,USD,109127019,29000000,None,609351,19082246,90044773,11600000,3644000,17226,-196680780,None,12638136,49744000,23794088,7482246,None,None,-836568,128453,59254826,7900260,48406637,34851387,None,0,0,7482246,0,0,17226,0,-196680780,0,None,205344,None,49872193,None,None,None,11600000,None,None,None,287544895,109127019,58645475,None,17225554,USD,11350001,2437378,11317070,0,None,0,None,-52707,-11574117,3452750,-7864320,-74353,18157,0,0,0,0,1328616,32931,None,None,3452750,7.21,12.15
16,2016-06-30,USD,0,0,10454130,-10454130,-10152200,-10152200,7519000,0,-10152200,0,10436000,301930,-10454130,0,0,None,None,None,0,0,0,0,0,0,-10152200,-10152200,None,USD,117205921,29000000,None,556644,16644868,100561053,11600000,2631000,17226,-185106663,None,12638136,52989000,20341338,5044868,None,None,-839362,113679,64102987,11167421,58922917,43205005,None,0,0,5044868,0,0,17226,0,-185106663,0,None,183698,None,53102934,None,None,None,11600000,None,None,None,286489852,117205921,63546343,None,17225554,USD,6714000,1475526,6714000,0,None,0,None,209037,-10152200,-53707,-6767707,229618,18535,0,0,0,0,1660813,2000,None,None,-53707,5.55,7.21
17,2016-03-31,USD,0,0,11277152,-11277152,-10988558,-10988558,8118000,0,-10988558,0,11258000,288594,-11277152,0,0,None,None,None,0,0,0,0,0,0,-10988558,-10988558,None,USD,124454324,29000000,None,765681,15169342,109284982,11600000,1243000,17226,-174954463,None,12638136,65233000,20395045,3569342,None,None,-749495,132214,59089199,23390496,67646846,37928473,None,0,0,3569342,0,0,17226,0,-174954463,0,None,204279,None,65365125,None,None,None,11600000,None,None,None,284971714,124454324,58323518,None,17225662,USD,2500075,166440,2497912,0,None,0,None,-68515,-10988558,-6712481,-9210393,-68515,18558,0,0,0,0,1661682,2163,None,None,-6712481,5.02,5.55
18,2015-12-31,USD,0,29655630,8176281,-8176281,-7748276,-7748276,5226000,0,-7748276,0,8159000,428005,-8176281,0,0,None,None,None,0,0,0,0,1201797,0,-7748276,-7748276,None,USD,133744497,29000000,None,704287,15002902,118741595,0,2039000,17226,-163965905,11600000,12638136,65227000,27107526,3402902,None,None,-821585,148609,68368465,23392129,77103459,40556652,None,0,0,15002902,0,0,17226,0,-163965905,0,None,197158,None,65376032,None,None,None,11600000,None,None,None,283511859,133744497,67664178,None,17225662,USD,-1128863,728179,-3838761,-2699628,None,81569000,None,1330842,-7748276,-9293961,-5455200,-2870,17040,0,0,0,-2273000,1550727,10270,None,None,-9293961,7.51,5.02
19,2015-09-30,USD,0,0,7122226,-7122226,-6617933,-6617933,4630000,0,-6617933,0,7105000,504293,-7122226,0,0,None,None,None,0,0,0,0,0,0,-6617933,-6617933,None,USD,139654016,29000000,None,705295,14251569,125402447,0,1187000,17226,-156217629,None,12638136,72995000,36401487,2651569,None,None,-387878,156483,66503164,31186107,83764311,29396382,None,0,0,14251569,0,0,17226,0,-156217629,0,None,170126,None,73150852,None,None,None,11600000,None,None,None,281990728,139654016,65797869,None,17225662,USD,-14887752,411609,-12187974,2699778,None,257443,None,None,-6617933,-17116658,-5186127,-145175,17552,0,257443,0,0,1147820,48000,None,None,-17116658,9.56,7.51
