,fiscalDateEnding,reportedCurrency_x,totalRevenue,totalOperatingExpense,costOfRevenue,grossProfit,ebit,netIncome_x,researchAndDevelopment,effectOfAccountingCharges,incomeBeforeTax,minorityInterest,sellingGeneralAdministrative,otherNonOperatingIncome,operatingIncome,otherOperatingExpense,interestExpense,taxProvision,interestIncome,netInterestIncome,extraordinaryItems,nonRecurring,otherItems,incomeTaxExpense,totalOtherIncomeExpense,discontinuedOperations,netIncomeFromContinuingOperations,netIncomeApplicableToCommonShares,preferredStockAndOtherAdjustments,reportedCurrency_y,totalAssets,intangibleAssets,earningAssets,otherCurrentAssets,totalLiabilities,totalShareholderEquity,deferredLongTermLiabilities,otherCurrentLiabilities,commonStock,retainedEarnings,otherLiabilities,goodwill,otherAssets,cash,totalCurrentLiabilities,shortTermDebt,currentLongTermDebt,otherShareholderEquity,propertyPlantEquipment,totalCurrentAssets,longTermInvestments,netTangibleAssets,shortTermInvestments,netReceivables,longTermDebt,inventory,accountsPayable,totalPermanentEquity,additionalPaidInCapital,commonStockTotalEquity,preferredStockTotalEquity,retainedEarningsTotalEquity,treasuryStock,accumulatedAmortization,otherNonCurrrentAssets,deferredLongTermAssetCharges,totalNonCurrentAssets,capitalLeaseObligations,totalLongTermDebt,otherNonCurrentLiabilities,totalNonCurrentLiabilities,negativeGoodwill,warrants,preferredStockRedeemable,capitalSurplus,liabilitiesAndShareholderEquity,cashAndShortTermInvestments,accumulatedDepreciation,commonStockSharesOutstanding,reportedCurrency,investments,changeInLiabilities,cashflowFromInvestment,otherCashflowFromInvestment,netBorrowings,cashflowFromFinancing,otherCashflowFromFinancing,changeInOperatingActivities,netIncome_y,changeInCash,operatingCashflow,otherOperatingCashflow,depreciation,dividendPayout,stockSaleAndPurchase,changeInInventory,changeInAccountReceivables,changeInNetIncome,capitalExpenditures,changeInReceivables,changeInExchangeRate,changeInCashAndCashEquivalents,clossingVal,nextClossingVal
0,2020-06-30,USD,20617000,39850000,5238000,15379000,-37116000,-34499000,1626000,None,-43971000,None,28131000,None,-19233000,None,1604000,-9472000,None,-1604000,None,None,None,-9472000,-23134000,None,-34499000,-34499000,None,USD,345724000,179716000,None,None,260746000,84978000,None,11705000,11000,-393070000,34540000,14147000,7470000,59403000,134372000,None,7374000,None,7349000,135463000,1579000,-108885000,None,34653000,91834000,25398000,28535000,None,None,None,None,None,None,None,7470000,None,210261000,None,None,34540000,126374000,None,None,None,None,None,None,None,None,USD,63766000,-2827000,63766000,None,-89671000,-90240000,None,-11105000,-34499000,-46570000,-20096000,None,5251000,None,None,2893000,-378000,20445000,0,None,None,None,0.86,
1,2020-03-31,USD,20917000,37549000,1399000,20917000,51952000,41230000,1041000,None,43278000,None,27314000,68584000,-16632000,9194000,8674000,2048000,-20232000,-8674000,None,None,None,2048000,68584000,None,41230000,41230000,None,USD,219274000,23671000,None,60670000,135237000,84037000,None,2066000,8000,-358571000,12944000,None,4125000,105973000,122293000,57866000,57866000,None,3233000,180113000,8132000,60366000,None,12952000,None,518000,62361000,None,None,8000,None,-358571000,None,None,4125000,None,39161000,None,None,12944000,12944000,None,None,None,442600000,219274000,105973000,None,71000000,USD,449036000,-18581000,449036000,449045000,-359835000,-360107000,-272000,-31366000,41230000,63866000,-25063000,-18594000,13455000,None,None,-2381000,29792000,-78217000,9000,29792000,None,63866000,0.65,0.86
2,2019-12-31,USD,59225000,247647000,2563000,56662000,-184424000,-192626000,5574000,None,-197545000,None,22949000,6561000,-190985000,25443000,13121000,-4919000,-6560000,-13121000,None,193681000,None,-4936000,-187120000,None,-192609000,-192626000,None,USD,527170000,400535000,None,15688000,469212000,57958000,None,2094000,8000,-399801000,8581000,None,3347000,42107000,184553000,80000000,80000000,None,3497000,103951000,13064000,-342577000,None,42744000,271258000,3412000,102459000,None,None,8000,None,-399801000,None,None,6123000,None,423219000,6914000,271258000,13401000,284659000,None,None,None,457751000,527170000,42107000,None,80888134,USD,45000,-21994000,45000,None,-20000000,-19974000,-42000,1821000,-192626000,-12074000,7855000,3722000,31395000,None,68000,-103000,683000,186778000,45000,683000,None,-12074000,1.25,0.65
3,2019-09-30,USD,55147000,63037000,2243000,52904000,15488000,3331000,1476000,None,1616000,None,36117000,25621000,-10133000,25444000,13872000,-1715000,-14636000,-13872000,None,None,None,-1715000,25621000,None,3331000,3331000,None,USD,756866000,615768000,None,23480000,508432000,248434000,None,2096000,8000,-207175000,11775000,None,2580000,54181000,205732000,80000000,80000000,None,3873000,124402000,7244000,-367334000,None,43427000,285584000,3314000,123636000,None,None,8000,None,-207175000,None,None,5579000,None,632464000,7438000,285584000,17116000,302700000,None,None,None,455601000,756866000,54181000,None,73000000,USD,6209000,32271000,6209000,None,-50000000,-54287000,-4268000,2772000,3331000,-14167000,33911000,5279000,25722000,None,183000,-408000,-9116000,-17392000,905000,-9116000,None,-14167000,1.28,1.25
4,2019-06-30,USD,57203000,51461000,2124000,55079000,2378000,-13605000,1263000,None,-12464000,None,24755000,-1240000,3618000,25443000,14842000,1141000,-16082000,-14842000,None,None,None,1141000,-1240000,None,-13605000,-13605000,None,USD,812874000,641212000,None,26231000,615435000,197439000,None,2100000,6000,-210506000,17560000,None,7788000,68348000,176938000,80000000,80000000,-5000,13050000,139009000,8589000,-443773000,7114000,34311000,415077000,3005000,94838000,None,None,6000,None,-210506000,None,None,11014000,None,673865000,None,415077000,23420000,438497000,None,None,None,407944000,812874000,75462000,None,64000000,USD,-7722000,-2529000,-7722000,-7114000,-55000000,-55135000,-4268000,-7545000,-13605000,-41343000,21514000,-7946000,25513000,None,183000,235000,9178000,4211000,608000,9178000,None,-41343000,3.45,1.28
5,2019-03-31,USD,57929000,54857000,2575000,55354000,29062000,-14301000,1793000,None,-14091000,None,25045000,-609000,3072000,25444000,17163000,210000,-17163000,-17163000,None,None,None,210000,-17163000,None,-14301000,-14301000,None,USD,883464000,666655000,None,25726000,674919000,208545000,None,2116000,6000,-196901000,16578000,None,2994000,109691000,222962000,115000000,115000000,-5000,20071000,181982000,10362000,-458110000,None,44167000,429022000,3077000,5421000,None,None,6000,None,-196901000,None,None,7840000,None,701482000,None,429022000,22935000,451957000,None,None,None,405445000,883464000,109691000,None,64000000,USD,-13000,-15213000,-13000,None,-28249000,-28440000,-3465000,23635000,-14301000,-1258000,27195000,26487000,25990000,None,25000,-40000,-6278000,4386000,13000,-6278000,None,-1258000,5.07,3.45
6,2018-12-31,USD,42599000,-7023000,704000,41895000,-74858000,-24138000,2207000,0,-29471000,0,25468000,-61776000,-13082000,25443000,16613000,-5333000,None,None,0,-60141000,0,-5333000,-18391000,0,-24138000,-24138000,None,USD,932866000,692099000,None,56551000,712531000,220335000,None,1133000,6000,-182600000,20388000,None,7812000,110949000,246036000,120000000,120000000,-5000,13064000,208107000,11784000,-471764000,None,37211000,446107000,3396000,124903000,None,None,6000,None,-182600000,None,None,7812000,None,724759000,None,446107000,20388000,466495000,None,None,None,402934000,932866000,110949000,None,64185224,USD,-3000000,-4155000,-1520000,3000000,-25000000,-25197000,-365000,3133000,-24138000,-10955000,15762000,1749000,31276000,None,168000,505000,6701000,3824000,1520000,6701000,None,-10955000,3.61,5.07
7,2018-09-30,USD,77493000,64890000,2975000,74518000,72305000,48270000,2127000,0,55115000,0,33409000,62677000,9628000,25443000,17190000,6845000,None,None,0,3911000,0,6845000,41693000,0,48270000,48270000,None,USD,983507000,717542000,None,57297000,741098000,242409000,0,1432000,6000,-158462000,19497000,0,26789000,121904000,261074000,125000000,125000000,-4000,11808000,227368000,None,-475133000,0,43912000,460527000,4255000,134642000,0,0,6000,0,-158462000,0,None,26789000,None,756139000,None,460527000,19497000,480024000,None,None,None,400869000,983507000,121904000,None,83000000,USD,-3000000,14229000,-6215000,-3000000,-25000000,114000,-54000,-28580000,48270000,64671000,70772000,-26558000,32403000,0,168000,696000,-1763000,3495000,3215000,-1763000,None,64671000,5.88,3.61
8,2018-06-30,USD,63274000,64746000,2753000,60521000,-4158000,-21048000,2180000,0,-21168000,0,31308000,67000,-4225000,25444000,17010000,-120000,None,None,0,5814000,0,-120000,-22458000,0,-21048000,-21048000,None,USD,912195000,742985000,None,22741000,720989000,191206000,0,1746000,323045000,-206732000,14173000,0,30997000,57233000,231778000,105000000,105000000,-4000,11113000,127100000,None,-551779000,0,42149000,475038000,4977000,125032000,0,0,323045000,0,-206732000,0,None,30997000,None,785095000,None,475038000,14173000,489211000,None,None,None,74897000,912195000,57233000,None,64000000,USD,-3000000,-9815000,-771000,80000,-57500000,-56627000,-175000,-13052000,-21048000,-44460000,12938000,-14169000,32288000,0,1048000,390000,20278000,5014000,771000,20278000,None,-44460000,6.67,5.88
9,2018-03-31,USD,128404000,65022000,12044000,116360000,51567000,33824000,1528000,0,33499000,0,29033000,229000,51338000,25444000,18068000,-325000,None,None,0,9017000,0,-325000,-26614000,0,33824000,33824000,None,USD,1002071000,768429000,None,23815000,795981000,206090000,0,2427000,316727000,-185684000,14206000,0,28680000,101693000,257128000,107500000,107500000,-3000,11658000,193304000,None,-562339000,0,62428000,524647000,5368000,147201000,0,0,316727000,0,-185684000,0,None,28680000,None,808767000,None,524647000,14206000,538853000,None,None,None,75050000,1002071000,101693000,None,82000000,USD,1200000,-35571000,1424000,225000,-57500000,360000,-276000,-79282000,33824000,-25191000,-26975000,-77227000,32336000,0,636000,7457000,10055000,2151000,1000,10055000,None,-25191000,6.59,6.67
10,2017-12-31,USD,94407000,109389000,17703000,76704000,-16118000,-33104000,1259000,0,-33973000,0,48317000,16567000,-32685000,25541000,17855000,None,None,None,0,34272000,0,-869000,-74441000,0,-33104000,-33104000,None,USD,1038617000,793873000,None,17238000,869109000,169508000,0,3678000,313857000,-219508000,14299000,0,794742000,126884000,310580000,82500000,82500000,-5000,13024000,230851000,None,-624365000,1205000,72482000,544230000,13042000,224402000,0,0,313857000,0,-219508000,0,None,869000,None,807766000,None,544230000,14299000,558529000,None,None,None,75164000,1038617000,128089000,None,63400348,USD,4673000,16190000,4569000,-1000,-13400000,-12532000,-543000,-3557000,-33104000,19299000,27262000,23043000,31637000,0,1411000,-2145000,30107000,-13575000,103000,5216000,None,19299000,8.05,6.59
11,2017-09-30,USD,95413000,76779000,17396000,78017000,1310000,-15992000,1761000,0,-16505000,0,48850000,72000,1238000,25734000,17815000,None,None,None,0,434000,0,-513000,5097000,0,-15992000,-15992000,None,USD,1059507000,824944000,None,17704000,860860000,198647000,0,2684000,309351000,-186404000,20821000,0,826290000,107585000,263150000,57500000,57500000,-7000,13943000,219274000,None,-626297000,5872000,77698000,576889000,10415000,202966000,0,0,309351000,0,-186404000,0,None,1346000,None,840233000,None,576889000,20821000,597710000,None,None,None,75707000,1059507000,113457000,None,63000000,USD,-2283000,-13413000,-2341000,1000,-10000000,-93000,-380000,-9643000,-15992000,-5640000,-3206000,-7608000,31178000,0,287000,-218000,24891000,1837000,59000,1010000,None,-5640000,5.79,8.05
12,2017-06-30,USD,100457000,84800000,19725000,80732000,-9150000,-26659000,5614000,0,-26908000,0,50010000,-5082000,-4068000,25735000,17758000,None,None,None,0,3441000,0,-249000,-2966000,0,-26659000,-26659000,None,USD,1085600000,850679000,None,13103000,874204000,211396000,0,2768000,306103000,-170412000,23213000,0,852025000,113225000,278941000,57500000,None,-2000,14532000,219043000,None,-639283000,3574000,78708000,572050000,10433000,218673000,0,0,306103000,0,-170412000,0,None,1346000,None,866557000,None,572050000,23213000,595263000,None,None,None,75707000,1085600000,116799000,None,63000000,USD,3059000,8380000,3255000,230000,-104000000,-99945000,-590000,None,-26659000,-74585000,22105000,10910000,31103000,0,4645000,-383000,23881000,9648000,34000,-10894000,None,-74585000,10.74,5.79
13,2017-03-31,USD,90447000,79338000,17774000,72673000,-6415000,-26741000,5084000,0,-26539000,0,48519000,250000,-6665000,25735000,20124000,None,None,None,0,0,0,202000,-19874000,0,-26741000,-26741000,None,USD,1179724000,876414000,None,12487000,949509000,230215000,0,3177000,298055000,-143753000,24551000,0,877846000,187810000,301531000,100000000,None,-4000,15107000,286771000,None,-646199000,6702000,67813000,623427000,11959000,198354000,0,0,298055000,0,-143753000,0,None,1432000,None,892953000,None,623427000,24551000,647978000,None,None,None,75917000,1179724000,194512000,None,62000000,USD,52831000,-20231000,52411000,50000,None,1684000,-913000,None,-26741000,70101000,16006000,-2267000,30999000,0,2597000,873000,34775000,-1402000,470000,34775000,None,70101000,12.55,10.74
14,2016-12-31,USD,123911000,83350000,22657000,101254000,18079000,-44368000,9154000,0,-2458000,0,48462000,175000,17904000,25734000,20537000,None,None,None,0,0,0,41910000,-68695000,0,-44368000,-44368000,None,USD,1225337000,902149000,None,13162000,974549000,250788000,0,5470000,291634000,-116744000,28531000,0,903607000,117709000,227242000,718776000,718776000,-19000,15526000,306204000,None,-651361000,59711000,102589000,718776000,13033000,221772000,0,0,291634000,0,-116744000,0,None,1458000,None,919133000,None,718776000,28531000,747307000,None,None,None,75917000,1225337000,177420000,None,61966188,USD,-12957000,1187000,-13031000,0,-100000000,2819000,-347000,5296000,-44368000,27352000,37564000,23507000,30945000,0,3166000,-2199000,-30931000,43695000,74000,-15203000,None,27352000,18.02,12.55
15,2016-09-30,USD,110524000,89023000,20243000,90281000,1371000,-12894000,10412000,0,-18936000,0,51574000,113000,1258000,27037000,20307000,None,None,None,0,0,0,-6042000,5664000,0,-12894000,-12894000,None,USD,1249686000,927884000,None,11884000,958955000,290731000,0,5213000,283899000,-72376000,28737000,0,972674000,90357000,216030000,None,None,-31000,16065000,260947000,1182000,-637153000,45554000,101894000,714188000,11258000,210817000,0,0,283899000,0,-72376000,0,None,1264000,42344000,988739000,None,714188000,28737000,742925000,None,None,None,79239000,1249686000,135911000,None,61000000,USD,-15784000,11187000,-16032000,0,None,2170000,548000,None,-12894000,2536000,16398000,-4222000,32143000,0,1622000,-1173000,15833000,-1231000,248000,-7412000,None,2536000,24.9699,18.02
16,2016-06-30,USD,116682000,86056000,20965000,95717000,3951000,-10541000,7116000,0,-16197000,0,51903000,-5710000,9661000,27037000,20148000,None,None,None,0,0,0,-5656000,-3261000,0,-10541000,-10541000,None,USD,1246077000,954920000,None,15705000,948975000,297102000,0,5016000,277912000,-59482000,21396000,0,999660000,87821000,217851000,None,None,-19000,16194000,230223000,1184000,-657818000,29925000,86336000,709728000,10436000,212835000,0,0,277912000,0,-59482000,0,None,1367000,42189000,1015854000,None,709728000,21396000,731124000,None,None,None,78691000,1246077000,117746000,None,61000000,USD,-18751000,16066000,-21244000,0,-105000000,-99401000,235000,None,-10541000,-94152000,28077000,-4390000,32057000,0,3780000,415000,8354000,3693000,2493000,-9223000,None,-94152000,19.62,24.9699
17,2016-03-31,USD,104780000,85545000,22908000,81231000,-4184000,-20917000,5949000,0,-26911000,0,52559000,130000,-4314000,27037000,22133000,None,None,None,0,0,0,-5994000,-22597000,0,-20917000,-20917000,None,USD,1335632000,981957000,None,12349000,1035893000,299739000,0,4266000,269864000,-48941000,22210000,0,1027918000,181973000,309121000,100000000,None,-18000,15075000,292639000,2010000,-682218000,10351000,77112000,704562000,10854000,204855000,0,0,269864000,0,-48941000,0,None,1367000,42584000,1042993000,None,704562000,22210000,726772000,None,None,None,78834000,1335632000,192324000,None,61000000,USD,95888000,-25266000,95843000,0,None,1584000,201000,None,-20917000,80889000,-16538000,-522000,31903000,0,1383000,-761000,936000,-1911000,45000,936000,None,80889000,13.93,19.62
18,2015-12-31,USD,111172000,116737000,21007000,90165000,-3519000,-30667000,6340000,0,-48855000,0,58337000,23053000,-26572000,27060000,45336000,None,None,None,0,25000000,0,-18188000,-101651000,0,-30667000,-30667000,None,USD,1363432000,1008994000,None,10665000,1048377000,315055000,0,4166000,264511000,-28024000,22237000,0,1039666000,101084000,219632000,800325000,800325000,-54000,14794000,308972000,None,-693939000,108684000,78045000,806508000,10494000,215466000,0,0,264511000,0,-28024000,0,None,7677000,22995000,1054460000,None,806508000,22237000,828745000,None,None,None,78622000,1363432000,209768000,None,60787309,USD,-41677000,-46646000,-67241000,-25011000,562063000,2772000,614000,107933000,-30668000,-6416000,58053000,131907000,31947000,0,2158000,1796000,-44117000,-27845000,553000,-2438000,None,-6416000,18.13,13.93
19,2015-09-30,USD,104856000,80707000,19503000,83942000,-19337000,-11785000,4629000,0,-19337000,0,50219000,-22572000,3235000,27013000,22028000,None,None,None,0,0,0,-7552000,-554000,0,-11785000,-11785000,None,USD,1362592000,1035566000,None,20461000,1020937000,341655000,15340000,3595000,258208000,2627000,22767000,0,1044398000,107500000,180221000,None,None,-17000,15417000,302777000,2027000,-693911000,64984000,98478000,802609000,11354000,176626000,0,0,258208000,0,2644000,0,None,6805000,None,1059815000,None,802609000,22767000,840716000,None,None,None,80820000,1362592000,172484000,None,60000000,USD,-38645000,44666000,-38673000,0,None,3320000,1738000,None,-11784000,13406000,48759000,-5689000,31821000,0,1582000,-1623000,41352000,118000,28000,-8750000,None,13406000,18.85,18.13
