,fiscalDateEnding,reportedCurrency_x,totalRevenue,totalOperatingExpense,costOfRevenue,grossProfit,ebit,netIncome_x,researchAndDevelopment,effectOfAccountingCharges,incomeBeforeTax,minorityInterest,sellingGeneralAdministrative,otherNonOperatingIncome,operatingIncome,otherOperatingExpense,interestExpense,taxProvision,interestIncome,netInterestIncome,extraordinaryItems,nonRecurring,otherItems,incomeTaxExpense,totalOtherIncomeExpense,discontinuedOperations,netIncomeFromContinuingOperations,netIncomeApplicableToCommonShares,preferredStockAndOtherAdjustments,reportedCurrency_y,totalAssets,intangibleAssets,earningAssets,otherCurrentAssets,totalLiabilities,totalShareholderEquity,deferredLongTermLiabilities,otherCurrentLiabilities,commonStock,retainedEarnings,otherLiabilities,goodwill,otherAssets,cash,totalCurrentLiabilities,shortTermDebt,currentLongTermDebt,otherShareholderEquity,propertyPlantEquipment,totalCurrentAssets,longTermInvestments,netTangibleAssets,shortTermInvestments,netReceivables,longTermDebt,inventory,accountsPayable,totalPermanentEquity,additionalPaidInCapital,commonStockTotalEquity,preferredStockTotalEquity,retainedEarningsTotalEquity,treasuryStock,accumulatedAmortization,otherNonCurrrentAssets,deferredLongTermAssetCharges,totalNonCurrentAssets,capitalLeaseObligations,totalLongTermDebt,otherNonCurrentLiabilities,totalNonCurrentLiabilities,negativeGoodwill,warrants,preferredStockRedeemable,capitalSurplus,liabilitiesAndShareholderEquity,cashAndShortTermInvestments,accumulatedDepreciation,commonStockSharesOutstanding,reportedCurrency,investments,changeInLiabilities,cashflowFromInvestment,otherCashflowFromInvestment,netBorrowings,cashflowFromFinancing,otherCashflowFromFinancing,changeInOperatingActivities,netIncome_y,changeInCash,operatingCashflow,otherOperatingCashflow,depreciation,dividendPayout,stockSaleAndPurchase,changeInInventory,changeInAccountReceivables,changeInNetIncome,capitalExpenditures,changeInReceivables,changeInExchangeRate,changeInCashAndCashEquivalents,clossingVal,nextClossingVal
0,2020-03-31,USD,118000,2007000,111000,7000,-2068000,-2068000,814000,None,-2068000,None,1193000,-68000,-2000000,None,None,0,-68000,-68000,None,None,None,None,None,None,-2068000,-2068000,None,USD,7508000,None,None,361000,4857000,2651000,None,326000,190599000,-197687000,None,None,72000,4660000,4146000,2500000,2500000,None,371000,6128000,None,2651000,None,514000,None,593000,3820000,None,None,190599000,None,-197687000,-4129000,None,1009000,None,1380000,1037000,43000,711000,711000,None,None,None,13868000,7508000,4660000,None,7575742,USD,0,35000,None,None,1000000,5378000,None,706000,-2068000,3778000,-1600000,491000,38000,None,4378000,-319000,128000,95000,0,128000,None,3778000,2.6,
1,2019-12-31,USD,205000,2049000,196000,9000,-2083000,-2083000,939000,None,-2083000,None,1110000,-43000,-2040000,None,-43000,0,-43000,-43000,None,None,None,None,-43000,None,-2083000,-2083000,None,USD,3677000,None,None,924000,3430000,247000,None,301000,190598000,-195619000,None,None,286000,393000,2678000,1500000,1500000,None,351000,2018000,214000,247000,None,427000,None,274000,2377000,None,None,190598000,None,-195619000,-4129000,None,1094000,None,1659000,1053000,None,752000,752000,None,None,None,9397000,3677000,393000,None,6348137,USD,0,54000,None,None,1000000,951000,None,211000,-2083000,-575000,-1526000,426000,148000,None,951000,56000,-210000,83000,0,-210000,None,-575000,1.8,2.6
2,2019-09-30,USD,1000,2057000,0,1000,-2068000,-2068000,855000,None,-2068000,None,1202000,-12000,-2056000,None,-12000,0,-12000,-12000,None,None,None,None,-12000,None,-2068000,-2068000,None,USD,5115000,None,None,338000,3820000,1295000,None,237000,190597000,-193536000,None,None,286000,1579000,2516000,1500000,1500000,None,409000,2893000,214000,1295000,None,646000,None,330000,2279000,None,None,190597000,None,-193536000,-4129000,None,1599000,None,2222000,1541000,None,1304000,1304000,None,None,None,8363000,5115000,1579000,None,5926137,USD,0,-61000,None,None,1500000,1821000,None,53000,-2068000,-9000,-1830000,53000,141000,None,321000,1000,0,104000,0,None,None,-9000,1.77,1.8
3,2019-06-30,USD,87000,1760000,79000,8000,-1742000,-1742000,552000,None,-1742000,None,1208000,10000,-1752000,None,-12000,0,10000,10000,None,None,None,None,10000,None,-1742000,-1742000,None,USD,3692000,None,None,371000,984000,2708000,None,2000,190571000,-191698000,146000,None,501000,1588000,838000,None,None,None,469000,2722000,429000,2708000,0,432000,None,331000,838000,None,None,190571000,None,-191698000,-4129000,None,72000,None,970000,None,None,146000,146000,None,None,None,7964000,3692000,1588000,None,5775171,USD,0,21000,3597000,3597000,1500000,1989000,None,-80000,-1742000,64000,-1925000,-80000,62000,None,1989000,-324000,38000,100000,0,38000,None,64000,2.5,1.77
4,2019-03-31,USD,0,2264000,0,0,-2252000,-1394000,1026000,None,-2252000,None,1238000,12000,-2264000,None,-12000,-858000,12000,12000,None,None,None,-858000,12000,None,-1394000,-1394000,None,USD,3363000,None,None,328000,1002000,2361000,None,393000,190648000,-189956000,156000,None,510000,1524000,846000,None,None,None,531000,2322000,0,2361000,0,470000,None,None,453000,None,None,190648000,None,-189956000,-4129000,None,81000,429000,1041000,None,None,156000,156000,None,None,None,5798000,3363000,1524000,None,5776509,USD,0,-80000,3597000,3597000,1500000,998000,None,-126000,-1394000,-1322000,-2320000,-555000,64000,None,998000,-324000,-33000,-322000,0,-33000,None,-1322000,3.64,2.5
5,2018-12-31,USD,7000,2183000,11000,7000,-2160000,-2160000,897000,None,-2160000,None,1286000,16000,-2176000,None,-12000,None,None,None,None,None,None,0,16000,None,-2160000,-2160000,None,USD,3766000,None,None,236000,1116000,2650000,None,336000,190584000,-188562000,167000,None,81000,2846000,949000,None,None,None,595000,3090000,None,2650000,None,8000,None,None,613000,None,None,190584000,None,-188562000,-4129000,None,81000,None,676000,None,None,167000,167000,None,None,None,4757000,3766000,2846000,None,5570969,USD,None,114000,2000,2000,1500000,2921000,None,-87000,-2160000,940000,-1983000,-87000,67000,None,2921000,-324000,21000,62000,0,21000,None,940000,4.77,3.64
6,2018-09-30,USD,33000,2247000,11000,22000,-2238000,-2238000,1103000,None,-2238000,None,1144000,-13000,-2225000,None,-13000,None,None,None,None,None,None,0,-13000,None,-2238000,-2238000,None,USD,2950000,0,None,270000,1123000,1827000,0,526000,190565000,-186402000,177000,0,81000,1906000,946000,None,None,None,664000,2205000,None,1827000,0,29000,0,0,420000,0,0,190565000,0,-186402000,-4129000,None,81000,None,745000,None,None,177000,177000,None,None,None,1793000,2950000,1906000,None,4095374,USD,3595000,-7000,3595000,0,None,6000,None,-127000,-2238000,1354000,-2247000,-127000,75000,0,6000,-324000,-17000,67000,0,-17000,None,1354000,2.77,4.77
7,2018-06-30,USD,45000,4269000,12000,33000,-4253000,-4253000,1319000,0,-4253000,0,1257000,-17000,-4236000,0,-17000,None,None,None,0,1693000,0,0,-1710000,0,-4253000,-4253000,None,USD,5140000,0,None,154000,1148000,3992000,0,434000,190570000,-184164000,188000,0,81000,552000,960000,None,None,-31000,733000,4276000,50000,3992000,3551000,12000,0,7000,526000,0,1745000,190570000,0,-184164000,-4128000,None,81000,None,864000,None,None,188000,188000,None,None,None,1745000,5140000,4103000,None,4097346,USD,2071000,-12000,2066000,0,None,-4000,None,156000,-4253000,-81000,-2143000,156000,170000,0,-4000,0,-8000,1804000,5000,-8000,None,-81000,3.1,2.77
8,2018-03-31,USD,41000,2858000,2656000,-17000,-2855000,-2855000,1495000,0,-2855000,0,1363000,3000,-2858000,0,-17000,None,None,None,0,0,0,0,3000,0,-2855000,-2855000,None,USD,9311000,0,None,269000,1146000,8165000,0,2000,190544000,-179911000,216000,0,81000,633000,930000,None,None,-52000,2618000,6562000,50000,8165000,5647000,4000,0,9000,930000,0,0,190544000,0,-179911000,-4124000,None,81000,None,2749000,None,None,216000,216000,None,None,None,1708000,9311000,6280000,None,4107538,USD,2792000,-161000,2792000,0,None,-4000,None,-171000,-2855000,-81000,-2792000,-171000,202000,0,0,0,6000,187000,5000,6000,None,None,2.65,3.1
9,2017-12-31,USD,41000,3184000,24000,17000,-3137000,-3137000,1582000,0,-3137000,0,1602000,30000,-3167000,0,-17000,None,None,None,0,0,0,0,-40000,0,-3137000,-3137000,None,USD,12347000,0,None,272000,1482000,10865000,0,967000,190491000,-177056000,228000,0,1336000,633000,1254000,None,None,-62000,2808000,8203000,1255000,10865000,7278000,10000,0,10000,1254000,0,0,190491000,0,-177056000,-4124000,None,81000,None,4144000,None,None,228000,228000,None,None,None,1616000,12347000,7911000,None,4107538,USD,2926000,85000,2919000,0,None,-4000,None,253000,-3137000,538000,-2381000,253000,195000,0,0,0,136000,153000,7000,70000,None,538000,3.35,2.65
10,2017-09-30,USD,0,3076000,2878000,0,-3006000,-3006000,1669000,0,-3006000,0,1407000,70000,-3076000,0,0,None,None,None,0,0,0,0,70000,0,-3006000,-3006000,None,USD,15125000,0,None,246000,1240000,13885000,0,796000,190437000,-173919000,242000,0,1509000,95000,998000,None,None,-59000,3001000,10615000,1428000,13885000,10062000,80000,0,132000,998000,0,0,190437000,0,-173919000,-4124000,None,81000,None,4510000,None,None,242000,242000,None,None,None,1550000,15125000,10157000,None,4108573,USD,1389000,-59000,1382000,0,None,-3000,None,-790000,-3006000,-2089000,-3468000,-790000,198000,0,-3000,0,66000,123000,7000,66000,None,-2089000,0.9885,3.35
11,2017-06-30,USD,391000,3171000,82000,309000,-2788000,-2764000,1480000,0,-2755000,-24000,1691000,74000,-2862000,0,0,None,None,None,0,0,0,0,207000,0,-2755000,-2764000,None,USD,18835000,0,None,269000,2065000,16770000,0,641000,190382000,-170913000,256000,0,1990000,2184000,1809000,None,None,-61000,3180000,13665000,1990000,16770000,10900000,146000,0,166000,1168000,16770000,1483000,190382000,0,-170913000,-4121000,None,None,None,5170000,None,None,256000,256000,None,None,None,1483000,18835000,13084000,None,20556403,USD,100000,-14000,87000,0,None,8000,None,525000,-2788000,-2269000,-2364000,120000,182000,0,8000,451000,10000,99000,13000,37000,None,-2269000,0.91,0.9885
12,2017-03-31,USD,411000,3194000,161000,250000,-2845000,-2800000,1561000,0,-2845000,-47000,1633000,99000,-2944000,0,0,None,None,None,0,0,0,2000,64000,0,-2847000,-2800000,None,USD,21650000,0,None,467000,2200000,19640000,0,1643000,190279000,-167935000,282000,0,2186000,4453000,1918000,None,None,-62000,3354000,16110000,2186000,19640000,10798000,183000,0,209000,1918000,19450000,0,190279000,0,-167935000,-4111000,None,None,None,5540000,None,None,282000,282000,None,None,None,1469000,21650000,15251000,None,20564551,USD,1446000,84000,1201000,0,None,-1283000,None,237000,-2847000,-479000,-1680000,237000,197000,0,0,451000,27000,81000,245000,568000,None,-479000,1.31,0.91
13,2016-12-31,USD,520000,2890000,319000,201000,-2654000,-2603000,1254000,0,-2654000,-51000,1636000,35000,-2689000,0,0,None,None,None,0,0,0,0,-63000,0,-2654000,-2603000,None,USD,24187000,0,None,479000,1989000,22341000,0,1735000,190212000,-165135000,63000,0,3248000,4932000,1926000,None,None,22118000,3289000,17650000,3248000,22341000,11181000,751000,0,307000,1926000,22198000,0,190212000,0,-165135000,-4111000,None,None,None,6537000,None,None,63000,63000,None,None,None,1455000,24187000,16113000,None,20577356,USD,4242000,-75000,4025000,0,None,-975000,None,329000,-2654000,1389000,-1661000,329000,165000,0,-975000,451000,595000,152000,217000,422000,None,1389000,1.5,1.31
14,2016-09-30,USD,1006000,3840000,731000,275000,-3467000,-3415000,1292000,0,-3500000,-52000,2548000,98000,-3565000,0,0,None,None,None,0,0,0,0,98000,0,-3500000,-3415000,None,USD,27503000,0,None,450000,1748000,25847000,0,1402000,190138000,-162532000,80000,0,3545000,3543000,1668000,None,None,25695000,3245000,20713000,3545000,25847000,15198000,1173000,0,349000,1668000,25755000,0,190138000,0,-162532000,-3136000,None,None,None,6790000,None,None,80000,80000,None,None,None,1437000,27503000,18741000,None,21179208,USD,2592000,29000,2568000,0,None,-308000,None,None,-3467000,-856000,-3116000,-161000,187000,0,-308000,296000,862000,862000,24000,-566000,None,-856000,1.65,1.5
15,2016-06-30,USD,1548000,3852000,1346000,202000,-3550000,-3463000,1976000,0,-3550000,-71000,1876000,100000,-3650000,0,0,None,None,None,0,0,0,-16000,379000,0,-3534000,-3463000,None,USD,30523000,0,None,319000,1896000,28667000,0,1563000,189294000,-159117000,96000,0,4208000,4399000,1800000,None,None,-101000,3392000,22923000,4208000,28667000,17102000,607000,0,496000,237000,28627000,1419000,189294000,0,-159117000,-2828000,None,None,None,7600000,None,None,96000,96000,None,None,None,1419000,30523000,21501000,None,20627511,USD,747000,-59000,735000,6100000,None,-39000,None,-253000,-7373000,-1674000,-2370000,-2314000,167000,0,-39000,0,42000,129000,12000,-293000,None,-1674000,1.69,1.65
16,2016-03-31,USD,196000,3778000,354000,-158000,-3850000,-3742000,1903000,0,-3850000,-97000,1875000,86000,-3936000,0,0,None,None,None,0,0,0,-11000,0,0,-3839000,-3742000,None,USD,33909000,0,None,470000,1926000,31952000,0,1517000,189164000,-155654000,113000,0,4304000,6073000,1813000,None,None,31794000,3554000,26051000,4304000,31952000,17658000,314000,0,1536000,1813000,0,0,189164000,0,-155654000,-2789000,None,None,None,7858000,None,None,113000,113000,None,None,None,1420000,33909000,23731000,None,21776381,USD,1993000,-113000,8002000,6100000,None,16000,None,None,0,3928000,-4090000,-4121000,142000,0,16000,0,0,173000,91000,-171000,None,3928000,2.09,1.69
17,2015-12-31,USD,927000,2997000,632000,295000,-2608000,-2526000,1326000,0,-2608000,-82000,1671000,94000,-2702000,0,0,None,None,None,0,0,0,-2000,0,0,-2608000,-2526000,None,USD,37627000,0,None,475000,2022000,35477000,0,1483000,189185000,-151912000,130000,0,5768000,2145000,1892000,None,None,35388000,3572000,28287000,5768000,35477000,18192000,6243000,0,1232000,1892000,0,0,189185000,0,-151912000,-2789000,None,None,None,9340000,None,None,130000,130000,None,None,None,1210000,37627000,20337000,None,20700673,USD,3383000,148000,3315000,0,None,0,None,None,-2608000,789000,-2526000,-2999000,141000,0,0,0,55000,106000,68000,78000,None,789000,1.53,2.09
18,2015-09-30,USD,0,3550000,0,0,-3451000,-3364000,1264000,0,-3451000,-89000,2286000,99000,-3550000,0,0,None,None,None,0,0,0,2000,0,0,-3453000,-3364000,None,USD,40121000,0,None,580000,1908000,38003000,0,1501000,189096000,-149386000,146000,0,6257000,1356000,1762000,None,None,-111000,3631000,30233000,6257000,38003000,21193000,6321000,0,783000,1762000,0,0,189096000,0,-149386000,-2789000,None,None,None,9888000,None,None,146000,146000,None,None,None,1193000,40121000,22549000,None,20700673,USD,4119000,-327000,3481000,0,None,-117000,None,None,-3453000,-974000,-4338000,-4253000,122000,0,-117000,0,0,143000,638000,-23000,None,-974000,2.07,1.53
19,2015-06-30,USD,177000,8212000,143000,34000,-8066000,-7983000,899000,0,-8066000,-112000,7313000,112000,-8178000,0,0,None,None,None,0,0,0,-2988000,224000,-3017000,-5078000,-8514000,531000,USD,44218000,0,None,296000,2490000,41429000,0,1801000,189007000,-146022000,101000,0,8516000,2330000,2389000,None,None,-23000,3108000,32594000,8516000,41429000,23161000,6298000,0,509000,2389000,0,0,189007000,0,-146022000,-2672000,None,None,None,11624000,None,None,101000,101000,None,None,None,1139000,44218000,25491000,None,20743973,USD,1524000,-118000,1011000,53189000,None,-1640000,-7564000,-368000,-8106000,-4336000,-3707000,-10366000,91000,0,-1640000,0,-139000,25550000,513000,-103000,None,-4336000,2.71,2.07
