,fiscalDateEnding,reportedCurrency_x,totalRevenue,totalOperatingExpense,costOfRevenue,grossProfit,ebit,netIncome_x,researchAndDevelopment,effectOfAccountingCharges,incomeBeforeTax,minorityInterest,sellingGeneralAdministrative,otherNonOperatingIncome,operatingIncome,otherOperatingExpense,interestExpense,taxProvision,interestIncome,netInterestIncome,extraordinaryItems,nonRecurring,otherItems,incomeTaxExpense,totalOtherIncomeExpense,discontinuedOperations,netIncomeFromContinuingOperations,netIncomeApplicableToCommonShares,preferredStockAndOtherAdjustments,reportedCurrency_y,totalAssets,intangibleAssets,earningAssets,otherCurrentAssets,totalLiabilities,totalShareholderEquity,deferredLongTermLiabilities,otherCurrentLiabilities,commonStock,retainedEarnings,otherLiabilities,goodwill,otherAssets,cash,totalCurrentLiabilities,shortTermDebt,currentLongTermDebt,otherShareholderEquity,propertyPlantEquipment,totalCurrentAssets,longTermInvestments,netTangibleAssets,shortTermInvestments,netReceivables,longTermDebt,inventory,accountsPayable,totalPermanentEquity,additionalPaidInCapital,commonStockTotalEquity,preferredStockTotalEquity,retainedEarningsTotalEquity,treasuryStock,accumulatedAmortization,otherNonCurrrentAssets,deferredLongTermAssetCharges,totalNonCurrentAssets,capitalLeaseObligations,totalLongTermDebt,otherNonCurrentLiabilities,totalNonCurrentLiabilities,negativeGoodwill,warrants,preferredStockRedeemable,capitalSurplus,liabilitiesAndShareholderEquity,cashAndShortTermInvestments,accumulatedDepreciation,commonStockSharesOutstanding,reportedCurrency,investments,changeInLiabilities,cashflowFromInvestment,otherCashflowFromInvestment,netBorrowings,cashflowFromFinancing,otherCashflowFromFinancing,changeInOperatingActivities,netIncome_y,changeInCash,operatingCashflow,otherOperatingCashflow,depreciation,dividendPayout,stockSaleAndPurchase,changeInInventory,changeInAccountReceivables,changeInNetIncome,capitalExpenditures,changeInReceivables,changeInExchangeRate,changeInCashAndCashEquivalents,clossingVal,nextClossingVal
0,2020-06-30,USD,9589103,None,None,None,None,4588348,None,None,4686352,815686,4190670,None,None,None,4889316,98004,219646,-4669670,None,None,None,98004,None,None,4588348,3806395,None,USD,1038489468,None,None,None,596197614,442291854,282840,None,347071716,None,1422729,None,746249189,36143639,None,None,None,None,61820298,None,920754744,347071716,None,None,None,None,6693642,None,None,None,None,None,None,None,None,None,None,None,None,None,None,None,None,None,None,None,None,None,None,USD,-40883955,-950101,-40883955,None,44270672,None,-304773,468429,4588348,1365919,6597126,None,712081,-8313151,0,None,None,1016243,0,None,None,None,4.12,
1,2020-03-31,USD,9134190,4783338,6017970,7718170,None,2981757,None,None,2993171,601172,4073900,None,1577150,None,6017968,11414,240465,-5777503,None,None,None,11414,None,None,2981757,2312216,None,USD,977516262,None,None,None,556684942,420831320,319014,None,325834709,None,1580189,None,736365183,35158156,None,None,None,None,62553748,None,859726002,325834709,None,None,446577520,None,17069521,None,None,None,None,None,None,None,None,None,None,None,446577520,None,None,None,None,None,None,None,35158160,None,61000000,USD,37477567,352242,37477567,37563780,-36794175,-47248850,-31269,-105961,2981757,-7427179,2344104,None,709438,-8316733,-2106673,None,None,-1532614,86210,None,None,None,5.24,4.12
2,2019-12-31,USD,15500831,4999363,5606420,15500830,None,10446245,None,None,10501468,735128,4292061,None,10501470,None,5606418,55223,215391,-5391027,None,None,None,55223,5545689,None,10446245,9703705,None,USD,1029168508,None,None,877828,592843818,436324690,353862,7607984,341203135,None,1583492,None,745582676,42308153,168922479,53273002,53273002,None,63233205,58628419,905322834,341203135,None,15431527,415079920,None,10391894,None,None,None,None,None,None,None,None,None,None,None,415079920,None,None,None,None,None,None,None,42308150,None,61000000,USD,9328836,-591905,9328836,23319660,-3051574,-31269800,-33274,-22122,10446245,1832485,5166598,None,707302,-9578101,0,None,None,-6080281,126730,None,None,None,7.7,5.24
3,2019-09-30,USD,18832608,9192940,6509020,18832610,None,9707903,None,None,9639668,731741,8449437,None,9639670,None,6509021,-68235,209985,-6299036,None,None,None,-68235,10492355,None,9707903,7695468,None,USD,1033501170,None,None,570990,597524301,435976869,333004,8869350,340867714,None,1677151,None,748936911,40782506,158678535,144031178,144031178,None,63934385,57332704,910507162,340867714,None,15926603,566483550,None,11623728,None,None,None,None,None,None,None,None,None,None,None,566483550,None,None,None,None,None,None,None,40782510,None,61000000,USD,21915643,1378655,21915643,13952200,9636053,-18606850,-1097166,-39978,9707903,26206917,5705623,None,743503,-8371813,0,None,None,-4856076,88110,None,None,None,8.18,7.7
4,2019-06-30,USD,8139399,4235858,6206940,8139390,None,3886190,None,None,3903541,507393,3416054,None,3903540,None,6206935,17351,236869,-5970066,None,None,None,17351,None,None,3886190,3103581,None,USD,1000679805,None,None,1324599,585565311,415114494,297334,7663064,320238700,None,1482707,None,702540731,13821980,154323934,132064956,132064956,None,64706890,30078060,904427729,320238700,None,14813202,392755480,None,10198700,None,None,None,None,None,None,None,None,None,None,None,392755480,None,None,None,None,None,None,None,13821980,None,60000000,USD,-16333027,-696801,-16333027,-7993310,-1856238,-17192500,-121399,11965,3886190,-23856239,3556446,None,819804,-9102021,0,None,None,-1258218,58250,None,None,None,7.12,8.18
5,2019-03-31,USD,17664600,4776217,6394920,11269680,13709189,6451810,None,None,6493460,401277,3955410,None,6493460,None,6394920,41650,3234340,-3160580,None,None,None,41648,28753,None,6451813,4920640,None,USD,993198180,None,None,792321,588704370,404493810,280552,4024732,309733140,None,1835523,None,1072870,38210500,17423478,189909392,189909392,None,65529650,46678132,871839930,309733142,785454709,15268691,392102760,None,11209049,None,None,None,None,None,None,None,4954602,None,946520047,None,392102760,None,571280893,None,None,None,None,None,38210500,None,60000000,USD,8281471,-354666,8281470,8335810,2182526,-6112850,-10460,722938,6451810,5734210,3565580,None,820810,-8284920,0,None,None,-2992896,54340,None,None,None,6.87,7.12
6,2018-12-31,USD,14090296,5446850,1007551,13082745,0,13870233,0,0,13796757,344590,3575765,None,8643446,0,-6394000,None,None,None,0,0,0,-117292,5153311,0,13914049,13092813,None,USD,982713246,None,None,1266686,583897129,304121151,397823,7576167,304121151,None,None,None,647737954,32001925,218611585,203491596,203491596,None,64596348,56868095,213510849,304121151,None,22972851,365285544,None,7213822,None,None,None,None,None,None,None,None,None,None,None,568777140,None,None,None,None,None,None,None,32001930,None,60000000,USD,28767818,-344761,41664910,49651410,-32409423,-41737001,-9571,51658,13870233,7596342,7668433,None,863534,-10361718,-40700,None,None,-8065349,36641,None,None,None,5.62,6.87
7,2018-09-30,USD,18087901,6124653,1606765,16481136,0,15719997,0,0,17073250,195059,3653288,None,11963248,0,6394000,None,None,None,0,0,0,-809805,5110002,0,17883055,14933260,None,USD,1001216917,0,None,1749557,618376294,288304200,484144,9652968,288304200,0,27000,0,681201142,24969157,181926623,147035669,147035669,None,65337065,59537471,195141239,288304200,703000,31754782,436449671,0,7831188,0,0,0,94341000,0,0,None,None,None,None,None,None,None,None,None,None,None,None,None,None,None,60000000,USD,4054490,42646,22448719,0,-26063443,-34678038,-665300,6771,15719997,-2149523,10079796,None,864600,-8341695,0,0,0,-6709426,64552,None,None,None,5.7,5.62
8,2018-06-30,USD,9361311,5253428,1290487,8070824,0,3311917,0,0,3351121,180641,3041125,None,4107883,-906315,6350000,None,None,None,0,0,0,13000,-756762,0,3338121,2530332,None,USD,1023530880,0,None,2487980,642525062,286492826,296157,7632945,286492826,0,129000,0,675180850,26328497,83849044,49577965,49577965,None,75492923,66456558,206400549,286492826,1493000,36613105,558676018,0,7837981,0,0,0,94332000,0,0,None,None,None,None,None,None,None,None,None,None,None,None,None,None,None,60000000,USD,-14292463,308021,-14174192,0,-9347972,-18125578,5049,-672626,3311917,-27253863,5045907,None,921816,-8341696,0,0,0,231396,281324,None,None,None,6.35,5.7
9,2018-03-31,USD,11110957,5113653,1395493,9715464,0,5951439,0,0,5997304,185189,2811845,None,5997304,906315,5347000,None,None,None,0,0,0,-7000,0,0,6004304,5199401,None,USD,1033499630,0,None,3143353,651607025,287384078,313396,7632945,287384078,0,342000,0,682608404,53959775,130033835,87965000,87965000,287569267,76060740,95925371,178905115,287384078,1116000,37627801,521573190,0,7752984,0,0,0,94324000,0,0,None,None,None,None,None,None,None,None,None,None,None,None,None,None,None,60000000,USD,1806351,-824082,-821004,0,-8416985,-18557955,-1229,-255901,5951439,-16507674,2871285,None,906315,-9116720,0,0,0,-1715114,150460,None,None,None,6.18,6.35
10,2017-12-31,USD,32460000,23343064,1897000,37358181,0,15648000,0,0,19557000,513011,3565000,None,25907000,4901736,5601000,None,None,None,0,761960,0,3909000,17306432,0,27975653,14946000,None,USD,1069768000,0,None,4988170,661614000,408154000,383133,8424000,313403014,0,827000,0,885437000,69598000,89487036,38130000,38130000,313840270,76692000,111238096,169644182,313403014,1986000,36055006,567548000,0,8494000,0,0,0,94314000,0,0,None,None,None,None,None,None,None,None,None,None,None,None,None,None,None,60000000,USD,-74933837,73000,-26277233,4772069,36374265,53215000,-2437211,245564,15648000,44077109,17140000,None,5212859,-33465000,0,0,442000,-19609893,442000,None,None,None,6.05,6.18
11,2017-09-30,USD,16234000,11002780,2226000,0,0,3545000,0,0,3260000,165130,3197000,None,9552000,2226396,6292000,None,None,None,0,761960,0,-222000,0,0,13298828,3022000,None,USD,1053196000,0,None,5804393,674789000,378407000,0,7608000,0,0,1197000,0,878177000,35556000,0,48997257,48997257,301552197,98499000,0,None,301220768,2449000,38514617,657687000,0,8297000,0,0,0,76855000,0,0,None,None,None,None,None,None,None,None,None,None,None,None,None,None,None,60000000,USD,-10004623,1059000,-55915419,0,8902066,57556000,-88303,-191397,3545000,20184217,13167000,None,0,-25340000,0,0,0,-288581,290000,None,None,None,6.05,6.05
12,2017-06-30,USD,16219000,-15855853,1621000,0,0,4109000,0,0,4046000,-312885,2877000,None,10451000,-3508099,6405000,None,None,None,0,-1523920,0,-2521000,0,0,-17972145,3677000,None,USD,1024827000,0,None,9806461,664348000,360479000,0,7624000,0,0,1284000,0,865272000,15372000,0,649527130,649527130,303584510,99540000,0,None,303232759,6641000,38001478,648243000,0,7197000,0,0,0,56895000,0,0,None,None,None,None,None,None,None,None,None,None,None,None,None,None,None,60000000,USD,-254733,51000,-50379395,0,-1582875,36794000,-726961,57599,4109000,-7406563,8209000,None,0,-17289000,0,0,586000,-2951867,175000,None,None,None,5.95,6.05
13,2017-03-31,USD,23209000,7207922,2484000,0,0,7289000,0,0,9819000,72000,3131000,None,16001000,1592826,6182000,None,None,None,0,761960,0,2458000,0,0,7360515,6964000,None,USD,1023532000,0,None,8531920,669678000,353854000,0,8678000,0,0,1229000,0,852989000,22778000,0,650527524,650527524,296963590,103614000,0,None,296667272,5912000,38238522,649299000,0,7872000,0,0,0,56890000,0,0,None,None,None,None,None,None,None,None,None,None,None,None,None,None,None,60000000,USD,-64879311,612000,-51597267,0,43273120,48745000,-1545597,-97700,7289000,2029940,4882000,None,0,-8289000,0,0,0,-3817165,113000,None,None,None,5.6,5.95
14,2016-12-31,USD,15899000,26922826,1964000,32423494,31882186,5624000,0,0,5599000,113240,3362000,None,9003000,9114735,3404000,None,None,None,0,184518,0,4628000,14018908,0,41172557,5349000,None,USD,944114000,0,None,9157148,623192000,320917000,456890,8018000,280026669,0,1339000,0,765634000,20749000,177162078,110219935,110219935,280129205,114227000,67035810,170729545,280026669,6758000,36746537,432205000,0,7255000,0,0,0,40788000,0,0,None,None,None,None,None,None,None,None,None,None,None,None,None,None,None,60000000,USD,-114883316,-251695,-85245061,2207628,68343427,71534000,-1829511,-112174,5624000,1520064,15232000,None,6862530,-34246000,0,0,0,-12159696,636000,None,None,None,5.4,5.6
15,2016-09-30,USD,14856000,0,2253000,0,-52255562,4623000,0,0,4953000,-11414,2378000,None,8864000,-4058937,3911000,None,None,None,0,-184518,0,331000,0,0,-28394690,4442000,None,USD,913325000,0,None,None,525618000,387702000,0,7890000,0,0,2498000,0,721372000,30915000,0,19816667,19816667,353902802,115428000,0,None,None,7546000,6883112,509109000,0,6121000,0,0,0,33799000,0,0,None,None,None,None,None,None,None,None,None,None,None,None,None,None,None,60000000,USD,-27136628,-449973,28498000,0,2396357,-24386651,-1504319,434,4623000,-12098536,9768000,None,0,-26176000,0,0,0,-6318896,541000,None,None,None,5.9,5.4
16,2016-06-30,USD,27376000,0,2369000,0,20373376,11006000,0,0,15659000,5373,2765000,None,20435000,1806732,4714000,None,None,None,0,61506,0,4653000,0,0,11005817,10881000,None,USD,945689000,0,None,None,529105000,416579000,0,9683000,0,0,2647000,0,751693000,43014000,0,19816667,19816667,392758980,107033000,0,None,None,9563000,5781748,482131000,0,6546000,0,0,0,23820000,0,0,None,None,None,None,None,None,None,None,None,None,None,None,None,None,None,60000000,USD,4083619,-132924,40162000,0,-21650623,-25452767,33000,487357,11006000,25191085,11268000,None,0,-16369000,0,0,0,-7349416,363000,None,None,None,5.48,5.9
17,2016-03-31,USD,14928000,0,2637000,0,0,2532000,0,0,2532000,0,2332000,None,7834000,0,5302000,None,None,None,0,0,0,0,0,0,0,2530000,None,USD,874453000,0,None,None,542736000,331712000,0,7608000,0,0,2227000,0,673712000,17822000,0,None,None,None,139546000,0,None,None,8754000,None,503360000,0,5556000,0,0,0,9981000,0,0,None,None,None,None,None,None,None,None,None,None,None,None,None,None,None,60000000,USD,None,None,6084000,0,None,-10163379,None,None,2532000,None,4866000,None,0,-8759000,0,0,0,None,157000,None,None,None,5.25,5.48
18,2015-12-31,USD,20841000,25218569,2372000,33451616,0,13323000,0,0,10116000,404563,2447000,None,13813000,6505011,3697000,None,None,None,0,61506,0,0,4599109,3721397,22884825,10118000,None,USD,872515000,0,None,14584734,559390000,313119000,487023,8760000,312720264,0,1317000,0,677515000,17036000,99521816,83777450,83777450,313119341,141017000,59961261,127673315,312720264,8950000,27996568,442395000,0,5668000,0,0,0,0,0,0,None,None,None,None,None,None,None,None,None,None,None,None,None,None,None,60000000,USD,-166022090,-496859,-138703473,22852000,121578568,87158000,-2863176,-416419,13323000,-32157561,19387000,None,6505011,-31557000,0,0,0,-9509769,3282000,None,None,None,5.06,5.25
19,2015-09-30,USD,14084872,-9584647,-372,14085244,2540649,7548662,0,0,7294768,0,-2380497,None,2540649,-7302581,-4754119,None,None,None,0,98431,0,0,0,253894,7294768,7858879,-310217,USD,838400518,0,None,13180667,538946585,299453933,0,516592,0,0,2057000,0,632107000,57573719,21305623,6425261,None,299453933,139955098,104553720,None,299453933,28247980,5551354,517640962,0,14363770,0,0,0,0,0,0,None,593891700,None,733846798,None,517640962,None,517640962,None,None,None,None,838400518,85821699,-14490131,60000000,USD,-447873,1146523,-1025247,1614563,-184835222,28313180,221584571,None,2540277,30506529,3218596,-1166412,2209366,-8436169,0,0,0,66757,2191937,-1577915,None,30506529,5.2,5.06
