,fiscalDateEnding,reportedCurrency_x,totalRevenue,totalOperatingExpense,costOfRevenue,grossProfit,ebit,netIncome_x,researchAndDevelopment,effectOfAccountingCharges,incomeBeforeTax,minorityInterest,sellingGeneralAdministrative,otherNonOperatingIncome,operatingIncome,otherOperatingExpense,interestExpense,taxProvision,interestIncome,netInterestIncome,extraordinaryItems,nonRecurring,otherItems,incomeTaxExpense,totalOtherIncomeExpense,discontinuedOperations,netIncomeFromContinuingOperations,netIncomeApplicableToCommonShares,preferredStockAndOtherAdjustments,reportedCurrency_y,totalAssets,intangibleAssets,earningAssets,otherCurrentAssets,totalLiabilities,totalShareholderEquity,deferredLongTermLiabilities,otherCurrentLiabilities,commonStock,retainedEarnings,otherLiabilities,goodwill,otherAssets,cash,totalCurrentLiabilities,shortTermDebt,currentLongTermDebt,otherShareholderEquity,propertyPlantEquipment,totalCurrentAssets,longTermInvestments,netTangibleAssets,shortTermInvestments,netReceivables,longTermDebt,inventory,accountsPayable,totalPermanentEquity,additionalPaidInCapital,commonStockTotalEquity,preferredStockTotalEquity,retainedEarningsTotalEquity,treasuryStock,accumulatedAmortization,otherNonCurrrentAssets,deferredLongTermAssetCharges,totalNonCurrentAssets,capitalLeaseObligations,totalLongTermDebt,otherNonCurrentLiabilities,totalNonCurrentLiabilities,negativeGoodwill,warrants,preferredStockRedeemable,capitalSurplus,liabilitiesAndShareholderEquity,cashAndShortTermInvestments,accumulatedDepreciation,commonStockSharesOutstanding,reportedCurrency,investments,changeInLiabilities,cashflowFromInvestment,otherCashflowFromInvestment,netBorrowings,cashflowFromFinancing,otherCashflowFromFinancing,changeInOperatingActivities,netIncome_y,changeInCash,operatingCashflow,otherOperatingCashflow,depreciation,dividendPayout,stockSaleAndPurchase,changeInInventory,changeInAccountReceivables,changeInNetIncome,capitalExpenditures,changeInReceivables,changeInExchangeRate,changeInCashAndCashEquivalents,clossingVal,nextClossingVal
0,2020-06-30,USD,109098000,102074000,None,109098000,7680000,4746000,None,None,6106000,3618000,34125000,656000,7024000,67828000,1574000,-2258000,66000,-1508000,None,121000,None,-2258000,469000,None,8364000,4746000,None,USD,1111605000,100305000,None,66799000,313962000,668730000,5476000,32259000,172000,540183000,62236000,60691000,35029000,125870000,118432000,3750000,3750000,-61410000,587857000,244190000,None,507734000,285000,46683000,80874000,4553000,82423000,None,None,172000,None,540183000,None,None,118562000,None,867415000,63733000,80874000,109180000,195530000,None,None,None,189785000,1111605000,126155000,-674449000,15968423,USD,-37904000,3706000,-37904000,-40672000,-987000,-8124000,-108000,42000,8366000,-21112000,24916000,695000,22125000,-4043000,-2986000,-7744000,-3588000,1356000,678000,-3588000,None,-21112000,60.57,
1,2020-03-31,USD,110905000,103606000,28113000,110905000,4641000,-1014000,None,None,3485000,3390000,34427000,-2658000,7299000,69120000,1156000,1109000,243000,-913000,None,59000,None,1109000,-2960000,None,2376000,-1014000,None,USD,1108592000,100701000,None,37608000,315513000,665758000,7545000,31040000,172000,538161000,66573000,60691000,35516000,146985000,113444000,3750000,3750000,-62242000,592927000,235342000,None,504366000,104000,45246000,81775000,5399000,78654000,None,None,172000,None,538161000,-54358000,None,118931000,None,873250000,64900000,81775000,112749000,202069000,None,None,None,189667000,1108592000,147089000,-653525000,15979034,USD,-2768000,-3616000,-16829000,-14061000,-1948000,-13888000,-1625000,382000,2376000,-15258000,15459000,697000,22644000,-6941000,-3374000,431000,-10887000,3814000,8393000,-10887000,None,-15258000,58.71,60.57
2,2019-12-31,USD,112085000,107871000,29503000,82582000,21115000,-9754000,19415000,None,-4307000,129961000,54113000,None,4214000,None,1167000,1331000,403000,-764000,None,None,None,1331000,-7757000,None,-5638000,-9754000,None,USD,1130726000,101127000,None,65949000,324643000,676122000,1100000,95996000,172000,541890000,66134000,60691000,41741000,161287000,119669000,3750000,3750000,-3282000,674344000,228723000,19600000,509804000,416000,35904000,82676000,5253000,74093000,None,None,None,None,None,-51129000,None,65841000,None,902003000,67570000,82676000,57454000,204974000,None,None,None,188471000,None,161703000,None,16000000,USD,-25604000,-8860000,-25604000,3140000,-1875000,-9189000,-4552000,-4885000,-9754000,-3993000,31056000,None,24255000,-2720000,0,3894000,6682000,20185000,23239000,None,None,None,55.39,58.71
3,2019-09-30,USD,115616000,105368000,27622000,115616000,7976000,1385000,20095000,None,6678000,3459000,34895000,-2272000,10248000,70320000,1298000,1834000,414000,-884000,None,153000,None,1834000,-2839000,None,4844000,1385000,None,USD,1162800000,101551000,None,38249000,344501000,688083000,3989000,28320000,172000,554363000,60231000,63970000,39756000,166351000,141030000,4688000,4688000,-52898000,605501000,257811000,23100000,522562000,3250000,44640000,83577000,5321000,108022000,None,None,172000,None,554363000,-50384000,None,133967000,None,904989000,69575000,83577000,115905000,203471000,None,None,None,186446000,1162800000,169601000,-608530000,15998504,USD,1715000,1160000,-12375000,-14090000,-938000,-6224000,-29000,150000,4843000,19726000,38325000,-2292000,22733000,-4603000,-654000,3623000,4693000,3565000,1063000,4693000,None,19726000,58.37,55.39
4,2019-06-30,USD,107721000,104967000,27930000,107721000,3016000,-856000,19107000,None,1753000,2883000,36464000,262000,2754000,68586000,1263000,-274000,517000,-746000,None,-83000,None,-274000,-172000,None,2027000,-856000,None,USD,1146976000,101963000,None,41028000,328435000,689683000,5702000,31482000,172000,555806000,54908000,63970000,47814000,146682000,130301000,4688000,4688000,-51407000,613703000,250229000,23100000,523750000,5281000,50524000,84478000,6714000,94131000,None,None,172000,None,555806000,-50125000,None,117111000,None,896747000,68769000,84478000,107954000,198134000,None,None,None,185112000,1146976000,151963000,-602123000,16005046,USD,-28000,-9522000,-17660000,-17632000,-2278000,-7980000,-1578000,278000,2027000,-25888000,-248000,-73000,21679000,-5057000,933000,-9220000,-5784000,645000,1773000,-5784000,None,-25888000,57.73,58.37
5,2019-03-31,USD,103300000,101186000,27888000,103300000,3229000,-1581000,19032000,None,1948000,2316000,33206000,1115000,2114000,67638000,1281000,1213000,-353000,-353000,None,342000,None,1213000,-28043000,None,735000,-1581000,None,USD,1162830000,102469000,None,30910000,342846000,691021000,8362000,29417000,172000,559319000,57314000,63970000,46485000,172554000,141317000,4688000,4688000,-51549000,619798000,261144000,33100000,524582000,5280000,46161000,85380000,6239000,107212000,None,None,172000,None,559319000,-50116000,None,115449000,None,901686000,67186000,85380000,107787000,201529000,None,None,None,183079000,1162830000,177834000,-581606000,15993920,USD,-14859000,-206000,-32623000,-17764000,-949000,-6515000,-1277000,1686000,735000,-20368000,18770000,5482000,20878000,-4260000,-1306000,90000,-9102000,893000,8129000,-9102000,None,-20368000,56.39,57.73
6,2018-12-31,USD,107806000,97569000,30441000,107806000,12550000,1132000,18293000,0,11337000,4354000,36000000,2313000,10237000,69935000,1213000,None,None,None,148000,-8366000,0,5851000,7917000,0,5486000,1132000,None,USD,1107304000,103009000,None,37855000,283980000,695387000,10276000,20574000,172000,563593000,57036000,63970000,10108000,192907000,140650000,4688000,4688000,-50156000,626852000,275765000,23100000,528408000,393000,38305000,86294000,6305000,115388000,None,None,172000,None,563593000,-48547000,None,37708000,None,831539000,None,86294000,46760000,143330000,None,None,None,181778000,1107304000,193300000,-562064000,16002699,USD,-138000,8599000,18333000,18471000,-4072000,-17282000,-7976000,513000,5485000,18902000,17851000,-377000,21289000,-6222000,-6988000,6639000,5575000,-29359000,325000,5575000,None,18902000,71.53,56.39
7,2018-09-30,USD,121138000,90314000,29866000,121138000,30148000,17022000,18177000,0,27919000,3887000,34205000,-676000,30824000,69427000,2229000,None,None,None,0,-13318000,0,7010000,10413000,0,20909000,17022000,None,USD,1184050000,105815000,None,134716000,355003000,697655000,7614000,98749000,170000,565180000,52494000,63970000,27441000,162183000,215326000,4688000,4688000,-42609000,614427000,349297000,23100000,527870000,314000,44094000,87183000,7990000,111889000,0,0,170000,0,565180000,-40285000,None,50541000,None,834753000,None,87183000,44880000,139677000,None,None,None,174914000,1184050000,162497000,-543139000,15958952,USD,1216000,14558000,-46814000,-48030000,-937000,-11164000,-7570000,681000,20910000,-6001000,51977000,4494000,21583000,-5147000,-5080000,-1969000,3348000,-10947000,64000,3348000,None,-6001000,73.88,71.53
8,2018-06-30,USD,117788000,102035000,28257000,117788000,15195000,7216000,18409000,0,12868000,3564000,35167000,-558000,15753000,68763000,2327000,None,None,None,0,-1895000,0,2088000,-1174000,0,10780000,7216000,None,USD,1188999000,106355000,None,35386000,369490000,683085000,30755000,17727000,170000,550872000,72367000,63970000,29293000,168178000,157390000,11268000,11268000,-40127000,702968000,264313000,22100000,512760000,1595000,51365000,139733000,7789000,128395000,0,0,170000,0,550872000,-40268000,None,51393000,None,924686000,None,139733000,41612000,212100000,None,None,None,172170000,1188999000,169773000,-553007000,15957537,USD,539000,-2314000,-51761000,-52300000,-3848000,-8654000,-470000,-1067000,10780000,-36922000,23493000,-627000,22108000,-3129000,-1677000,-2737000,-5544000,1827000,6802000,-5544000,None,-36922000,52.77,73.88
9,2018-03-31,USD,104475000,100266000,78168000,104475000,3822000,-5555000,18152000,0,1618000,3252000,34102000,-387000,4209000,65853000,2204000,None,None,None,0,311000,0,3921000,-3384000,0,-2303000,-5555000,None,USD,1196818000,107001000,None,33450000,382803000,680607000,30945000,26750000,170000,546368000,42264000,63970000,219975000,205252000,168891000,14192000,14192000,-36000000,673488000,303355000,20100000,509636000,2228000,47679000,140703000,14746000,127949000,0,0,170000,0,546368000,-38649000,None,49004000,None,893463000,None,140703000,42264000,213912000,None,None,None,170069000,1196818000,207480000,-546593000,15984021,USD,4809000,2980000,-7077000,-11886000,-938000,-18130000,-12427000,1413000,-2303000,-2663000,22544000,-581000,21502000,-15148000,-2044000,3991000,-5061000,2016000,20068000,-5061000,None,-2663000,59.62,52.77
10,2017-12-31,USD,107701000,66344000,76884000,107701000,43467000,43506000,74614000,0,41196000,3871000,-2393000,2110000,41357000,67862000,2271000,None,None,None,0,875000,0,-6181000,-12108000,0,47377000,43506000,None,USD,1205605000,107686000,None,68136000,375382000,688727000,31732000,31000,170000,552948000,37072000,63970000,219531000,208789000,161705000,10919000,10919000,-32364000,643146000,342928000,20100000,517071000,7076000,43529000,144873000,15398000,150755000,0,167973000,170000,0,552948000,-36110000,None,47875000,None,862677000,None,144873000,37072000,213677000,None,None,None,167973000,1205605000,215865000,-526660000,16025745,USD,1036000,-4123000,-27955000,5104000,-3908000,-12449000,-9087000,8685000,47375000,-16667000,23737000,-34067000,21242000,-4897000,-3644000,2877000,-4074000,-13949000,34095000,4382000,26000,-16641000,55.26,59.62
11,2017-09-30,USD,122132000,141657000,84504000,122132000,-19762000,-24760000,0,0,-21860000,3784000,71626000,-237000,-19525000,70563000,2098000,None,None,None,0,-532000,0,-884000,-5000,0,-20976000,-24760000,None,USD,1184018000,108262000,None,37813000,397284000,644628000,45655000,76000,169000,512175000,32245000,63969000,224685000,225430000,173677000,13944000,13944000,-34042000,624595000,334738000,None,472397000,7857000,48829000,145707000,14809000,159657000,0,0,169000,0,512175000,-36095000,None,52454000,None,849280000,None,145707000,32245000,223607000,None,None,None,166326000,1184018000,233287000,-505522000,16016860,USD,-18107000,16455000,-49393000,-19666000,-3908000,-14164000,-360000,1479000,-20975000,-7036000,56521000,36120000,21336000,-5720000,-8444000,4711000,8456000,1268000,29727000,-2394000,-7000,-7043000,52.7,55.26
12,2017-06-30,USD,123245000,107402000,85039000,123245000,15658000,5883000,0,0,13505000,5026000,34715000,-185000,15843000,72539000,2153000,None,None,None,0,148000,0,2596000,744000,0,10909000,5883000,None,USD,1201476000,109072000,None,41245000,381026000,681709000,48526000,67000,169000,539659000,30777000,62873000,207407000,232354000,151891000,9850000,159682000,-22114000,649734000,344335000,None,509764000,7755000,47635000,149832000,15346000,141974000,0,0,169000,0,539659000,-25441000,None,35462000,None,857141000,None,149832000,30777000,229135000,None,None,None,163995000,1201476000,240109000,-504687000,16205428,USD,2277000,-2470000,-68593000,-38023000,7240000,1318000,-952000,-533000,10910000,-33897000,33378000,854000,22420000,-6050000,128000,-4797000,6062000,6663000,32847000,-202000,None,-33897000,68.44,52.7
13,2017-03-31,USD,128115000,110322000,86081000,128115000,17028000,6859000,0,0,14712000,4725000,33370000,-765000,17793000,75164000,2316000,None,None,None,0,1788000,0,3128000,-3081000,0,11584000,6859000,None,USD,1193400000,62209000,None,37769000,379447000,679553000,46146000,273000,169000,539288000,31606000,62873000,177547000,266251000,161825000,12529000,12529000,-21472000,639223000,376630000,None,554471000,8711000,48485000,139870000,15414000,149023000,0,0,169000,0,539288000,-25343000,None,52465000,None,816770000,None,139870000,31606000,217622000,None,None,None,161568000,1193400000,274962000,-484770000,16190995,USD,484000,-2015000,-20852000,24366000,-4442000,-15628000,-3578000,3028000,11584000,-4391000,32089000,3028000,22606000,-8315000,-2871000,-1789000,5860000,4535000,45702000,-5860000,207000,-4184000,70.42,68.44
14,2016-12-31,USD,128531000,118620000,95431000,128531000,9278000,1896000,60414000,0,7590000,1712000,40091000,-633000,9911000,63798000,1688000,None,None,None,0,123000,0,3982000,-25950000,0,3608000,1896000,None,USD,1198218000,63320000,None,28103000,389049000,677055000,46622000,410000,169000,538109000,47939000,62873000,183137000,270245000,150105000,12440000,12440000,-21399000,647712000,367369000,2000000,550862000,9237000,45419000,144383000,14365000,137255000,0,160176000,169000,0,538109000,-23127000,None,56944000,None,830849000,None,144383000,47939000,238944000,None,None,None,160176000,1198218000,279482000,-490650000,16138983,USD,-9422000,12815000,-30589000,15238000,97949000,28689000,7528000,3249000,3608000,17651000,19551000,-32447000,23200000,-5694000,18843000,1061000,2601000,6479000,45827000,4835000,-363000,17288000,80.13,70.42
15,2016-09-30,USD,138795000,116714000,92351000,138795000,23083000,7172000,0,0,21297000,4523000,36196000,1002000,22081000,78022000,1788000,None,None,None,0,2496000,0,9602000,68000,0,11694000,7172000,None,USD,1166057000,68354000,None,29129000,358217000,671706000,0,28028000,168000,537798000,69839000,62042000,162625000,281859000,138248000,11969000,11969000,-26914000,618535000,384897000,None,541310000,7422000,51753000,106928000,14734000,126279000,0,0,168000,0,541702000,-23010000,None,32229000,None,781160000,None,106928000,113041000,219969000,None,None,None,156750000,1166057000,289281000,-464766000,16139,USD,-7422000,9539000,-186882000,-143732000,-3717000,46645000,82409000,-315000,11695000,-99825000,41385000,-315000,22002000,-9290000,-23467000,-4966000,2234000,2762000,35728000,668000,-263000,-99825000,65.04,80.13
16,2016-06-30,USD,99990000,98079000,65648000,99991000,2118000,-3086000,0,0,1058000,1199000,27481000,208000,1912000,61964000,1060000,None,None,None,0,23242000,0,2945000,-389000,0,-1886000,-3086000,None,USD,1045384000,54303000,None,26339000,239953000,670666000,0,10501000,168000,536278000,44178000,40865000,123744000,352258000,108048000,12362000,12362000,-3741000,486729000,434911000,None,575498000,1430000,46554000,51096000,8330000,85185000,0,0,168000,0,540019000,-20661000,None,28576000,None,610473000,None,51096000,80809000,131905000,None,None,None,154881000,1045384000,353688000,-444538000,16000000,USD,-7045000,6785000,-73425000,-47143000,-3224000,12190000,17602000,168000,-1887000,-38844000,22391000,168000,16611000,-6432000,21846000,-3080000,2902000,-3098000,26282000,6892000,None,-38844000,77.81,65.04
17,2016-03-31,USD,89686000,73793000,55584000,89686000,16255000,6120000,0,0,15429000,4678000,21575000,362000,15893000,48563000,826000,None,None,None,0,3655000,0,4631000,-464000,0,10798000,6120000,None,USD,958013000,44743000,None,29283000,193782000,681218000,0,12651000,168000,548273000,35909000,45077000,103998000,391948000,87484000,6341000,None,-3700000,375295000,478720000,None,591398000,846000,48743000,24983000,8746000,68492000,0,0,168000,0,548273000,-20603000,None,14178000,None,479293000,None,24983000,81315000,106298000,None,None,None,157080000,958013000,391948000,-446286000,16143514,USD,-2000000,14301000,-17792000,653000,-1535000,-11480000,None,None,10798000,-943000,28329000,-2022000,14672000,-8181000,-1764000,-1425000,9794000,1799000,16445000,-9794000,None,-943000,75.83,77.81
18,2015-12-31,USD,82923000,74735000,57325000,82923000,8790000,4183000,39582000,0,7761000,2799000,19191000,602000,8188000,51214000,1029000,None,None,None,0,4330000,0,1481000,-26312000,702000,6280000,4183000,None,USD,945004000,44966000,None,28383000,183280000,680299000,0,10152000,168000,547321000,26944000,45077000,103009000,392869000,84355000,6284000,6284000,-3704000,373503000,468492000,None,590256000,824000,39020000,26575000,8220000,67919000,0,0,168000,0,547321000,-18254000,None,12966000,None,476512000,None,26575000,72350000,98925000,None,None,None,154768000,945004000,392869000,-433744000,16067736,USD,-9422000,-20728000,-19213000,-491000,-2397000,-12666000,-16456000,-9494000,6982000,-5752000,26127000,-4009000,13111000,-10301000,32000,4469000,11744000,18390000,18722000,7912000,None,-5752000,78.23,75.83
19,2015-09-30,USD,96782000,74258000,57133000,96782000,22577000,6576000,0,0,21782000,5072000,21727000,53000,22524000,49995000,795000,None,None,None,0,2536000,0,10134000,-25000,0,11648000,6576000,None,USD,946458000,45200000,None,23313000,183160000,679516000,0,11927000,166000,548280000,28738000,45077000,101847000,398594000,88587000,6254000,None,-2892000,366015000,478596000,None,589239000,797000,47419000,28141000,9270000,70406000,0,0,166000,0,548280000,-17504000,None,11570000,None,467862000,None,28141000,66432000,94573000,None,None,None,151466000,946458000,398594000,-421763000,16051111,USD,None,5090000,-17633000,367000,-1485000,-8341000,None,None,11648000,5992000,31966000,394000,14731000,-6856000,0,-1288000,3832000,1592000,18000000,-201000,None,5992000,73.93,78.23
