,fiscalDateEnding,reportedCurrency_x,totalRevenue,totalOperatingExpense,costOfRevenue,grossProfit,ebit,netIncome_x,researchAndDevelopment,effectOfAccountingCharges,incomeBeforeTax,minorityInterest,sellingGeneralAdministrative,otherNonOperatingIncome,operatingIncome,otherOperatingExpense,interestExpense,taxProvision,interestIncome,netInterestIncome,extraordinaryItems,nonRecurring,otherItems,incomeTaxExpense,totalOtherIncomeExpense,discontinuedOperations,netIncomeFromContinuingOperations,netIncomeApplicableToCommonShares,preferredStockAndOtherAdjustments,reportedCurrency_y,totalAssets,intangibleAssets,earningAssets,otherCurrentAssets,totalLiabilities,totalShareholderEquity,deferredLongTermLiabilities,otherCurrentLiabilities,commonStock,retainedEarnings,otherLiabilities,goodwill,otherAssets,cash,totalCurrentLiabilities,shortTermDebt,currentLongTermDebt,otherShareholderEquity,propertyPlantEquipment,totalCurrentAssets,longTermInvestments,netTangibleAssets,shortTermInvestments,netReceivables,longTermDebt,inventory,accountsPayable,totalPermanentEquity,additionalPaidInCapital,commonStockTotalEquity,preferredStockTotalEquity,retainedEarningsTotalEquity,treasuryStock,accumulatedAmortization,otherNonCurrrentAssets,deferredLongTermAssetCharges,totalNonCurrentAssets,capitalLeaseObligations,totalLongTermDebt,otherNonCurrentLiabilities,totalNonCurrentLiabilities,negativeGoodwill,warrants,preferredStockRedeemable,capitalSurplus,liabilitiesAndShareholderEquity,cashAndShortTermInvestments,accumulatedDepreciation,commonStockSharesOutstanding,reportedCurrency,investments,changeInLiabilities,cashflowFromInvestment,otherCashflowFromInvestment,netBorrowings,cashflowFromFinancing,otherCashflowFromFinancing,changeInOperatingActivities,netIncome_y,changeInCash,operatingCashflow,otherOperatingCashflow,depreciation,dividendPayout,stockSaleAndPurchase,changeInInventory,changeInAccountReceivables,changeInNetIncome,capitalExpenditures,changeInReceivables,changeInExchangeRate,changeInCashAndCashEquivalents,clossingVal,nextClossingVal
0,2020-06-30,USD,301267,3304094,272764,28503,-2937869,-3056382,161101,None,-3056382,None,2870229,None,-3002827,None,42469,0,None,-42469,None,None,None,None,-11086,None,-3056382,-3056382,None,USD,10758943,None,None,39573,6016692,4742251,None,79180,8011,-35689100,None,None,98613,1249101,2627493,None,None,-276504,8344552,1831688,484090,4742251,None,44220,3290000,None,80589,None,None,None,None,None,None,None,None,None,8927255,175578,None,None,3389199,None,None,None,None,None,None,None,None,USD,-28437,0,-28437,None,-200000,2567066,-313240,-330941,-3056382,613830,-1926106,None,76044,None,None,None,97338,1270847,0,None,None,None,1.9,
1,2020-03-31,USD,296956,3519148,254501,42455,-3152077,-3270781,275402,None,-3270781,None,2989245,None,-3222192,None,42169,0,-51250,-42169,None,None,None,None,-6420,None,-3270781,-3270781,None,USD,10348239,None,None,25565,6638112,3710127,None,79180,7793,-32632718,None,None,98378,635271,3033090,None,None,-279813,8435406,1348441,466014,3710127,None,158437,3490000,None,80397,None,None,None,None,None,-522500,None,8999798,None,8999798,203401,3490000,None,3605022,None,None,None,37130790,None,635270,None,77000000,USD,0,0,-28437,None,300000,1874877,-48707,-89268,-3270781,-129620,-1998796,None,76535,None,1623580,None,79187,1222519,0,None,None,None,1.55,1.9
2,2019-12-31,USD,479198,5571016,282412,196786,-4693038,-5448926,414559,None,-4792351,None,4874045,None,-5091818,None,22608,0,1162320,-22608,None,None,None,None,322075,None,-4792351,-5448926,None,USD,10490536,None,None,58160,6025463,4465073,None,78237,7673,-29361937,None,None,99235,764891,2835463,None,None,-257747,8337105,1571095,483101,4465073,None,243887,3190000,None,84316,None,None,None,None,None,-522500,None,8919441,None,8919441,None,3190000,None,3190000,None,None,None,34593010,None,764890,None,75000000,USD,-14599,0,-14599,26223,2600000,1461206,-1412530,1176339,-5448926,-307449,-1761706,None,76705,None,0,None,-102825,2537001,393780,None,None,None,1.93,1.55
3,2019-09-30,USD,383216,4849552,329988,53228,-4177315,-3858195,265139,None,-4334058,-1513621,4254425,None,-4466336,None,11198,0,1139800,-11198,None,None,None,None,143476,None,-4334058,-3858195,None,USD,10669011,None,None,100036,4922199,7260433,None,2673848,7629,-23913011,None,None,25180,1072340,4332199,None,None,-302023,8400573,1807158,436100,7260433,None,234726,590000,None,84887,None,None,None,None,None,-522500,None,8861853,None,8861853,None,590000,None,590000,None,None,None,31983760,None,1072340,None,76000000,USD,-387380,-25906,-387380,-26223,-410000,-410000,-1412530,766812,-3858195,-2328964,-1397907,None,145545,None,0,74,-110684,1684447,238879,None,None,None,1.87,1.93
4,2019-06-30,USD,399727,4743479,319835,79892,-4271999,-4357224,949711,None,-4438823,-1042210,3473933,None,-4343752,None,21461,0,433,-546446,None,None,None,None,451375,None,-4438823,-4357224,None,USD,13632739,1091903,None,58624,5090541,9584408,None,64037,7618,-20054816,3055748,None,None,3401304,1034793,None,None,-228183,8185455,3992379,363002,8492505,None,130292,1000000,13001,47508,None,None,None,None,None,-522500,None,9640360,None,9640360,None,1000000,None,4055748,None,None,None,30375710,None,3401300,None,75000000,USD,-63617,18065,-63617,-26223,-1000000,4103704,-896304,-673599,-4357224,1632013,-2497947,None,145363,None,0,3873,-72255,2437830,64367,None,None,None,2.6,1.87
5,2019-03-31,USD,284160,4749477,274160,10000,-4338157,-4405820,152460,None,-4504930,-962511,4319580,None,-4465320,None,27641,0,-39620,-26873,None,None,None,None,-12743,None,-4504929,-4405820,None,USD,12729060,1173800,None,168180,2701240,10027810,None,66580,7430,-15691010,None,None,7851262,1769291,2663750,1000000,1000000,-192180,8249960,2923400,381899,8854018,None,59350,1000000,17120,41123,None,None,None,None,None,-522500,None,9805654,None,9805654,None,1000000,None,1000000,None,None,None,26426070,None,1769290,None,74000000,USD,-87371,0,-87370,-26223,1000000,1000000,-896304,664875,-4504930,-483000,-1422310,None,139130,None,0,-3947,-6878,2186377,87370,None,None,None,5.4,2.6
6,2018-12-31,USD,291808,3068521,289248,2560,-2776713,-2653479,0,0,-2754261,-862200,2779273,None,-2776713,0,-27530,None,None,None,0,0,0,0,22452,0,-2754261,-2653479,None,USD,13395723,1255689,None,1307928,2141720,12116203,None,317938,7383,-11285198,None,None,None,2252287,1141720,None,None,-236860,8129440,3625432,385162,10860514,None,52223,1000000,12994,6695,None,None,None,None,None,-522500,None,None,None,None,None,1000000,None,None,None,None,None,24153380,None,2252290,None,72000000,USD,-453159,8195,-665293,-26223,1000000,1000000,-896304,449092,-2653479,-1557852,-855328,None,139232,None,6028510,15264,366169,820199,854650,None,None,None,2.75,5.4
7,2018-09-30,USD,413503,2792921,295481,118022,-2379418,-2344670,0,0,-2403251,-762958,2497440,None,-2379418,0,-25205,None,None,None,0,0,0,0,-23833,0,-2403251,-2344670,None,USD,14842096,1337582,None,1074282,2158299,13446755,None,441031,7356,-8631719,None,None,None,3810139,1158299,None,None,-229260,8192438,5312076,None,12109173,None,400228,1000000,27427,106331,None,None,None,None,None,-522500,None,None,None,None,None,None,None,None,None,None,None,22822880,None,3810140,None,73000000,USD,-453159,8708,-444567,22606,1000000,2008074,-105689,-65619,-2344670,166823,-1340654,None,135628,None,6028510,-5984,-152182,1083465,49949,None,None,None,2.8,2.75
8,2018-06-30,USD,496093,1709347,362749,133344,-1213254,-1294394,0,0,-1343815,-704164,1346598,None,-1213254,0,-24932,None,None,None,0,0,0,0,-130561,0,-1343815,-1294394,None,USD,14315225,1419474,None,1036540,3922213,11097176,None,2225896,7356,-6287049,None,None,67044,3643316,3922213,1450000,1450000,-135404,7868527,4960180,None,9677702,None,258275,None,22049,1702,None,None,None,None,None,-522500,None,None,None,None,None,None,None,None,None,None,None,18034770,None,3643320,None,72000000,USD,-453159,5698,-190101,-22606,-500000,3556643,-1380607,-892278,-1294394,1517660,-1783808,None,124596,None,3914750,-12520,-222064,507154,49949,None,None,None,2.75,2.8
9,2018-03-31,USD,307913,1622632,226794,81119,-1314719,-1481579,0,0,-1550969,-654624,1395838,None,-1314719,0,-236986,None,None,None,0,0,0,0,-236250,0,-1550969,-1481579,None,USD,11582654,1501367,None,102422,5768088,6469190,None,3614856,7028,-4992655,None,None,47714,2125656,5768088,1500000,1500000,-39316,7750367,2283206,7591952,4967823,None,45017,None,10111,1187434,None,None,None,None,None,-522500,None,None,None,None,None,None,None,None,None,None,None,12016630,None,2125660,None,70000000,USD,-453159,-5545,-7852,-22606,-500000,-522500,-1380607,493977,-1481579,-901377,-416234,None,123379,None,-522500,-7372,3948,456958,49949,None,None,None,2.41,2.75
10,2017-12-31,USD,1443316,4084408,1076621,366695,-2025473,-3065239,0,0,-3650599,-585394,2448618,None,-2081923,0,-211178,None,None,None,0,1321338,0,0,-1568676,0,-3650599,-3065239,None,USD,12669033,1583260,None,156629,5360184,7894243,None,3591619,7028,-3511076,None,None,179010,3027033,5360184,1500000,1500000,-91994,7671786,3234977,7623757,6310983,None,48648,None,2667,29,None,None,None,None,None,None,None,None,None,None,None,None,None,None,None,None,None,None,None,None,None,65000000,USD,None,12797,-8014448,-148010,1402850,9502225,-50625,200339,-3464285,140844,-1339692,None,181637,None,8150000,-1509,23915,1728975,7062383,None,None,None,2.5,2.41
11,2017-09-30,USD,607945,-1315038,-334757,-273188,-1139764,-1067204,0,0,-1067204,-585394,697226,None,-970414,0,199068,None,None,None,0,1321338,0,0,-96790,0,-1067204,-1067204,None,USD,8349051,None,None,42426,5917179,2431872,None,3120345,6463,-1737361,None,None,24763,356822,5917179,2406650,2406650,-120541,7701927,622361,7655562,2431872,None,223113,None,None,21600,None,None,None,None,None,None,None,None,None,None,None,None,None,None,None,None,None,None,None,None,None,65000000,USD,None,14690,-23210,-148010,140000,140000,-50625,151271,-710729,-25132,-146203,None,24322,None,5150000,-1509,38695,335757,23210,None,None,None,2.85,2.5
12,2017-06-30,USD,175893,763469,-11658,187551,1259281,1217491,0,0,1217491,1170788,-902380,None,1089931,0,-168000,None,None,None,0,-2642676,0,0,127560,0,1217491,1217491,None,USD,8404112,None,None,28485,5603419,2800693,None,3096750,6463,-1026632,None,None,30204,381954,5603419,2266650,2266650,-126692,7702873,671035,7675628,2800693,None,260596,None,None,22646,None,None,None,None,None,None,None,None,None,None,None,None,None,None,None,None,None,None,None,None,None,65000000,USD,None,-18635,-7034355,-148010,2169500,2169500,-50625,285826,-430508,-5049274,-188039,None,34130,None,5150000,-1509,-186944,128133,7034355,None,None,None,0.51,2.85
13,2017-03-31,USD,66286,0,99581,-33295,-549333,-549333,0,0,-549333,-585394,459588,None,-492883,0,42000,None,None,None,0,1321338,0,0,-56450,0,-549333,-549333,None,USD,6275285,None,None,749668,3179864,3095421,None,3000000,6463,-602702,None,None,23905,5431228,3179864,97150,97150,-127761,271,6251109,None,3095421,None,70213,None,None,179864,None,None,None,None,None,None,None,None,None,None,None,None,None,None,None,None,None,None,None,None,None,63000000,USD,None,19280,-2000,-952065,3000000,3000000,-50625,-21668,-549333,2545039,-412814,None,26,None,5099375,-1509,547,138334,2000,None,None,None,1.49,0.51
14,2016-12-31,USD,616446,533219,73066,543380,83227,61875,0,0,83802,-585394,460153,None,83227,0,-138110,None,None,None,0,1321338,0,21927,575,0,61875,61875,None,USD,3706508,None,None,749796,160317,3546191,None,126380,6163,-46791,None,None,None,2886189,160317,None,None,-94568,295,3706213,None,3546191,None,70228,None,None,160317,None,None,None,None,None,None,None,None,None,None,None,None,None,None,None,None,None,None,None,None,None,51000000,USD,None,0,-930334,-148010,9000,3785000,-50625,-42687,55581,2776603,13984,None,26,None,3776000,-1509,-73413,52550,700334,None,None,None,2.79,1.49
15,2016-09-30,USD,0,36924,0,0,-36924,-36924,0,0,-36924,0,36924,None,-36924,0,0,None,None,None,0,0,0,0,0,0,-36924,-36924,None,USD,None,None,None,None,None,None,None,None,175,-61050,None,None,None,None,None,None,None,None,None,None,None,None,None,None,None,None,None,None,None,None,None,None,None,None,None,None,None,None,None,None,None,None,None,None,None,None,None,None,50000000,USD,None,-4950,None,None,5950,5950,None,None,-1104,-104,-6054,None,None,None,None,None,None,None,0,None,None,None,nan,2.79
16,2016-06-30,USD,0,-49320,0,0,49320,49320,0,0,49320,0,-49320,None,49320,0,0,None,None,None,0,0,0,0,0,0,49320,49320,None,USD,104,None,None,None,30950,-30846,None,None,700,-59946,None,None,None,104,30950,26000,26000,None,None,104,None,-30846,None,None,None,None,4950,None,None,None,None,None,None,None,None,None,None,None,None,None,None,None,None,None,None,None,None,None,50000000,USD,None,-550,None,None,7250,7250,None,None,-6750,-50,-7300,None,None,None,None,None,None,None,0,None,None,None,nan,nan
17,2016-03-31,USD,0,18690,0,0,-18690,-18690,0,0,-18690,0,18690,None,-18690,0,0,None,None,None,0,0,0,0,0,0,-18690,-18690,None,USD,154,None,None,None,24250,-24096,None,None,700,-53196,None,None,None,154,24250,18750,18750,None,None,154,None,-24096,None,None,None,None,5500,None,None,None,None,None,None,None,None,None,None,None,None,None,None,None,None,None,None,None,None,None,50000000,USD,None,4600,None,None,14050,14050,None,None,-18690,-40,-14090,None,None,None,None,None,None,None,0,None,None,None,nan,nan
18,2015-12-31,USD,0,6941,0,0,-6941,-6941,None,None,-6941,None,6941,None,-6941,None,None,None,None,None,None,None,None,0,0,None,-6941,-6941,None,USD,194,None,None,None,5600,-5406,None,None,700,-34506,None,None,None,194,5600,4700,4700,None,None,194,None,-5406,None,None,None,None,900,None,None,None,None,None,None,None,None,None,None,None,None,None,None,None,None,None,None,None,None,None,6000000,USD,None,-1100,None,None,-4000,4600,-5000,None,-6941,-3441,-8041,None,None,None,13600,None,None,None,0,None,None,None,nan,nan
