,fiscalDateEnding,reportedCurrency_x,totalRevenue,totalOperatingExpense,costOfRevenue,grossProfit,ebit,netIncome_x,researchAndDevelopment,effectOfAccountingCharges,incomeBeforeTax,minorityInterest,sellingGeneralAdministrative,otherNonOperatingIncome,operatingIncome,otherOperatingExpense,interestExpense,taxProvision,interestIncome,netInterestIncome,extraordinaryItems,nonRecurring,otherItems,incomeTaxExpense,totalOtherIncomeExpense,discontinuedOperations,netIncomeFromContinuingOperations,netIncomeApplicableToCommonShares,preferredStockAndOtherAdjustments,reportedCurrency_y,totalAssets,intangibleAssets,earningAssets,otherCurrentAssets,totalLiabilities,totalShareholderEquity,deferredLongTermLiabilities,otherCurrentLiabilities,commonStock,retainedEarnings,otherLiabilities,goodwill,otherAssets,cash,totalCurrentLiabilities,shortTermDebt,currentLongTermDebt,otherShareholderEquity,propertyPlantEquipment,totalCurrentAssets,longTermInvestments,netTangibleAssets,shortTermInvestments,netReceivables,longTermDebt,inventory,accountsPayable,totalPermanentEquity,additionalPaidInCapital,commonStockTotalEquity,preferredStockTotalEquity,retainedEarningsTotalEquity,treasuryStock,accumulatedAmortization,otherNonCurrrentAssets,deferredLongTermAssetCharges,totalNonCurrentAssets,capitalLeaseObligations,totalLongTermDebt,otherNonCurrentLiabilities,totalNonCurrentLiabilities,negativeGoodwill,warrants,preferredStockRedeemable,capitalSurplus,liabilitiesAndShareholderEquity,cashAndShortTermInvestments,accumulatedDepreciation,commonStockSharesOutstanding,reportedCurrency,investments,changeInLiabilities,cashflowFromInvestment,otherCashflowFromInvestment,netBorrowings,cashflowFromFinancing,otherCashflowFromFinancing,changeInOperatingActivities,netIncome_y,changeInCash,operatingCashflow,otherOperatingCashflow,depreciation,dividendPayout,stockSaleAndPurchase,changeInInventory,changeInAccountReceivables,changeInNetIncome,capitalExpenditures,changeInReceivables,changeInExchangeRate,changeInCashAndCashEquivalents,clossingVal,nextClossingVal
0,2020-06-30,USD,10091000,-33463000,3285000,6806000,39403000,30874000,4057000,None,36166000,None,7095000,-866000,40269000,-45557000,3237000,5292000,None,-3237000,None,942000,None,5292000,43952000,None,30874000,30874000,None,USD,341401000,None,None,32773000,159276000,182125000,None,4051000,635000,-361206000,5292000,16836000,38821000,102174000,27018000,None,None,-22518000,407000,277019000,None,165284000,136380000,5692000,124879000,0,22967000,None,None,635000,5000,-361206000,-49998000,None,47139000,None,64382000,2650000,124879000,7379000,132258000,None,None,None,615207000,341401000,238554000,None,58129000,USD,-95388000,-4296000,-80888000,14500000,None,117306000,None,-4762000,30874000,28637000,-7781000,-1718000,2139000,None,117306000,-1400000,3106000,-36486000,0,3106000,31000,28668000,8.08,
1,2020-03-31,USD,12243000,16283000,2457000,9786000,-7185000,-865000,5530000,None,-10375000,None,7913000,-688000,-6497000,203000,3190000,-9510000,-3190000,-3190000,9124000,2637000,None,-9510000,-3325000,None,-865000,-865000,None,USD,207725000,610000,None,5172000,175658000,32067000,None,2536000,518000,-392080000,17859000,18491000,47450000,73506000,32336000,None,None,-23627000,472000,130975000,None,12961000,39977000,8797000,123258000,3523000,29800000,None,None,518000,5000,-392080000,-49998000,None,57177000,None,76750000,2809000,123258000,20064000,143322000,None,None,None,497249000,207725000,113483000,None,37450000,USD,13226000,-3839000,13226000,13226000,None,62210000,None,-9059000,-865000,63800000,-11636000,-1366000,2029000,None,62210000,47000,-517000,-7125000,0,-517000,-68000,63732000,7.94,8.08
2,2019-12-31,USD,10995000,15928000,2414000,8581000,-8546000,-2739000,7757000,None,-11736000,None,7663000,-1199000,-7347000,6647000,3190000,-8997000,-4669000,-3190000,None,-6139000,None,-8997000,-1501000,None,-2739000,-2739000,None,USD,151436000,813000,None,6371000,180635000,-29199000,None,4520000,429000,-391215000,20646000,18491000,39168000,9774000,35984000,None,None,-22806000,544000,82380000,None,-48503000,54384000,8281000,121686000,3570000,31464000,None,None,429000,None,-391215000,-49998000,None,49208000,None,69056000,2964000,121686000,22965000,144651000,None,None,None,434391000,151436000,64158000,None,37520000,USD,5170000,5755000,5170000,38752000,None,-41000,-36000,-2207000,-2739000,-3124000,-8253000,-6714000,2367000,None,-5000,-1310000,445000,-6057000,29000,445000,None,-3171000,7.55,7.94
3,2019-09-30,USD,14229000,15553000,2823000,11406000,-3505000,-8864000,7539000,None,-6630000,None,5316000,642000,-4147000,205000,3125000,2234000,-3125000,-3125000,None,2493000,None,2234000,-1851000,None,-8864000,-8864000,None,USD,155888000,1019000,None,5163000,182851000,-26963000,None,3585000,428000,-388476000,28090000,18491000,36127000,12867000,31763000,35000,35000,-22972000,770000,88602000,None,-46473000,59587000,8725000,120132000,2260000,28143000,None,None,428000,None,-388476000,-49998000,None,47006000,None,67286000,4462000,120132000,30956000,151088000,None,None,None,434055000,155888000,72454000,None,37450000,USD,3217000,-2077000,3217000,33582000,None,-41000,-72000,95000,-8864000,-4243000,-7419000,-497000,2132000,None,31000,341000,1447000,99000,29000,1447000,-1000,-4244000,4.16,7.55
4,2019-06-30,USD,17554000,18383000,3622000,13932000,-3718000,-8605000,10292000,None,-6824000,None,6758000,733000,-4451000,204000,3106000,1781000,-3106000,-3106000,None,1129000,None,1781000,-396000,None,-8605000,-8605000,None,USD,165709000,1224000,None,5165000,183486000,-17777000,None,4676000,427000,-379612000,27658000,18491000,35845000,17111000,33580000,105000,105000,-22848000,934000,97200000,None,-37492000,62151000,10172000,118631000,2601000,28799000,None,None,427000,None,-379612000,-49998000,None,47860000,None,68509000,4616000,118631000,31275000,149906000,None,None,None,434254000,165709000,79262000,None,37356000,USD,8791000,5556000,8946000,154000,None,-37000,-129000,-2562000,-8605000,7462000,-1447000,-3902000,2168000,None,92000,1657000,1600000,79000,1000,1600000,19000,7481000,2.89,4.16
5,2019-03-31,USD,16437000,21338000,3266000,13171000,-10330000,-13018000,7329000,None,-13392000,None,10446000,-2163000,-8167000,201000,3062000,-374000,-3062000,-3062000,None,3362000,None,-374000,-5525000,None,-13018000,-13018000,None,USD,173622000,1428000,None,6556000,183204000,-9582000,None,3024000,427000,-371007000,30779000,18491000,34647000,9630000,31358000,104000,104000,-23203000,1749000,102437000,None,-29501000,70221000,11772000,117178000,4258000,28230000,None,None,427000,None,-371007000,-49998000,None,49517000,None,71185000,4871000,117178000,34668000,151846000,None,None,None,434199000,173622000,79851000,None,37355000,USD,21420000,-4266000,21390000,21420000,None,92000,92000,-13933000,-13018000,276000,-21206000,-4992000,1814000,None,92000,467000,-1021000,-190000,30000,-1021000,29000,305000,1.44,2.89
6,2018-12-31,USD,20920000,92049000,4292000,16628000,-75347000,-63859000,6086000,0,-78392000,0,23200000,74000,-75421000,2639000,3045000,-14259000,None,None,274000,60124000,0,-14533000,-64111000,0,-63859000,-63859000,None,USD,190300000,1629000,None,8836000,187520000,2780000,None,3567000,427000,-357989000,43378000,18491000,37524000,9325000,38383000,106000,106000,-23416000,1911000,124851000,None,-17340000,90590000,11330000,115734000,4770000,34710000,None,None,427000,None,-357989000,-49998000,None,43418000,None,65449000,None,115734000,33403000,149137000,None,None,None,433756000,190300000,99915000,None,37313000,USD,16218000,-762000,16207000,-16803000,143750000,-76000,2804000,-2495000,-63859000,-8395000,-24526000,-11569000,3233000,None,-2880000,1259000,-1607000,48779000,11000,-1607000,-117000,-8512000,2.58,1.44
7,2018-09-30,USD,19826000,30801000,3120000,16706000,-13462000,-15771000,11402000,0,-16462000,0,24829000,633000,-14095000,1620000,3000000,None,None,None,0,-7050000,0,-691000,4683000,0,-15771000,-15771000,None,USD,269006000,69339000,None,100857000,203264000,65742000,0,3836000,424000,-294130000,41863000,18491000,25052000,17837000,47019000,107000,107000,-23651000,2288000,147876000,None,65742000,107425000,34569000,114382000,6030000,43076000,0,0,424000,0,-294130000,-49998000,None,None,None,2288000,None,114382000,41863000,156245000,None,None,None,433097000,269006000,125262000,None,37012000,USD,26092000,-4379000,26024000,7577000,-430000,-425000,-467000,-6549000,-15771000,5351000,-20248000,-12260000,3198000,0,5000,-306000,5216000,4054000,68000,5216000,9000,5360000,4.39,2.58
8,2018-06-30,USD,29230000,28503000,3512000,25718000,-800000,-3438000,11890000,0,-3780000,0,27843000,1985000,-2785000,1609000,2980000,None,None,None,0,-12839000,0,-342000,11844000,0,-3438000,-3438000,None,USD,295236000,70962000,None,102783000,216690000,78546000,0,4776000,421000,-278359000,52039000,18491000,23492000,12477000,51613000,108000,108000,-23659000,2439000,174976000,None,78546000,134629000,37184000,113038000,5724000,46729000,0,0,421000,0,-278359000,-49998000,None,None,None,2439000,None,113038000,52039000,165077000,None,None,None,430141000,295236000,147106000,None,36740000,USD,21585000,-5573000,1527000,-20000000,-369000,-9755000,-243000,-9105000,-3438000,-28162000,-19934000,-19419000,3187000,0,-9143000,224000,1734000,3351000,58000,1734000,-272000,-28434000,6.13,4.39
9,2018-03-31,USD,33293000,39326000,6592000,26701000,-12966000,-12236000,9951000,0,-14563000,0,24487000,-341000,-12625000,1767000,1597000,None,None,None,0,3121000,0,-2327000,-5059000,0,-12236000,-12236000,None,USD,351861000,72571000,None,108093000,264807000,87054000,0,4096000,420000,-274921000,65898000,18491000,26144000,40911000,87185000,114000,114000,-23255000,2722000,231933000,None,87054000,157269000,36918000,111724000,5948000,82975000,0,0,420000,0,-274921000,-42573000,None,None,None,2722000,None,111724000,65898000,177622000,None,None,None,427383000,351861000,198180000,None,37642000,USD,-80698000,-2299000,-80739000,1597000,138359000,122915000,-402000,-15766000,-12236000,24168000,-18008000,-6549000,2642000,0,-15042000,-466000,-1891000,2791000,41000,-1891000,179000,24347000,7.29,6.13
10,2017-12-31,USD,34752000,34784000,4048000,30704000,-5423000,-8245000,11325000,0,-5686000,0,23056000,-1343000,-4080000,4509000,263000,None,None,None,0,-4106000,0,2559000,31653000,0,-8245000,-8245000,None,USD,253277000,92289000,None,8958000,167697000,85580000,0,2604000,414000,-262685000,81002000,18491000,126301000,16564000,86539000,111000,111000,-23266000,3001000,123975000,None,-25200000,77511000,14785000,156000,6157000,83824000,0,0,414000,0,-262685000,-22361000,None,15521000,None,129302000,None,156000,81002000,81158000,None,None,None,393478000,253277000,94075000,None,39346000,USD,499000,-3213000,-531000,-972000,-127000,-6026000,-285000,-34521000,-8245000,-20373000,-13816000,-19919000,2219000,0,-5626000,-287000,3054000,6335000,58000,9294000,-512000,-20885000,8.2,7.29
11,2017-09-30,USD,39675000,9767000,3790000,35885000,27863000,21679000,8095000,0,27600000,0,11563000,1745000,26118000,564000,263000,None,None,None,0,-10455000,0,5921000,0,0,21679000,21679000,None,USD,277427000,112747000,None,119667000,180964000,96463000,0,2434000,414000,-254440000,83042000,18491000,125314000,37449000,97308000,301000,301000,-23421000,3180000,148933000,None,96463000,78161000,33100000,614000,5870000,94573000,0,0,414000,0,-254440000,-17506000,None,None,None,3180000,None,614000,83042000,83656000,None,None,None,391416000,277427000,115610000,None,41435000,USD,53428000,-2494000,1077000,-52139000,143750000,-3934000,-296000,-11446000,21679000,-5915000,-3058000,-18697000,1053000,0,-3626000,-123000,6240000,318000,212000,-4794000,-143000,-6058000,10.5,8.2
12,2017-06-30,USD,46311000,7624000,4561000,41750000,36560000,28927000,6792000,0,36297000,0,12429000,2434000,34126000,564000,263000,None,None,None,0,-12161000,0,7370000,0,0,28927000,28927000,None,USD,259160000,40200000,None,48761000,182432000,76728000,0,3688000,414000,-276119000,93129000,18491000,51481000,43507000,88709000,291000,885000,-22680000,3328000,204351000,None,76728000,130290000,27527000,594000,5747000,84730000,0,0,414000,0,-276119000,-14338000,None,None,None,3328000,None,594000,93129000,93723000,None,None,None,389451000,259160000,173797000,None,41435000,USD,15732000,6385000,15745000,526000,12000,-12952000,-221000,-280000,28927000,11021000,8228000,-25213000,774000,0,-12743000,-341000,1446000,3518000,13000,-5822000,250000,11271000,11.03,10.5
13,2017-03-31,USD,52507000,15264000,3902000,48605000,34712000,25910000,7206000,0,34449000,0,11812000,1371000,33341000,564000,263000,None,None,None,0,-4318000,0,8539000,0,0,25910000,25910000,None,USD,258688000,40765000,None,49690000,199606000,59082000,0,2442000,414000,-305046000,115002000,18491000,50694000,32236000,84049000,272000,272000,-23391000,3382000,204612000,None,59082000,146978000,20996000,555000,5406000,81335000,0,0,414000,0,-305046000,0,None,None,None,3382000,None,555000,115002000,115557000,None,None,None,387105000,258688000,179214000,None,41380000,USD,-31655000,12102000,-31989000,263000,12000,-406000,-444000,-1123000,25910000,-7087000,25308000,-17529000,837000,0,38000,-2148000,3660000,1760000,334000,4376000,108000,-6979000,9.68,11.03
14,2016-12-31,USD,43085000,23757000,2102000,40983000,18916000,5052000,13476000,0,18569000,0,10688000,1690000,17226000,2970000,347000,None,None,None,0,-3377000,0,28415000,-54038000,0,-9846000,5052000,None,USD,245482000,22837000,None,5894000,203413000,42069000,10342000,2223000,414000,-319800000,140445000,18491000,60976000,39215000,62421000,268000,268000,-23565000,3320000,181186000,None,741000,114980000,17839000,547000,3258000,34177000,0,0,414000,0,-319800000,0,None,9306000,10342000,64296000,None,547000,135170000,135717000,None,None,None,385020000,245482000,154195000,None,41371000,USD,13659000,9072000,13458000,963000,-216000,58000,-166000,-11613000,4734000,21257000,7741000,-6231000,2934000,0,440000,-249000,-10050000,-63000,201000,-2456000,-822000,20435000,10.39,9.68
15,2016-09-30,USD,32087000,45433000,2844000,29243000,-14451000,-19994000,8143000,0,-16543000,0,12740000,1739000,-16190000,3702000,2092000,None,None,None,0,20848000,0,3451000,0,0,-19994000,-19994000,None,USD,247985000,44642000,None,57765000,211152000,36833000,0,3542000,6331000,-324534000,151233000,19134000,66945000,18780000,59185000,286000,None,-19688000,3186000,177854000,None,36833000,130887000,33458000,734000,3909000,55357000,0,0,6331000,0,-324534000,0,None,None,None,3186000,None,734000,151233000,151967000,None,None,None,374724000,247985000,149667000,None,41241000,USD,-201000,-4112000,26000,467000,-61000,-624000,-563000,None,-19994000,-5359000,-4761000,17051000,3874000,0,0,-265000,7594000,4590000,240000,-5905000,240000,-5119000,12.4,10.39
16,2016-06-30,USD,38858000,46494000,3907000,34951000,-9473000,-19958000,7604000,0,-12509000,0,11290000,2070000,-11543000,3702000,3036000,None,None,None,0,23898000,0,-7449000,0,0,-5060000,-19958000,None,USD,249706000,47878000,None,61569000,197868000,51838000,0,5272000,6331000,-304540000,138892000,18669000,68954000,23899000,58188000,283000,None,-18850000,3104000,177648000,None,51838000,130964000,26530000,788000,3640000,192313000,0,0,6331000,0,-304540000,0,None,None,None,3104000,None,None,None,None,None,None,None,368897000,249706000,154863000,None,41241000,USD,-8827000,-6075000,-9127000,0,None,1718000,1718000,None,-19640000,-13986000,-6577000,16951000,3927000,0,0,1133000,0,936000,300000,-3809000,15000,-13971000,10.74,12.4
17,2016-03-31,USD,36216000,26279000,4395000,31821000,2801000,-6376000,5388000,0,765000,0,9461000,-2741000,5542000,3514000,2036000,None,None,None,0,7916000,0,7141000,0,0,-6376000,-6376000,None,USD,255010000,56966000,None,69799000,185311000,69699000,0,136991000,6331000,-286169000,120151000,24055000,71436000,37870000,60943000,454000,None,-16922000,3100000,180474000,None,69699000,122084000,16845000,710000,5312000,47866000,0,0,6331000,0,-286169000,0,None,None,None,3100000,None,None,None,None,None,None,None,366459000,255010000,159954000,None,41241,USD,-40688000,6300000,-40987000,161000,None,-9106000,-9106000,None,-6376000,-27595000,22498000,9685000,3754000,0,0,1212000,1757000,5803000,460000,2120000,401000,-27194000,11.04,10.74
18,2015-12-31,USD,44568000,71294000,2746000,135991000,101715000,73518000,5161000,0,84909000,0,11969000,None,26521000,12564000,-963000,None,None,None,0,2542000,0,11391000,-24010000,0,41798000,73518000,None,USD,214977000,34316000,None,44687000,147112000,67865000,11581000,128631000,6331000,-279793000,96289000,18491000,46055000,65064000,48788000,434000,434000,-22657000,2616000,166306000,None,67865000,79738000,18717000,684000,4155000,18047000,0,0,6331000,0,-279793000,0,None,None,None,2616000,None,None,None,None,None,None,None,363984000,214977000,144802000,None,41241000,USD,-30101000,-4718000,-31730000,0,-4911000,-23751000,-25229000,5916000,73518000,25304000,84293000,None,568000,0,0,2547000,-8440000,33962000,1629000,None,None,None,12.21,11.04
