,fiscalDateEnding,reportedCurrency_x,totalRevenue,totalOperatingExpense,costOfRevenue,grossProfit,ebit,netIncome_x,researchAndDevelopment,effectOfAccountingCharges,incomeBeforeTax,minorityInterest,sellingGeneralAdministrative,otherNonOperatingIncome,operatingIncome,otherOperatingExpense,interestExpense,taxProvision,interestIncome,netInterestIncome,extraordinaryItems,nonRecurring,otherItems,incomeTaxExpense,totalOtherIncomeExpense,discontinuedOperations,netIncomeFromContinuingOperations,netIncomeApplicableToCommonShares,preferredStockAndOtherAdjustments,reportedCurrency_y,totalAssets,intangibleAssets,earningAssets,otherCurrentAssets,totalLiabilities,totalShareholderEquity,deferredLongTermLiabilities,otherCurrentLiabilities,commonStock,retainedEarnings,otherLiabilities,goodwill,otherAssets,cash,totalCurrentLiabilities,shortTermDebt,currentLongTermDebt,otherShareholderEquity,propertyPlantEquipment,totalCurrentAssets,longTermInvestments,netTangibleAssets,shortTermInvestments,netReceivables,longTermDebt,inventory,accountsPayable,totalPermanentEquity,additionalPaidInCapital,commonStockTotalEquity,preferredStockTotalEquity,retainedEarningsTotalEquity,treasuryStock,accumulatedAmortization,otherNonCurrrentAssets,deferredLongTermAssetCharges,totalNonCurrentAssets,capitalLeaseObligations,totalLongTermDebt,otherNonCurrentLiabilities,totalNonCurrentLiabilities,negativeGoodwill,warrants,preferredStockRedeemable,capitalSurplus,liabilitiesAndShareholderEquity,cashAndShortTermInvestments,accumulatedDepreciation,commonStockSharesOutstanding,reportedCurrency,investments,changeInLiabilities,cashflowFromInvestment,otherCashflowFromInvestment,netBorrowings,cashflowFromFinancing,otherCashflowFromFinancing,changeInOperatingActivities,netIncome_y,changeInCash,operatingCashflow,otherOperatingCashflow,depreciation,dividendPayout,stockSaleAndPurchase,changeInInventory,changeInAccountReceivables,changeInNetIncome,capitalExpenditures,changeInReceivables,changeInExchangeRate,changeInCashAndCashEquivalents,clossingVal,nextClossingVal
0,2020-05-03,USD,5742000000,4922000000,2553000000,3189000000,2626000000,563000000,1269000000,None,409000000,None,501000000,None,820000000,None,487000000,-159000000,None,-487000000,-5000000,None,None,-159000000,76000000,-5000000,568000000,488000000,None,USD,81548000000,19909000000,None,462000000,57578000000,23970000000,None,993000000,None,0,5380000000,43457000000,729000000,9207000000,6601000000,None,819000000,-131000000,3231000000,14222000000,None,-39424000000,None,3211000000,45044000000,953000000,1230000000,None,None,None,None,None,None,None,1342000000,None,67326000000,None,45072000000,5222000000,50977000000,None,None,None,24073000000,None,9207000000,None,None,USD,24000000,233000000,24000000,4000000,1041000000,-474000000,-6000000,-207000000,563000000,2763000000,3213000000,None,1730000000,-1381000000,-219000000,-10000000,440000000,464000000,148000000,None,None,None,nan,
1,2020-04-30,USD,5742000000,4922000000,2553000000,3189000000,2626000000,563000000,1269000000,None,409000000,None,501000000,None,820000000,None,487000000,-159000000,None,-487000000,None,None,None,-159000000,76000000,-5000000,568000000,488000000,None,USD,81548000000,19909000000,None,462000000,57578000000,23970000000,None,993000000,None,0,5380000000,43457000000,729000000,9207000000,6601000000,None,819000000,-131000000,3231000000,14222000000,None,-39424000000,None,3211000000,45044000000,953000000,1230000000,None,None,None,None,None,None,None,1342000000,None,67326000000,None,None,5222000000,50977000000,None,None,None,None,None,None,None,None,USD,24000000,233000000,24000000,4000000,1041000000,-474000000,-6000000,-207000000,563000000,2763000000,3213000000,None,1730000000,-1381000000,-219000000,-10000000,440000000,464000000,148000000,None,None,None,271.62,nan
2,2020-02-02,USD,5858000000,5087000000,2594000000,3264000000,2438000000,385000000,1289000000,None,304000000,None,601000000,None,771000000,None,406000000,-76000000,None,-406000000,5000000,None,None,-76000000,-61000000,5000000,380000000,311000000,None,USD,81006000000,21465000000,None,650000000,56610000000,24396000000,None,1128000000,None,0,5896000000,43472000000,724000000,6444000000,7739000000,2300000000,2311000000,-132000000,3236000000,12109000000,None,-40569000000,None,3651000000,42407000000,944000000,985000000,None,None,None,None,None,None,None,1344000000,None,68897000000,None,42435000000,5676000000,48871000000,None,None,None,24500000000,None,6444000000,None,420000000,USD,-10987000000,117000000,-10987000000,-9000000,11562000000,10054000000,-4000000,-94000000,385000000,1389000000,2322000000,None,1728000000,-1372000000,-169000000,40000000,-392000000,538000000,108000000,None,None,None,nan,271.62
3,2020-01-31,USD,5858000000,5087000000,2594000000,3264000000,2438000000,385000000,1289000000,None,304000000,None,601000000,None,771000000,None,406000000,-76000000,None,-406000000,None,None,None,-76000000,-61000000,5000000,380000000,311000000,None,USD,81006000000,21465000000,None,650000000,56610000000,24396000000,None,1128000000,None,0,5896000000,43472000000,724000000,6444000000,7739000000,None,2311000000,-132000000,3236000000,12109000000,None,-40569000000,None,3651000000,42407000000,944000000,985000000,None,None,None,None,None,None,None,1344000000,None,68897000000,None,None,5676000000,48871000000,None,None,None,None,None,None,None,None,USD,-10987000000,117000000,-10987000000,-9000000,11562000000,10054000000,-4000000,-94000000,385000000,1389000000,2322000000,None,1728000000,-1372000000,-169000000,40000000,-392000000,538000000,108000000,None,None,None,305.16,nan
4,2019-11-03,USD,5776000000,4684000000,2624000000,3152000000,2560000000,847000000,1177000000,None,747000000,None,409000000,None,1092000000,None,361000000,-100000000,None,-263000000,None,None,None,-100000000,-82000000,5000000,847000000,818000000,None,USD,67493000000,17554000000,None,427000000,42523000000,24970000000,None,577000000,None,0,5613000000,36714000000,743000000,5055000000,6899000000,2787000000,2787000000,-140000000,2565000000,9917000000,None,-29327000000,None,3259000000,30011000000,874000000,855000000,None,None,None,None,None,None,None,743000000,None,57576000000,None,30040000000,5497000000,35624000000,None,None,None,25081000000,None,5055000000,None,419000000,USD,-88000000,-147000000,-88000000,2000000,-4904000000,-2798000000,9000000,-509000000,847000000,-407000000,2479000000,None,1452000000,-1054000000,-587000000,217000000,285000000,334000000,96000000,None,None,None,nan,305.16
5,2019-10-31,USD,5776000000,4684000000,2624000000,3152000000,2560000000,847000000,1177000000,None,747000000,None,409000000,None,1092000000,None,361000000,-100000000,None,-263000000,None,None,None,-100000000,-82000000,5000000,847000000,818000000,None,USD,67493000000,17554000000,None,427000000,42523000000,24970000000,None,577000000,None,0,5613000000,36714000000,743000000,5055000000,6899000000,None,2787000000,-140000000,2565000000,9917000000,None,-29327000000,None,3259000000,30011000000,874000000,855000000,None,None,None,None,None,None,None,743000000,None,57576000000,None,None,5497000000,35624000000,None,None,None,None,None,None,None,None,USD,-88000000,-147000000,-88000000,2000000,-4904000000,-2798000000,9000000,-509000000,847000000,-407000000,2479000000,None,1452000000,-1054000000,-587000000,217000000,285000000,334000000,96000000,None,None,None,292.85,nan
6,2019-08-04,USD,5515000000,4601000000,2481000000,3034000000,2356000000,715000000,1235000000,None,544000000,None,410000000,None,914000000,None,362000000,-171000000,None,-362000000,None,None,None,-171000000,-8000000,5000000,715000000,715000000,None,USD,69767000000,18879000000,None,404000000,48264000000,21503000000,None,1038000000,21619000000,0,5954000000,36686000000,693000000,5462000000,8282000000,3537000000,3537000000,-116000000,2611000000,10898000000,None,-34062000000,None,3539000000,34028000000,1091000000,996000000,None,None,None,None,None,None,None,693000000,None,58869000000,None,34028000000,3897000000,39982000000,None,None,None,21618602000,None,5462000000,None,418000000,USD,-35000000,244000000,-35000000,-1000000,-230000000,-2250000000,3000000,-287000000,715000000,134000000,2419000000,None,1450000000,-1057000000,-977000000,-57000000,-60000000,414000000,112000000,None,None,None,nan,292.85
7,2019-07-31,USD,5515000000,4601000000,2481000000,3034000000,2356000000,715000000,1235000000,None,544000000,None,410000000,None,914000000,None,362000000,-171000000,None,-362000000,None,None,None,-171000000,-8000000,5000000,715000000,715000000,None,USD,69767000000,18879000000,None,404000000,48264000000,21503000000,None,1038000000,21619000000,0,5954000000,36686000000,693000000,5462000000,8282000000,None,3537000000,-116000000,2611000000,10898000000,None,-34062000000,None,3539000000,34028000000,1091000000,996000000,None,None,None,None,None,None,None,693000000,None,58869000000,None,None,3897000000,39982000000,None,None,None,None,None,None,None,None,USD,-35000000,244000000,-35000000,-1000000,-230000000,-2250000000,3000000,-287000000,715000000,134000000,2419000000,None,1450000000,-1057000000,-977000000,-57000000,-60000000,414000000,112000000,None,None,None,289.99,nan
8,2019-05-05,USD,5517000000,4471000000,2428000000,3089000000,2480000000,691000000,1151000000,None,657000000,None,419000000,None,1046000000,None,376000000,-36000000,None,-376000000,-2000000,None,None,-36000000,-13000000,-2000000,693000000,691000000,None,USD,70916000000,20188000000,None,436000000,48744000000,22172000000,None,1411000000,399000,0,6230000000,36662000000,735000000,5328000000,8503000000,3537000000,3537000000,-116000000,2654000000,10677000000,None,-34678000000,None,3484000000,34011000000,1034000000,759000000,None,None,None,None,None,None,None,735000000,None,60239000000,None,34011000000,3917000000,40241000000,None,None,None,22287601000,None,5328000000,None,422000000,USD,-106000000,30000000,-15299000000,-15075000000,-59000000,-2326000000,-48000000,-165000000,691000000,235000000,2667000000,None,1447000000,-1057000000,-1330000000,40000000,193000000,431000000,125000000,None,None,None,nan,289.99
9,2019-01-31,USD,5789000000,2080000000,2525000000,3264000000,2082000000,471000000,1133000000,None,278000000,None,471000000,None,555000000,None,345000000,-203000000,None,None,-10000000,None,None,-203000000,-505000000,-10000000,481000000,471000000,None,USD,72110000000,21493000000,None,456000000,48886000000,23224000000,None,1263000000,396000,259000000,6433000000,36647000000,682000000,5093000000,8349000000,3537000000,3537000000,-116000000,2684000000,10604000000,None,-34916000000,None,3677000000,34104000000,1074000000,738000000,None,None,None,None,None,None,None,61506000000,None,682000000,None,34104000000,3840000000,40537000000,None,None,None,23080604000,None,5093000000,None,419000000,USD,-15193000000,-169000000,-15193000000,-15094000000,18427000000,13862000000,-47000000,83000000,471000000,801000000,2132000000,None,143000000,-1067000000,-3451000000,50000000,68000000,170000000,99000000,None,None,None,268.25,nan
10,2018-11-04,USD,5444000000,3760000000,1746000000,3698000000,1684000000,1115000000,948000000,0,1422000000,351000000,237000000,None,1684000000,0,-148000000,None,None,None,0,0,0,307000000,-262000000,-10000000,1115000000,1115000000,None,USD,50124000000,10762000000,None,58000000,23467000000,26657000000,0,486000000,23285000000,3487000000,3636000000,26913000000,707000000,4292000000,2338000000,None,None,-115000000,2635000000,9107000000,None,-11018000000,0,3390000000,17493000000,1124000000,811000000,26657000000,23285000000,0,0,3487000000,0,None,None,None,None,None,None,None,None,None,None,None,None,None,None,None,None,USD,-2000000,28000000,-118000000,3000000,-117000000,-2361000000,-26000000,50000000,1115000000,156000000,2635000000,None,968000000,-723000000,0,92000000,-312000000,688000000,106000000,None,None,None,nan,268.25
11,2018-08-05,USD,5063000000,3703000000,1680000000,3383000000,1360000000,1196000000,959000000,0,1229000000,-14000000,234000000,None,1360000000,339000000,-149000000,None,None,None,0,130000000,0,32000000,-131000000,-1000000,1197000000,1196000000,None,USD,50372000000,11598000000,None,37000000,22920000000,27452000000,0,500000000,23291000000,4267000000,3246000000,26920000000,464000000,4136000000,2187000000,117000000,117000000,-106000000,2695000000,8695000000,None,-11066000000,0,3083000000,17487000000,1216000000,785000000,27452000000,23291000000,0,0,4267000000,0,None,None,None,None,None,None,None,None,None,None,None,None,None,None,None,None,USD,-2000000,-41000000,-174000000,-47000000,-117000000,-6124000000,-75000000,19000000,1196000000,-4051000000,2247000000,None,965000000,-677000000,0,19000000,-262000000,345000000,120000000,None,None,None,nan,nan
12,2018-05-06,USD,5014000000,3750000000,1696000000,3318000000,1264000000,3718000000,936000000,0,1099000000,14000000,286000000,None,1264000000,-678000000,-148000000,None,None,None,0,-260000000,0,-2637000000,-165000000,-3000000,3736000000,3718000000,None,USD,54936000000,12346000000,None,42000000,22869000000,32067000000,0,754000000,24305000000,7868000000,3264000000,26908000000,488000000,8187000000,2124000000,117000000,117000000,-106000000,2720000000,12474000000,None,-7187000000,0,2836000000,17481000000,1235000000,836000000,32067000000,24305000000,0,0,7868000000,0,None,None,None,None,None,None,None,None,None,None,None,None,None,None,None,None,USD,49000000,91000000,-155000000,-16000000,-15000000,-1047000000,3000000,127000000,3718000000,1111000000,2313000000,None,964000000,-766000000,112000000,56000000,-277000000,-2372000000,189000000,None,None,None,nan,nan
13,2018-02-04,USD,5327000000,4148000000,1771000000,3428000000,1179000000,6230000000,925000000,0,795000000,337000000,1162000000,None,1214000000,339000000,183000000,None,None,None,0,130000000,0,-5786000000,-384000000,-15000000,6581000000,6244000000,None,USD,54544000000,40070000000,None,394000000,25463000000,25901000000,None,1037000000,20851000000,5050000000,4775000000,26899000000,40577000000,7076000000,1970000000,117000000,117000000,-82000000,2747000000,11220000000,None,-14169000000,None,2459000000,17475000000,1291000000,816000000,None,None,None,None,None,None,None,None,None,None,None,None,None,None,None,None,None,None,None,None,None,None,USD,-244000000,-403000000,-4227000000,786000000,-862000000,-1586000000,-3000000,-592000000,6230000000,-4128000000,1685000000,None,1184000000,-755000000,34000000,250000000,199000000,-5189000000,220000000,None,None,None,nan,nan
14,2017-10-29,USD,4844000000,3726000000,1680000000,-1892000000,612000000,532000000,828000000,0,645000000,29000000,2011000000,None,1646000000,-867000000,119000000,None,None,None,0,-75000000,0,89000000,565000000,26000000,1051000000,527000000,None,USD,54418000000,35538000000,None,724000000,31232000000,20285000000,None,1184000000,20505000000,-129000000,1253000000,24706000000,35996000000,11204000000,2529000000,117000000,117000000,-91000000,2599000000,15823000000,None,-15253000000,None,2603000000,17431000000,1447000000,1105000000,None,None,None,None,None,None,None,None,None,None,None,None,None,None,None,None,None,None,None,None,None,421000000,USD,-7000000,12000000,-674000000,1000000,3742000000,2230000000,-116000000,-583000000,532000000,8107000000,6551000000,None,4737000000,-1745000000,257000000,-39000000,-267000000,1084000000,1069000000,None,None,None,252.9,nan
15,2017-07-30,USD,4463000000,17194000000,1546000000,20964000000,3490000000,481000000,827000000,0,548000000,26000000,190000000,None,2827000000,4389000000,112000000,None,None,None,0,561000000,0,39000000,-2072000000,-53000000,1556000000,483000000,None,USD,49942000000,36633000000,None,646000000,27238000000,19802000000,7000000,1060000000,20180000000,-245000000,1589000000,24706000000,37090000000,5249000000,2218000000,13572000000,13572000000,-133000000,2909000000,9943000000,None,-16831000000,200000000,2417000000,13572000000,1431000000,1158000000,None,None,None,None,None,None,None,None,None,None,None,None,None,None,None,None,None,None,None,None,None,445000000,USD,193000000,217000000,-258000000,5000000,-6000000,-403000000,-69000000,-111000000,481000000,995000000,4592000000,None,1211000000,-1306000000,41000000,-119000000,-344000000,316000000,836000000,None,None,None,250.37,252.9
16,2017-04-30,USD,4190000000,-7468000000,1454000000,-10030000000,-1791000000,440000000,829000000,0,365000000,24000000,1000000000,None,545000000,-2198000000,112000000,None,None,None,0,-249000000,0,-163000000,771000000,26000000,-1074000000,444000000,None,USD,49849000000,37722000000,None,630000000,27506000000,19425000000,8000000,1127000000,19869000000,-311000000,1648000000,24706000000,38619000000,4254000000,2052000000,13567000000,13567000000,-133000000,2762000000,8468000000,None,-18297000000,200000000,2073000000,13567000000,1311000000,925000000,None,None,None,None,None,None,None,None,None,None,None,None,None,None,None,None,None,None,None,None,None,442000000,USD,-200000000,20000000,-493000000,6000000,100000000,-372000000,-3000000,-161000000,440000000,718000000,2936000000,None,1199000000,-868000000,89000000,96000000,108000000,156000000,581000000,None,None,None,220.81,250.37
17,2017-01-29,USD,4139000000,1495000000,1461000000,2001000000,378000000,239000000,818000000,0,267000000,13000000,971000000,None,596000000,440000000,111000000,None,None,None,0,46000000,0,10000000,-128000000,-5000000,257000000,244000000,None,USD,49617000000,38767000000,None,531000000,27607000000,19033000000,8000000,1075000000,19504000000,-337000000,1649000000,24700000000,39621000000,3536000000,2122000000,13562000000,13562000000,-134000000,2646000000,7350000000,None,-19734000000,None,1947000000,13562000000,1336000000,1047000000,None,None,None,None,None,None,None,None,None,None,None,None,None,None,None,None,None,None,None,None,None,439000000,USD,-200000000,-318000000,-319000000,6000000,-118000000,-595000000,-107000000,-337000000,239000000,439000000,1353000000,None,1122000000,-431000000,61000000,65000000,234000000,335000000,325000000,None,None,None,205.71,220.81
18,2016-10-30,USD,4136000000,9323000000,1518000000,6163000000,2152000000,-1424000000,977000000,0,235000000,-47000000,997000000,None,921000000,1145000000,106000000,None,None,None,0,722000000,0,841000000,-2961000000,-100000000,-1446000000,-1441000000,None,USD,49966000000,39800000000,None,447000000,28090000000,18892000000,9000000,1246000000,19241000000,-215000000,1537000000,24732000000,40332000000,3097000000,3078000000,454000000,454000000,-134000000,2509000000,7125000000,None,-20908000000,None,2181000000,13188000000,1400000000,1261000000,None,None,None,None,None,None,None,None,None,None,None,None,None,None,None,None,None,None,None,None,None,383000000,USD,46000000,196000000,-9840000000,887000000,8193000000,7704000000,-68000000,-55000000,-1739000000,1275000000,3411000000,None,3042000000,-750000000,295000000,996000000,-491000000,1589000000,723000000,None,None,None,169.35,205.71
19,2016-07-31,USD,3792000000,-1320000000,1401000000,-322000000,-456000000,871000000,1034000000,0,-420000000,3031000000,1006000000,None,327000000,728000000,139000000,None,None,None,0,274000000,0,-18000000,-17000000,26000000,-303000000,-298000000,None,USD,49752000000,40603000000,None,600000000,27248000000,19473000000,10000000,1267000000,18926000000,547000000,1525000000,24784000000,41131000000,1961000000,2728000000,334000000,334000000,-72000000,2573000000,6048000000,None,-21130000000,None,2181000000,13381000000,1306000000,1127000000,None,None,None,None,None,None,None,None,None,None,None,None,None,None,None,None,None,None,None,None,None,419000000,USD,58000000,9000000,426000000,683000000,-1306000000,7946000000,43000000,-150000000,-315000000,-80000000,2059000000,None,1068000000,-537000000,38000000,1088000000,-322000000,237000000,530000000,None,None,None,161.98,169.35
