,fiscalDateEnding,reportedCurrency_x,totalRevenue,totalOperatingExpense,costOfRevenue,grossProfit,ebit,netIncome_x,researchAndDevelopment,effectOfAccountingCharges,incomeBeforeTax,minorityInterest,sellingGeneralAdministrative,otherNonOperatingIncome,operatingIncome,otherOperatingExpense,interestExpense,taxProvision,interestIncome,netInterestIncome,extraordinaryItems,nonRecurring,otherItems,incomeTaxExpense,totalOtherIncomeExpense,discontinuedOperations,netIncomeFromContinuingOperations,netIncomeApplicableToCommonShares,preferredStockAndOtherAdjustments,reportedCurrency_y,totalAssets,intangibleAssets,earningAssets,otherCurrentAssets,totalLiabilities,totalShareholderEquity,deferredLongTermLiabilities,otherCurrentLiabilities,commonStock,retainedEarnings,otherLiabilities,goodwill,otherAssets,cash,totalCurrentLiabilities,shortTermDebt,currentLongTermDebt,otherShareholderEquity,propertyPlantEquipment,totalCurrentAssets,longTermInvestments,netTangibleAssets,shortTermInvestments,netReceivables,longTermDebt,inventory,accountsPayable,totalPermanentEquity,additionalPaidInCapital,commonStockTotalEquity,preferredStockTotalEquity,retainedEarningsTotalEquity,treasuryStock,accumulatedAmortization,otherNonCurrrentAssets,deferredLongTermAssetCharges,totalNonCurrentAssets,capitalLeaseObligations,totalLongTermDebt,otherNonCurrentLiabilities,totalNonCurrentLiabilities,negativeGoodwill,warrants,preferredStockRedeemable,capitalSurplus,liabilitiesAndShareholderEquity,cashAndShortTermInvestments,accumulatedDepreciation,commonStockSharesOutstanding,reportedCurrency,investments,changeInLiabilities,cashflowFromInvestment,otherCashflowFromInvestment,netBorrowings,cashflowFromFinancing,otherCashflowFromFinancing,changeInOperatingActivities,netIncome_y,changeInCash,operatingCashflow,otherOperatingCashflow,depreciation,dividendPayout,stockSaleAndPurchase,changeInInventory,changeInAccountReceivables,changeInNetIncome,capitalExpenditures,changeInReceivables,changeInExchangeRate,changeInCashAndCashEquivalents,clossingVal,nextClossingVal
0,2020-06-30,USD,4159701000,4135728000,3684630000,475071000,67905000,52161000,None,None,-16143000,None,451098000,None,23973000,-4474000,25488000,-68304000,None,-25488000,None,None,None,-68304000,-14628000,None,52161000,52161000,None,USD,8105197000,65437000,None,None,4378799000,3726398000,None,None,98793000,2421845000,419923000,773734000,256696000,477038000,2280366000,None,51000,-388380000,680524000,6328806000,None,2887227000,None,2928386000,1424791000,2731988000,1754078000,None,None,None,None,None,None,None,256696000,None,1776391000,307032000,None,419923000,2098433000,None,None,None,None,None,None,None,None,USD,-9805000,5933000,-9805000,2555000,-178170000,-200120000,802000,38087000,52161000,74383000,287572000,None,58560000,-20740000,-2012000,38795000,None,25445000,12360000,None,None,None,27.89,
1,2020-03-31,USD,4309818000,634693000,3790885000,518933000,-128368000,-128661000,None,None,-158086000,None,469646000,-12608000,-115760000,1811000,29718000,-29425000,None,-29718000,None,165047000,None,-29425000,-177655000,None,-128661000,-128661000,None,USD,8089728000,77306000,None,180956000,4412450000,3677278000,None,55496000,98761000,2390425000,362883000,760939000,250248000,402655000,2607788000,399965000,399965000,-399202000,413371000,6316621000,None,2839033000,None,2987791000,1194240000,2745219000,2152327000,None,None,98761000,None,2390425000,None,None,521491000,None,1773107000,303035000,1194240000,610422000,1804662000,None,None,None,1587294000,8089728000,402655000,None,99000000,USD,-16353000,-72617000,-16353000,551000,-92156000,-160410000,-10245000,-12405000,-128662000,-78359000,98404000,-113456000,46696000,-20809000,-37200000,133814000,None,139470000,16904000,-35503000,None,-78359000,25.1,27.89
2,2019-12-31,USD,4534806000,479138000,4009193000,525613000,45990000,3668000,None,None,12086000,None,464873000,-485000,46475000,465000,33904000,6870000,None,-33904000,-1548000,14265000,None,6870000,-14750000,-1548000,5216000,3668000,None,USD,8525112000,119186000,None,161343000,4567779000,3957333000,None,52057000,99349000,2575536000,383792000,916058000,247581000,488810000,2745250000,492223000,492223000,-306018000,431410000,6536501000,None,2922089000,None,2977773000,1194115000,2908575000,2200970000,None,None,99349000,None,2575536000,None,None,521957000,None,1988611000,296679000,1194115000,628414000,1822529000,None,None,None,1588466000,8525112000,488810000,None,101000000,USD,-66480000,-277655000,-66480000,-52092000,-147032000,-261267000,-5435000,-35198000,3668000,-179183000,148564000,20731000,46499000,-20975000,-87825000,158376000,192301000,8312000,14388000,192301000,None,-179183000,42.44,25.1
3,2019-09-30,USD,4630009000,481101000,4086170000,543839000,67669000,41752000,None,None,34038000,None,456503000,4931000,62738000,2098000,33631000,-7714000,None,-33631000,None,24598000,None,-7714000,-19667000,-1548000,41752000,41752000,None,USD,8913337000,120139000,None,169471000,4955266000,3958071000,None,55149000,101471000,2678266000,380586000,858656000,229559000,664108000,3137299000,638402000,638402000,-402372000,437467000,6988946000,None,2979276000,None,3129387000,1191975000,3025980000,2443748000,None,None,101471000,None,2678266000,None,None,508129000,None,1924391000,300555000,1191975000,625992000,1817967000,None,None,None,1580706000,8913337000,664108000,None,104000000,USD,-42379000,153086000,-42379000,-12515000,108955000,-22753000,548000,-36660000,41752000,130510000,195642000,57591000,44580000,-21451000,-110805000,-64194000,-6703000,11282000,29864000,-6703000,None,130510000,44.485,42.44
4,2019-06-30,USD,4680909000,625164000,4085785000,595124000,-28232000,-31836000,None,None,-63042000,None,459611000,1808000,-30040000,1676000,34810000,-27915000,None,-34810000,3292000,165553000,None,-27914000,-163747000,3292000,-35128000,-31836000,None,USD,8564556000,143520000,None,153438000,4424083000,4140473000,None,52188000,104038000,2767469000,425585000,876728000,215801000,546105000,2578576000,300538000,300538000,-304039000,452171000,6876336000,None,3120225000,None,3168369000,1419922000,3008424000,2278038000,None,None,104038000,None,2767469000,None,None,215801000,None,1688220000,None,1419922000,425585000,1845507000,None,None,None,1573005000,8564556000,546105000,None,111000000,USD,-22913000,-33653000,-22913000,-1606000,-354552000,-494248000,2085000,-55324000,-31836000,-182536000,334625000,-35128000,45027000,-20970000,-120811000,207339000,28599000,122441000,21307000,28599000,None,-182536000,45.27,44.485
5,2019-03-31,USD,4698824000,471110000,4074629000,624195000,161816000,88048000,None,None,125563000,None,468171000,8731000,153085000,39000,36253000,30628000,None,-36253000,-6887000,2939000,None,30628000,5792000,-6887000,94935000,88048000,None,USD,9099680000,168375000,None,129316000,4737208000,4362472000,None,17962000,106654000,2935077000,380316000,1027432000,192979000,725252000,2333264000,50401000,50401000,-244342000,455484000,7255410000,None,3166665000,None,3188863000,2023628000,3211979000,2282863000,None,None,106654000,None,2935077000,None,None,192979000,None,1844270000,None,2023628000,380316000,2403944000,None,None,None,1565083000,9099680000,725252000,None,109000000,USD,5965000,-172124000,5965000,37162000,109634000,-29508000,-5158000,22148000,88048000,245678000,269221000,94935000,46471000,-21487000,-112497000,84172000,242862000,-27095000,31197000,242862000,None,245678000,43.37,45.27
6,2018-12-31,USD,5048980000,533983000,4418947000,630033000,98634000,36401000,0,None,64916000,None,471723000,2584000,96050000,760000,33718000,None,None,None,-19574000,62260000,None,28141000,-97179000,-374000,36775000,36401000,None,USD,9234699000,184979000,None,156451000,4825962000,4408737000,None,20441000,108951000,2982937000,391729000,1010568000,185515000,482166000,2472766000,1845000,None,-246784000,462914000,7390723000,None,3213190000,None,3445807000,1961467000,3306299000,2470921000,None,None,108951000,None,2982937000,None,None,185515000,None,1843976000,None,1961467000,391729000,2353196000,None,None,None,1563633000,9234699000,482166000,None,111000000,USD,None,-359115000,-87322000,-58143000,397532000,187325000,-2128000,-58742000,36401000,115906000,15903000,36775000,43145000,-21769000,-186310000,60067000,212812000,22219000,29179000,212812000,None,115906000,36.1,43.37
7,2018-09-30,USD,5089879000,489934000,4453129000,636750000,144924000,83724000,0,None,114831000,None,475146000,-1892000,146816000,1488000,30093000,None,None,None,None,14788000,None,31302000,-49830000,195000,83529000,83724000,None,USD,9453774000,199379000,None,114432000,4832701000,4621073000,0,21819000,113031000,3139272000,413147000,982306000,188226000,365852000,2864832000,10626000,None,-185794000,525873000,7557990000,None,3439388000,0,3682512000,1554722000,3395194000,2854206000,0,0,113031000,0,3139272000,0,None,188226000,None,1895784000,None,1554722000,413147000,1967869000,None,None,None,1554564000,9453774000,365852000,None,116000000,USD,None,13366000,79058000,120065000,-91547000,-246245000,17328000,-81753000,83724000,-252166000,-84979000,83529000,46199000,-22932000,-149094000,-269649000,-19292000,60868000,41007000,-19292000,None,-252166000,44.77,36.1
8,2018-06-30,USD,5059220000,530687000,4400589000,658631000,120305000,58615000,0,0,93526000,0,493838000,-7639000,127944000,8136000,26779000,None,None,None,0,36849000,0,35787000,-63130000,876000,57739000,58615000,None,USD,9596845000,219913000,None,206513000,4911764000,4685081000,0,161011000,115825000,3235894000,453084000,980872000,262552000,621125000,2969461000,165380000,105000000,-195351000,522909000,7610599000,None,3484296000,0,3641139000,1489219000,3141822000,2804081000,0,0,115825000,0,3235894000,0,None,262552000,None,1986246000,None,1489219000,453084000,1942303000,None,None,None,1528713000,9596845000,621125000,None,120000000,USD,None,284099000,41616000,85272000,65160000,-72227000,-1280000,55223000,58615000,205002000,235613000,57739000,50901000,-22057000,-114050000,29276000,-198028000,11626000,43656000,-198028000,None,189642000,42.89,44.77
9,2018-03-31,USD,4795093000,707938000,4141556000,653537000,-46017000,-320066000,0,0,-72063000,0,501378000,8384000,-54401000,3220000,26046000,None,None,None,0,206560000,0,243541000,-221002000,-4462000,-315604000,-320066000,None,USD,9711930000,258267000,None,380118000,4757109000,4954821000,0,576385000,118631000,3313914000,498957000,1026542000,1566397000,430065000,2769446000,101979000,95000000,2301000,520922000,7624611000,None,3670012000,75051000,3552531000,1488706000,3261897000,2667467000,0,0,118631000,0,3313914000,0,None,281588000,None,2087319000,None,1488706000,498957000,1987663000,None,None,None,1519975000,9711930000,430065000,None,120000000,USD,None,295182000,-2893000,41927000,-141912000,-240070000,-1524000,189792000,-320066000,-165873000,77090000,-315604000,59205000,-22626000,-74008000,72422000,-206606000,172491000,44820000,-206606000,6420000,-159453000,41.76,42.89
10,2017-12-31,USD,4521636000,515443000,3919175000,602461000,87780000,46724000,0,0,62140000,0,478681000,762000,87018000,-346000,25640000,None,None,None,0,36762000,0,5346000,-61478000,-10070000,56794000,46724000,None,USD,9800505000,269743000,None,405647000,4551961000,5248544000,0,554140000,119601000,3724978000,308259000,1181013000,1716708000,589518000,2755636000,243351000,220000000,-116893000,507692000,7576105000,None,3797788000,136443000,3295014000,1488066000,3285926000,2512285000,0,0,119601000,0,3724978000,0,None,265952000,None,2224400000,None,1488066000,308259000,1796325000,None,None,None,1520858000,9800505000,589518000,None,122000000,USD,None,-40005000,27726000,68464000,40007000,-49533000,-635000,-78095000,46724000,46964000,68771000,56794000,60997000,-21560000,-67345000,-143363000,108459000,-6520000,40738000,140868000,2875000,49839000,39.62,41.76
11,2017-09-30,USD,4660943000,542600000,4048388000,612555000,85534000,58303000,0,0,61474000,0,496206000,15579000,69955000,508000,24060000,None,None,None,0,46394000,0,3292000,0,121000,58182000,58303000,None,USD,9773158000,290962000,None,459549000,4529055000,5244103000,0,598456000,121235000,3765491000,322213000,1178005000,1717168000,539679000,2711703000,195498000,1690637000,-154084000,510303000,7545687000,None,3775136000,197949000,3417427000,1495139000,3129032000,2516205000,0,0,121235000,0,3765491000,0,None,248201000,None,2227471000,None,1495139000,322213000,1817352000,None,None,None,1511461000,9773158000,539679000,None,124000000,USD,None,59392000,5282000,31941000,-89359000,-180063000,-579000,22140000,58303000,-302770000,-127989000,58182000,63769000,-22012000,-68113000,-266998000,0,-9925000,26659000,-32409000,6065000,-296705000,39.3,39.62
12,2017-06-30,USD,4551103000,535890000,3923317000,627786000,78399000,81446000,0,0,53227000,0,493857000,-13497000,91896000,2000,25172000,None,None,None,0,107946000,0,-19153000,-288396000,9066000,72380000,81446000,None,USD,9699589000,277291000,None,535091000,4517521000,5182068000,0,480471000,123081000,3799363000,334538000,1148347000,1646206000,836384000,2453771000,50113000,1779325000,-243866000,519575000,7533808000,None,3756430000,281326000,3337624000,1729212000,2824709000,2403658000,0,0,123081000,0,3799363000,0,None,220568000,None,2165781000,None,1729212000,334538000,2063750000,None,None,None,1503490000,9699589000,836384000,None,129000000,USD,None,-34480000,-6190000,6247000,50234000,-140940000,-17708000,-132941000,81446000,-331191000,-184061000,73278000,57375000,-22180000,-151286000,-1695000,-371820000,-242336000,12437000,-36203000,38342000,-292849000,38.88,39.3
13,2017-03-31,USD,4441896000,515703000,3811910000,629986000,133722000,271771000,0,0,106188000,0,480190000,19439000,114283000,35513000,27534000,None,None,None,0,295148000,0,16268000,0,181851000,89920000,271771000,None,USD,9845778000,285390000,None,535083000,4746205000,5099573000,0,880794000,126239000,3872407000,377328000,1140978000,1646761000,1129233000,2644643000,32574000,32574000,-391837000,526025000,7672992000,None,3673205000,261549000,3237440000,1724234000,2771236000,2612069000,0,0,126239000,0,3872407000,-131000,None,220393000,None,2172786000,None,1724234000,377328000,2101562000,None,None,None,1492764000,9845778000,1129233000,None,129000000,USD,None,-13118000,2208781000,2246317000,-1299860000,-1936902000,-489393000,34460000,271771000,-152841000,-424720000,89920000,40610000,-23051000,-124598000,-53569000,0,-280099000,37536000,-208464000,11932000,-140909000,45.76,38.88
14,2016-12-31,USD,4273559000,461955000,3687374000,586185000,87716000,103218000,0,0,60968000,0,431555000,-36514000,124230000,30400000,26748000,None,None,None,0,-146414000,0,28503000,0,70753000,32465000,103218000,None,USD,13255995000,296058000,None,4113051000,8544133000,4711862000,0,2332646000,127979000,3760906000,351909000,1098471000,1613788000,1270142000,4809793000,246729000,246729000,-668148000,565108000,11077099000,None,3317333000,0,2996110000,3382431000,2697796000,2230418000,0,0,127979000,0,3760906000,-173000,None,219259000,None,2178896000,None,3382431000,351909000,3734340000,None,None,None,1491125000,13255995000,1270142000,None,130000000,USD,None,209516000,-829725000,-794030000,716266000,695910000,1394000,None,103218000,106411000,240226000,31310000,35751000,-21750000,0,-42568000,0,68783000,35695000,-62566000,-32814000,73597000,47.61,45.76
15,2016-09-30,USD,4173405000,394494000,3647920000,525485000,117258000,68843000,0,0,90021000,0,365025000,-13733000,130991000,0,27237000,None,None,None,0,29469000,0,21435000,0,257000,68586000,68843000,None,USD,11046123000,20823000,None,3208101000,6257097000,4789026000,0,1452851000,127575000,3679438000,213612000,620850000,875049000,1196545000,3433868000,98017000,98017000,-488712000,471321000,9699753000,None,4147353000,0,2876346000,2609617000,2418761000,1883000000,0,0,127575000,0,3679438000,-217000,None,233376000,None,1346370000,None,2609617000,213612000,2823229000,None,None,None,1470725000,11046123000,1196545000,None,130000000,USD,None,-131255000,-34392000,337000,219538000,193788000,-4074000,None,68843000,159260000,-136000,68843000,21624000,-21676000,0,182240000,0,-77001000,34729000,-64587000,5807000,165067000,41.06,47.61
16,2016-06-30,USD,6226812000,558065000,5495773000,731039000,165008000,96806000,0,0,135259000,0,542099000,-7966000,172974000,7861000,29749000,None,None,None,0,15966000,0,38453000,-131799000,190823000,96806000,96806000,None,USD,11239805000,78397000,None,141144000,6548519000,4691286000,0,512881000,127377000,3632271000,266822000,1281220000,1623174000,1031478000,4942493000,1152599000,1030000000,-520775000,612658000,9003973000,None,3331669000,0,4975120000,1339204000,2856231000,3789894000,0,0,127377000,0,3632271000,-265000,None,263557000,None,2235832000,None,1339204000,266822000,1606026000,None,None,None,1452678000,11239805000,1031478000,None,None,USD,None,-132525000,-30204000,6274000,173829000,105993000,580000,-161607000,96806000,2977000,-72812000,96806000,34184000,-21650000,-46766000,-47819000,25642000,132623000,36478000,-156081000,-7984000,-5007000,40.51,41.06
17,2016-03-31,USD,6174716000,555210000,5437888000,736828000,183818000,123459000,0,0,160537000,0,539038000,2200000,181618000,0,23281000,None,None,None,0,16172000,0,37078000,0,-75201000,123459000,123459000,None,USD,11125460000,86989000,None,200579000,6365259000,4760201000,0,559697000,128543000,3602702000,190300000,1295406000,1576612000,1036485000,4564420000,706742000,706742000,-413671000,610747000,8938101000,None,3377806000,0,4874179000,1610539000,2826858000,3857678000,0,0,128543000,0,3602702000,-320000,None,194217000,None,2187359000,None,1610539000,190300000,1800839000,None,None,None,1442947000,11125460000,1036485000,None,None,USD,None,-442797000,-36040000,224000,106168000,-76177000,-10948000,None,123459000,100668000,212885000,123459000,30376000,-21924000,-149473000,-122065000,181723000,29040000,36264000,594872000,19729000,120397000,44.3,40.51
18,2015-12-31,USD,6848057000,552053000,6069889000,778168000,219630000,156012000,0,0,197207000,0,530831000,-6485000,226115000,30400000,22423000,None,None,None,0,21222000,0,41195000,0,70753000,156012000,156012000,None,USD,11302352000,91371000,None,181074000,6628350000,4674002000,0,2332646000,131328000,3643248000,192864000,1283408000,1572749000,916088000,5363298000,1136218000,None,-545699000,587216000,9142387000,None,3299223000,0,5395005000,1072188000,2650220000,4227080000,0,0,131328000,0,3643248000,-369000,None,197970000,None,2159965000,None,1072188000,192864000,1265052000,None,None,None,1445494000,11302352000,916088000,None,None,USD,None,300260000,-54237000,-11424000,98792000,36828000,1423000,None,156012000,100574000,117983000,156012000,31307000,-22408000,-40979000,126713000,0,22089000,42813000,-518398000,-9181000,91393000,42.84,44.3
19,2015-09-30,USD,6969694000,584514000,6178218000,791476000,201108000,130254000,0,0,177506000,0,558556000,-5854000,206962000,0,23602000,None,None,None,0,25958000,0,47252000,0,0,130254000,130254000,None,USD,10864456000,90906000,None,181566000,6233185000,4631271000,0,583998000,132174000,3548669000,197178000,1266337000,1570462000,824695000,4960255000,1036413000,None,-479219000,579471000,8714523000,None,3274028000,0,4903250000,1075752000,2805012000,3923842000,0,0,132174000,0,3548669000,-397000,None,213219000,None,2149933000,None,1075752000,197178000,1272930000,None,None,None,1430044000,10864456000,824695000,None,None,USD,None,-19566000,-32032000,-39000,135551000,-33289000,-2503000,None,130254000,-99062000,-33741000,130254000,30612000,-22612000,-143725000,-324513000,105249000,44223000,31993000,105249000,-8796000,-107858000,42.68,42.84
