,fiscalDateEnding,reportedCurrency_x,totalRevenue,totalOperatingExpense,costOfRevenue,grossProfit,ebit,netIncome_x,researchAndDevelopment,effectOfAccountingCharges,incomeBeforeTax,minorityInterest,sellingGeneralAdministrative,otherNonOperatingIncome,operatingIncome,otherOperatingExpense,interestExpense,taxProvision,interestIncome,netInterestIncome,extraordinaryItems,nonRecurring,otherItems,incomeTaxExpense,totalOtherIncomeExpense,discontinuedOperations,netIncomeFromContinuingOperations,netIncomeApplicableToCommonShares,preferredStockAndOtherAdjustments,reportedCurrency_y,totalAssets,intangibleAssets,earningAssets,otherCurrentAssets,totalLiabilities,totalShareholderEquity,deferredLongTermLiabilities,otherCurrentLiabilities,commonStock,retainedEarnings,otherLiabilities,goodwill,otherAssets,cash,totalCurrentLiabilities,shortTermDebt,currentLongTermDebt,otherShareholderEquity,propertyPlantEquipment,totalCurrentAssets,longTermInvestments,netTangibleAssets,shortTermInvestments,netReceivables,longTermDebt,inventory,accountsPayable,totalPermanentEquity,additionalPaidInCapital,commonStockTotalEquity,preferredStockTotalEquity,retainedEarningsTotalEquity,treasuryStock,accumulatedAmortization,otherNonCurrrentAssets,deferredLongTermAssetCharges,totalNonCurrentAssets,capitalLeaseObligations,totalLongTermDebt,otherNonCurrentLiabilities,totalNonCurrentLiabilities,negativeGoodwill,warrants,preferredStockRedeemable,capitalSurplus,liabilitiesAndShareholderEquity,cashAndShortTermInvestments,accumulatedDepreciation,commonStockSharesOutstanding,reportedCurrency,investments,changeInLiabilities,cashflowFromInvestment,otherCashflowFromInvestment,netBorrowings,cashflowFromFinancing,otherCashflowFromFinancing,changeInOperatingActivities,netIncome_y,changeInCash,operatingCashflow,otherOperatingCashflow,depreciation,dividendPayout,stockSaleAndPurchase,changeInInventory,changeInAccountReceivables,changeInNetIncome,capitalExpenditures,changeInReceivables,changeInExchangeRate,changeInCashAndCashEquivalents,clossingVal,nextClossingVal
0,2020-06-30,USD,2125000,16679000,1171000,954000,-15395000,-19230000,5347000,None,-19230000,None,11332000,330000,-15725000,None,3835000,0,224000,-3611000,None,None,None,None,106000,None,-19230000,-19230000,None,USD,114815000,None,None,2499000,151805000,-36990000,None,679000,56000,-455297000,190000,None,734000,47368000,10118000,2129000,2129000,140000,8004000,102508000,None,-36990000,41326000,2592000,138131000,8723000,7310000,None,None,56000,None,-455297000,-45067000,None,4303000,None,12307000,3813000,138131000,3556000,141687000,None,None,None,463178000,114815000,88694000,None,56249482,USD,11253000,1387000,11048000,None,4791000,6609000,None,2729000,-19230000,7859000,-9798000,553000,3585000,None,1818000,-244000,559000,3592000,205000,559000,None,7859000,15.16,
1,2020-03-31,USD,2342000,18785000,1287000,1055000,-21309000,-21309000,5842000,None,-21309000,None,12943000,-3579000,-17730000,None,3749000,None,380000,-3369000,None,None,None,None,-210000,None,-21309000,-21309000,None,USD,119993000,None,None,3062000,142935000,-22942000,None,639000,55000,-436067000,93000,None,868000,39487000,6659000,None,None,150000,8639000,106744000,None,-22942000,52525000,3143000,132717000,8527000,6020000,None,None,55000,None,-436067000,-45067000,None,4610000,None,13249000,3919000,132717000,3559000,136276000,None,None,None,457987000,119993000,92012000,None,54993588,USD,-4918000,-1578000,-5356000,-4918000,4791000,1429000,None,-3502000,-21309000,-21524000,-17597000,-1115000,3425000,None,1429000,-1735000,-9000,4724000,438000,-9000,None,-21524000,8.33,15.16
2,2019-12-31,USD,3470000,19782000,1957000,1513000,-21445000,-21335000,6199000,None,-21445000,None,13583000,-3176000,-18269000,None,3671000,-111000,480000,-3191000,None,None,None,-89000,16000,None,-21356000,-21335000,None,USD,134424000,None,None,2120000,141803000,-7379000,None,721000,55000,-414653000,19000,None,750000,61014000,8162000,None,None,-3000,7905000,121852000,None,-7379000,47437000,3222000,130043000,8059000,7441000,None,None,None,None,-414653000,-45067000,None,4667000,None,12572000,4029000,130043000,3598000,133641000,None,None,None,452344000,134424000,108451000,None,54708792,USD,-18471000,2059000,-18653000,53141000,4791000,581000,5365000,1417000,-21335000,-31937000,-13865000,-412000,3312000,None,-4784000,-369000,-580000,3460000,182000,-580000,-25000,-32023000,16.9,8.33
3,2019-09-30,USD,2271000,18807000,1117000,1154000,-20673000,-20434000,6064000,None,-20673000,None,12743000,-3020000,-17653000,None,3598000,-239000,676000,-2922000,None,None,None,-239000,-98000,None,-20434000,-20434000,None,USD,147278000,None,None,1956000,137058000,10220000,None,671000,55000,-393318000,28000,None,483000,92938000,6128000,None,None,-59000,8566000,134395000,None,10220000,28978000,2642000,127444000,7881000,5457000,None,None,55000,None,-393318000,-45067000,None,4317000,None,12883000,3879000,127444000,3486000,130930000,None,None,None,448609000,147278000,121916000,None,54641187,USD,21366000,-1764000,21294000,71612000,4791000,1622000,None,-1814000,-20434000,5549000,-17367000,264000,3073000,None,1622000,-1069000,-731000,3294000,72000,-731000,None,5549000,18.57,16.9
4,2019-06-30,USD,1806000,18986000,907000,899000,-20798000,-20815000,6149000,None,-20798000,None,12837000,-2711000,-18087000,None,3528000,17000,812000,-2716000,None,None,None,17000,5000,None,-20815000,-20815000,None,USD,158644000,None,None,2147000,132639000,26005000,None,455000,55000,-372884000,35000,None,471000,87469000,7512000,None,None,44000,7624000,150174000,None,26005000,50349000,1911000,124917000,8298000,7057000,None,None,55000,None,-372884000,-45067000,None,846000,None,8470000,375000,124917000,210000,125127000,None,None,None,443857000,158644000,137818000,None,54512492,USD,25410000,1076000,25371000,50246000,None,804000,None,2193000,-20815000,12118000,-14057000,417000,2926000,None,804000,-650000,39000,2950000,39000,39000,None,12179000,22.88,18.57
5,2019-03-31,USD,1750000,19656000,916000,834000,-21500000,-21721000,6933000,None,-21500000,None,12723000,-2678000,-18822000,None,3459000,221000,-2676000,-2617000,None,None,None,200000,-61000,None,-21700000,-21721000,None,USD,172185000,108000,None,2592000,129217000,42968000,None,535000,54000,-352069000,46000,None,348000,75309000,6467000,244000,244000,-104000,7242000,164000000,None,42860000,75550000,1950000,122461000,8599000,5932000,None,None,54000,None,-352069000,-45067000,None,835000,None,8185000,487000,122461000,289000,122750000,None,None,None,440154000,172185000,150859000,None,54454347,USD,24836000,-1710000,24799000,24836000,None,3816000,None,-3909000,-21721000,9110000,-19505000,-967000,2833000,None,3816000,-1567000,-90000,3717000,37000,-90000,-61000,9049000,21.02,22.88
6,2018-12-31,USD,1822000,20283000,1298000,524000,-22412000,-22191000,6905000,0,-22440000,0,13378000,-2653000,-19759000,0,-3393000,None,None,None,0,0,0,-221000,-2653000,0,-22219000,-22191000,None,USD,185265000,114000,None,1556000,127890000,57375000,None,217000,54000,-330348000,53000,None,208000,66260000,7763000,None,None,-95000,7303000,177640000,None,57261000,100218000,1860000,120074000,7746000,7546000,None,None,None,None,-330348000,-45067000,None,208000,None,7625000,None,120074000,53000,120127000,None,None,None,432885000,185265000,166478000,None,54231909,USD,18998000,2291000,18842000,-19140000,171500000,175000,583000,2504000,-22191000,4691000,-14326000,-24000,2924000,None,-408000,983000,-420000,2111000,156000,-420000,-53000,4638000,11.5,21.02
7,2018-09-30,USD,1355000,20044000,680000,675000,-21951000,-22098000,7891000,0,-21951000,0,12153000,-2582000,-19369000,0,-3357000,None,None,None,0,0,0,147000,-2582000,0,-22098000,-22098000,None,USD,200656000,119000,None,1434000,123250000,77406000,0,202000,54000,-308156000,26000,0,241000,61622000,5470000,None,None,-159000,7412000,192884000,None,77287000,118982000,1440000,117754000,9406000,5268000,0,0,54000,0,-308156000,-45067000,None,241000,None,7772000,None,117754000,26000,117780000,None,None,None,430734000,200656000,180604000,None,54196876,USD,11862000,-1388000,11722000,2001000,1000,1124000,-1000,-1108000,-22098000,-5167000,-18013000,-433000,2656000,0,1124000,-872000,383000,3739000,140000,383000,-21000,-5188000,22.95,11.5
8,2018-06-30,USD,1692000,21390000,717000,975000,-23124000,-23225000,6060000,0,-23124000,0,15330000,-2709000,-20415000,0,-3205000,None,None,None,0,0,0,101000,-2709000,0,-23225000,-23225000,None,USD,218253000,124000,None,2064000,123367000,94886000,0,185000,54000,-286058000,26000,0,78000,66810000,7842000,115499000,115499000,-134000,5443000,212608000,None,94762000,130594000,1823000,115499000,11317000,7842000,0,0,54000,0,-286058000,-45067000,None,78000,None,5645000,None,115499000,26000,115525000,None,None,None,426091000,218253000,197404000,None,54090575,USD,-63769000,606000,-63177000,0,20838000,22625000,-661000,1326000,-23225000,-59901000,-19349000,292000,2488000,0,1787000,-2417000,-758000,3665000,592000,-758000,-136000,-60037000,22.3,22.95
9,2018-03-31,USD,801000,21135000,492000,309000,-20628000,-20812000,6782000,0,-20600000,0,14353000,198000,-20826000,0,-158000,None,None,None,0,0,0,184000,198000,0,-20784000,-20812000,None,USD,213115000,129000,None,2342000,106640000,106475000,0,117000,54000,-262833000,25000,0,129000,126847000,7453000,99162000,99162000,59000,5851000,207135000,None,106346000,66754000,1065000,99162000,10127000,7453000,0,0,54000,0,-262833000,-45067000,None,None,None,5980000,None,99162000,25000,99187000,None,None,None,414262000,213115000,193601000,None,53950083,USD,13769000,431000,12475000,0,145670000,101847000,-4330000,-252000,-20812000,98254000,-16068000,-989000,721000,0,-43823000,-1917000,881000,5617000,1294000,881000,80000,98334000,22.85,22.3
10,2017-12-31,USD,2120000,17606000,650000,1470000,-16023000,-16296000,6135000,0,-16023000,0,11471000,113000,-16136000,0,-10108000,None,None,None,0,0,0,273000,649000,0,-16296000,-16296000,None,USD,125512000,134000,None,1318000,6808000,118704000,0,1071000,56000,-241972000,21000,0,134000,28513000,6787000,None,None,56000,4890000,120488000,None,118570000,80648000,1946000,0,8063000,5716000,0,0,0,0,-241972000,0,None,None,None,5024000,None,None,21000,21000,None,None,None,360620000,125512000,109161000,None,55673810,USD,6112000,511000,5179000,0,171500000,2124000,83821000,158000,-16295000,-5945000,-13248000,210000,620000,0,-81697000,-680000,-1912000,3221000,911000,-835000,27000,-5918000,26.2,22.85
11,2017-09-30,USD,828000,17952000,191000,637000,-17030000,-17075000,6351000,0,-17030000,0,11601000,285000,-17315000,0,-10000,None,None,None,0,0,0,45000,0,0,-17075000,-17075000,None,USD,136107000,137000,None,1508000,6183000,129924000,0,4814000,55000,-225676000,None,0,137000,34431000,6183000,None,None,87000,4690000,131280000,None,129787000,86889000,1111000,0,7341000,6183000,0,0,55000,0,-225676000,0,None,None,None,4827000,None,None,None,None,None,None,None,355458000,136107000,121320000,None,55397563,USD,-14481000,222000,-14893000,0,150000000,1031000,-4330000,656000,-17076000,-28269000,-14407000,268000,632000,0,1031000,-1542000,1077000,3518000,412000,-429000,91000,-28178000,22.45,26.2
12,2017-06-30,USD,699000,16987000,135000,564000,-16282000,-16457000,5527000,0,-16282000,0,11460000,141000,-16423000,0,5000,None,None,None,0,0,0,175000,0,0,-16457000,-16457000,None,USD,148257000,140000,None,1653000,6223000,142034000,0,4689000,55000,-208601000,None,0,140000,62609000,6223000,None,None,3000,4844000,143273000,None,141894000,72609000,682000,0,5720000,6223000,0,0,55000,0,-208601000,0,None,None,None,4984000,None,None,None,None,None,None,None,350577000,148257000,135218000,None,55291222,USD,-18676000,662000,-20068000,0,150000000,85239000,-4330000,196000,-16457000,52549000,-12622000,-200000,641000,0,85239000,-1382000,648000,4240000,1414000,-126000,143000,52692000,27.35,22.45
13,2017-03-31,USD,530000,14814000,26000,504000,-14200000,-14200000,4288000,0,-14200000,0,10526000,110000,-14310000,0,0,None,None,None,0,0,0,0,0,0,-14200000,-14200000,None,USD,74404000,143000,None,1495000,5271000,69133000,22000,3986000,52000,-192144000,22000,0,143000,9917000,5249000,None,None,-137000,3912000,70349000,None,68990000,54029000,551000,0,4357000,5249000,0,0,52000,0,-192144000,0,None,None,None,4055000,None,None,None,22000,None,None,None,261362000,74404000,63946000,None,52034528,USD,4283000,301000,4054000,0,None,2033000,None,-737000,-14200000,-9382000,-15469000,-737000,629000,0,2033000,-4155000,522000,3215000,229000,-522000,55000,-9327000,24.2,27.35
14,2016-12-31,USD,39000,16063000,15465000,39000,-15920000,-16135000,5250000,0,-15920000,0,10216000,104000,-16024000,597000,-10113000,None,None,None,0,0,0,267000,394000,0,-16187000,-16135000,None,USD,82852000,146000,None,651000,5036000,77816000,1000000,35000,52000,-177289000,1000000,0,146000,19244000,4036000,None,None,-152000,4258000,78448000,None,77670000,58519000,34000,0,0,4001000,0,0,0,0,-177289000,0,None,None,None,4404000,None,None,1000000,1000000,None,None,None,255257000,82852000,77763000,None,51516309,USD,2755000,-405000,2647000,0,-13000,779000,226000,2740000,-16135000,-9375000,-12801000,686000,721000,0,553000,-7759000,43000,2207000,108000,125000,-112000,-9487000,20.75,24.2
15,2016-09-30,USD,24000,17440000,16839000,24000,-17299000,-17299000,7531000,0,-17299000,0,9308000,117000,-17416000,601000,0,None,None,None,0,0,0,0,0,0,-17299000,-17299000,None,USD,96632000,149000,None,1369000,5449000,91183000,1000000,44000,51000,-161154000,1000000,0,149000,28731000,4449000,None,None,-9000,4802000,91681000,None,91034000,61422000,159000,0,0,4405000,0,0,51000,0,-161154000,0,None,None,None,4951000,None,None,1000000,1000000,None,None,None,252295000,96632000,90153000,None,51404551,USD,3240000,-7000,3023000,0,-125000,724000,-125000,1383000,-17299000,-8773000,-12520000,1383000,729000,0,849000,0,82000,2664000,217000,10000,34000,-8788000,27.26,20.75
16,2016-06-30,USD,20000,17909000,17302000,20000,-17866000,-17866000,8062000,0,-17866000,0,9239000,23000,-17889000,608000,0,None,None,None,0,0,0,0,0,0,-17866000,-17866000,None,USD,110515000,152000,None,2796000,5474000,105041000,1000000,43000,51000,-143855000,1000000,0,152000,37519000,4474000,None,None,69000,4960000,105403000,None,104889000,64919000,169000,0,0,4431000,0,0,51000,0,-143855000,0,None,None,None,5112000,None,None,1000000,1000000,None,None,None,248776000,110515000,102438000,None,51218417,USD,-20336000,-634000,-20739000,0,991000,1058000,1805000,782000,-17866000,-34563000,-14882000,782000,693000,0,-747000,0,92000,2235000,403000,-92000,None,-34514000,14.39,27.26
17,2016-03-31,USD,163000,15335000,14790000,163000,-15022000,-15074000,7353000,0,-15022000,0,7437000,150000,-15172000,545000,0,None,None,None,0,0,0,0,0,0,-15022000,-15074000,None,USD,125648000,154000,None,3536000,5987000,119661000,0,58000,51000,-125989000,1000000,0,154000,72033000,4987000,None,None,-9000,5218000,120276000,None,119507000,44630000,77000,0,0,4929000,0,0,51000,0,-125989000,0,None,None,None,5372000,None,None,1000000,1000000,None,None,None,245608000,125648000,116663000,None,51199017,USD,-32818000,1331000,-34499000,0,-13000,-799000,-814000,None,-15074000,-48503000,-13205000,-1730000,582000,0,28000,0,0,1686000,1681000,None,-49000,-48552000,14.37,14.39
18,2015-12-31,USD,22000,12538000,12595000,22000,-12479000,-13163000,6020000,0,-12459000,0,5928000,37000,-12516000,590000,-4000,None,None,None,0,0,0,0,51000,0,-13106000,-13163000,None,USD,139324000,157000,None,1650000,6306000,133018000,0,127000,51000,-110915000,1000000,0,157000,120585000,5306000,13000,13000,39000,5016000,134151000,None,132861000,11839000,77000,0,0,5166000,0,0,0,0,-110915000,0,None,None,None,5173000,None,None,1000000,1000000,None,None,None,243894000,139324000,132424000,None,51199017,USD,13399000,1585000,889000,0,-37000,104823000,104165000,-426000,-13163000,95394000,-9886000,-611000,786000,0,263000,-7759000,1000,2393000,1062000,665000,None,95394000,21.49,14.37
19,2015-09-30,USD,92000,11299000,10831000,92000,-11210000,-11186000,6499000,0,-11210000,0,4332000,-3000,-11207000,468000,0,None,None,None,0,0,0,0,0,0,-11210000,-11186000,None,USD,44755000,159000,None,1147000,4568000,40187000,0,13000,45000,-97752000,1000000,0,159000,25191000,3568000,50000,None,45000,3676000,40920000,None,40028000,13840000,742000,0,0,3505000,0,0,0,0,-97752000,0,None,None,None,3835000,None,None,1000000,1000000,None,None,None,137893000,44755000,39031000,None,44738956,USD,-4401000,-200000,-1335000,0,-37000,178000,None,None,-11186000,-10040000,-8883000,33000,465000,0,215000,0,0,1810000,434000,-599000,None,-10040000,16.18,21.49
