,fiscalDateEnding,reportedCurrency_x,totalRevenue,totalOperatingExpense,costOfRevenue,grossProfit,ebit,netIncome_x,researchAndDevelopment,effectOfAccountingCharges,incomeBeforeTax,minorityInterest,sellingGeneralAdministrative,otherNonOperatingIncome,operatingIncome,otherOperatingExpense,interestExpense,taxProvision,interestIncome,netInterestIncome,extraordinaryItems,nonRecurring,otherItems,incomeTaxExpense,totalOtherIncomeExpense,discontinuedOperations,netIncomeFromContinuingOperations,netIncomeApplicableToCommonShares,preferredStockAndOtherAdjustments,reportedCurrency_y,totalAssets,intangibleAssets,earningAssets,otherCurrentAssets,totalLiabilities,totalShareholderEquity,deferredLongTermLiabilities,otherCurrentLiabilities,commonStock,retainedEarnings,otherLiabilities,goodwill,otherAssets,cash,totalCurrentLiabilities,shortTermDebt,currentLongTermDebt,otherShareholderEquity,propertyPlantEquipment,totalCurrentAssets,longTermInvestments,netTangibleAssets,shortTermInvestments,netReceivables,longTermDebt,inventory,accountsPayable,totalPermanentEquity,additionalPaidInCapital,commonStockTotalEquity,preferredStockTotalEquity,retainedEarningsTotalEquity,treasuryStock,accumulatedAmortization,otherNonCurrrentAssets,deferredLongTermAssetCharges,totalNonCurrentAssets,capitalLeaseObligations,totalLongTermDebt,otherNonCurrentLiabilities,totalNonCurrentLiabilities,negativeGoodwill,warrants,preferredStockRedeemable,capitalSurplus,liabilitiesAndShareholderEquity,cashAndShortTermInvestments,accumulatedDepreciation,commonStockSharesOutstanding,reportedCurrency,investments,changeInLiabilities,cashflowFromInvestment,otherCashflowFromInvestment,netBorrowings,cashflowFromFinancing,otherCashflowFromFinancing,changeInOperatingActivities,netIncome_y,changeInCash,operatingCashflow,otherOperatingCashflow,depreciation,dividendPayout,stockSaleAndPurchase,changeInInventory,changeInAccountReceivables,changeInNetIncome,capitalExpenditures,changeInReceivables,changeInExchangeRate,changeInCashAndCashEquivalents,clossingVal,nextClossingVal
0,2020-03-31,USD,8156173,12949616,1998659,6157514,-3170673,-5332305,78502,None,-5332305,None,9501469,None,-4793443,None,None,None,-538860,None,None,None,None,None,-538862,None,-5332305,-5332305,None,USD,158953803,50634798,None,1849598,73249987,85703816,None,19129605,10061,-116865082,30412692,24061333,38981,62264676,42032902,None,4558680,None,964395,83254670,None,11007078,None,10203423,None,3854685,6956091,None,None,None,None,None,None,None,41,None,75699133,1093631,None,30401321,31217085,None,None,None,202557860,None,62264680,None,35000000,USD,343903,-7719218,343903,1350000,640000,68183436,-4538776,4851047,-5332305,57005195,-11522144,None,1622770,None,82082210,-213253,-4727446,-443739,0,None,None,None,1.5,
1,2019-12-31,USD,3175236,8142331,606046,2569190,-3678867,-214247,66675,None,-214247,None,6516160,None,-4967095,None,None,None,-446960,None,None,None,None,None,4752848,None,-214247,-214247,None,USD,74477635,40254083,None,1426617,57387395,17090240,None,3367396,2073,-111532777,41146095,15387064,2200,5259492,15949487,263000,263000,None,496632,18337712,None,-38551873,None,5197151,None,2491807,9598567,None,None,None,None,None,None,None,8,None,56139923,374568,None,41134724,41437908,None,None,None,128619920,None,5259490,None,18000000,USD,-4912532,2530056,-4912532,-350000,640000,9258350,-741650,-982470,-214247,-1753419,-6099237,None,1288228,None,10000000,-191539,-3491723,-4597542,4500000,None,None,None,0.9725,1.5
2,2019-09-30,USD,1439826,6175300,375720,1064106,-3866162,-4929030,78020,None,-4929030,None,5146443,None,-4735474,None,None,None,-193560,None,None,None,None,None,-193556,None,-4929030,-4929030,None,USD,31024074,18507199,None,59014,28700115,2323959,None,1236806,1798,-111318530,22283439,None,2200,7014307,6102219,None,None,None,531720,11982677,None,-16183833,None,1705428,None,1380729,2632642,None,None,None,None,None,None,None,178,None,19041397,393819,None,22272068,22597896,None,None,None,113640380,None,7014310,None,15000000,USD,-1042103,276917,-1042103,-1000000,640000,9258350,-741650,536944,-4929030,-4029920,-2987817,None,869312,None,None,59340,35359,163341,4500000,None,None,None,1.21,0.9725
3,2019-06-30,USD,1715581,6296099,649091,1066490,-3827664,-14531901,175264,None,-14532424,None,4896626,None,-4580518,None,None,None,-121360,None,None,None,None,None,-9951906,None,-14532424,-14531901,None,USD,34721391,19082983,None,250000,27633573,7087818,None,1078068,1754,-106389500,22260997,None,2200,11044227,5372576,None,None,None,203733,15432864,None,-11995135,None,1740787,None,1440069,2297270,None,None,None,None,None,None,None,-656,None,19288527,None,None,22247796,22260997,None,None,None,113475210,None,11044230,None,8000000,USD,-96108,152544,-96108,-1000000,640000,116513,-1,312443,-14531901,-3453471,-3473876,None,752854,None,15555030,90014,-364429,10114599,59850,None,None,None,1.89,1.21
4,2019-03-31,USD,2377790,6676871,616850,1760940,-3555553,-4495860,108901,None,-4495860,None,5375560,None,-4298640,None,-99000,None,-197220,None,None,None,None,None,-197224,None,-4496319,-4495860,None,USD,38338070,19657710,None,100300,22300890,16037180,None,808779,1290,-91857600,12662337,None,2200,14647400,4503760,None,None,None,219180,18458980,None,-3620766,None,1376360,5134800,1530080,2131251,None,None,None,None,None,None,None,121,None,19879088,None,5134800,12633824,17797132,None,None,None,107893260,None,14647400,None,9000000,USD,-105590,-443444,-965880,-906030,None,18958550,-1479960,285331,-12600010,7635170,-10357500,None,1974210,None,15438510,114778,106132,182187,59850,None,None,None,1.67,1.89
5,2018-12-31,USD,1795011,6345741,525138,1269873,-4550730,-4657662,149029,None,-4657662,None,5137511,None,-4550730,None,-36000,None,None,None,None,None,None,0,-106932,None,-4657662,-4657662,None,USD,42399201,20232828,None,100225,22501338,19897410,None,607163,1050,-87361737,12809702,None,2200,17804887,4655472,None,None,None,186944,21977229,None,-335418,None,1482490,5036164,1644861,2371785,None,None,None,None,None,None,None,None,None,None,None,5036160,None,None,None,None,None,107258100,None,17804890,None,6000000,USD,None,273992,-557110,-1000000,5000000,18700037,-1479963,279203,-4657662,13840247,-4302680,None,473864,None,15180000,-334758,-722434,385115,857110,None,None,None,0.7924,1.67
6,2018-09-30,USD,1431809,4849083,410959,1020850,-3417274,-3446483,155878,None,-3446483,None,3830289,None,-3417274,None,-76561,None,None,None,None,None,None,0,-29209,None,-3446483,-3446483,None,USD,17984697,10914073,None,100148,7854561,10130136,None,249631,180,-82704075,4267448,None,2200,3964717,3587113,None,None,None,196420,6872004,None,-783937,100000,760056,None,1310103,2111783,None,None,None,None,None,None,None,None,None,None,None,None,None,None,None,None,None,None,None,None,None,2000000,USD,None,-7889,-303177,2888,5000000,18700037,-1479963,200722,-3446483,-3047662,-2744485,None,556807,None,None,28870,-181274,104762,6065,None,None,None,2.76,0.7924
7,2018-06-30,USD,925125,4750758,241099,684026,-3825633,547569,189986,0,547569,0,3923226,None,-3825633,-5825,-177268,None,None,None,0,0,0,0,4373202,0,547569,547569,None,USD,21060093,11366030,None,100000,7635588,13424505,None,548550,179,-79257592,4240810,None,5088,7012527,3394778,None,None,None,218684,9470291,None,2058475,100000,578782,None,1338973,2119672,None,None,None,None,None,None,None,None,None,None,None,None,None,None,None,None,None,None,None,None,None,1000000,USD,None,-1077348,-402200,-2200,5000000,-23730,-60450,72207,547569,-4969270,-4543340,None,615822,None,None,-455153,153694,-4400131,6065,None,None,None,0.2624,2.76
8,2018-03-31,USD,607473,6276075,1136833,-529360,-5668602,-2817712,114141,0,-2817712,0,4637495,None,-5668602,393696,-186629,None,None,None,0,1856020,0,0,2850890,0,-2817712,-2817712,None,USD,23374715,8516093,None,75728,10624388,12750327,None,33012,3582,-79805161,6282483,None,2888,12006069,4341905,None,None,None,260742,14594992,None,4234234,76000,732476,120146,883820,3199323,None,None,None,None,None,None,None,None,None,None,None,None,None,None,None,None,None,None,None,None,None,1000000,USD,None,-156917,-69897,-2200,5000000,12246165,-1294235,-118563,-2817712,8098080,-4078188,None,1044385,None,640380,495986,644960,-3170327,62512,None,None,None,0.637,0.2624
9,2017-12-31,USD,1052000,-387297,4581000,-123424,362083,572364,-418486,0,572364,0,-65037,None,362083,-773712,197000,None,None,None,0,-3712040,0,0,210281,0,572364,572364,None,USD,18858000,10549000,None,1004000,15827000,3031000,None,1386000,489,-76987449,11026000,238000,10552000,3908000,4801000,None,None,None,561000,7744725,None,-7519576,76000,1377436,3300213,1380000,3415000,None,None,None,None,None,None,None,None,None,None,None,None,None,None,None,None,None,None,None,None,None,None,USD,None,1684194,-12195,-2200,None,10437000,-1294235,-993976,-3672678,-3113181,-3100986,None,331750,None,640380,-208546,-165591,-76139,12000,None,None,None,2.23,0.637
10,2017-09-30,USD,1076000,5432399,4966000,789167,-4356031,-4245042,141000,0,-4245042,0,4618403,None,-4356031,385841,189000,None,None,None,0,1856020,0,0,110989,0,-4245042,-4245042,None,USD,21246000,10934000,None,262000,14893000,6353000,None,1847000,422,-73314771,11385000,238000,10937000,7022000,3508000,None,None,None,567000,9742060,None,4320359,75000,1211845,3818263,1171000,1661000,None,None,None,None,None,None,None,None,None,None,None,None,None,None,None,None,None,None,None,None,None,None,USD,None,-559636,-12195,-2200,None,10437000,-1402831,508725,-4245042,6219356,-4217808,None,466313,None,640380,141000,-683806,154677,12195,None,None,None,4.0001,2.23
11,2017-06-30,USD,836000,21651701,4211000,1235123,-13294493,-17291964,186000,0,-17291964,0,12756847,None,-13570287,1271757,1649000,None,None,None,0,0,0,0,-3802399,0,-17291964,-17291964,None,USD,14999000,11320000,None,311000,10999000,4000000,1451,1390000,2000,-69069729,7389000,238000,11323000,803000,3610000,None,None,None,647000,3028562,None,-7319997,75000,528039,None,1312000,2220000,None,None,None,None,None,None,None,None,None,None,None,None,None,None,None,None,None,None,None,None,None,None,USD,979843,493217,-3534538,-2200,None,10188000,845000,-1375198,-22508304,-7176648,-13829652,None,4364680,None,11585638,195000,-355031,5020103,112000,None,None,None,0.59,4.0001
12,2017-03-31,USD,894000,0,5718000,326233,-706516,-399154,571000,0,-399154,0,727807,None,-661129,-1,81000,None,None,None,0,0,0,0,-45387,0,-399154,-399154,None,USD,15917000,11205000,None,342000,7395000,8522000,3119,1945000,1000,-62319341,4041000,74000,11208000,3470000,3354000,None,None,None,271000,4438112,None,6877810,75000,342537,None,208000,1409000,None,None,None,None,None,None,None,None,None,None,None,None,None,None,None,None,None,None,None,None,None,None,USD,979843,306160,-1278716,-2250000,None,10125000,891000,93035,-5216340,-1760191,-2392189,None,815472,None,-8602500,291000,239856,1164385,53000,None,None,None,0.9,0.59
13,2016-12-31,USD,794000,0,4530000,242879,-4429102,-4817186,311000,0,-4817186,0,3693104,None,-4198695,437015,389000,None,None,None,0,1265125,0,0,-230407,0,-4817186,-4817186,None,USD,21506000,12901000,None,559000,11059000,10447000,4787,4526000,1000,-57103001,4087000,221000,13056000,5230000,6972000,4000000,4000000,None,292000,8157669,None,7436246,1348000,582393,79844,439000,2446000,None,None,None,None,None,None,None,None,None,None,None,None,None,None,None,None,None,None,None,None,None,None,USD,979843,161010,-2290155,-2250000,None,8215000,2852,115085,-4817186,2481212,-2836120,None,931300,None,7604635,86000,-72953,700233,45000,None,None,None,nan,0.9
14,2016-09-30,USD,698000,0,6208000,0,0,0,280000,0,0,0,0,None,0,0,415000,None,None,None,0,0,0,0,0,0,0,0,None,USD,20201000,13338000,None,675000,13014000,7187000,None,6223000,1000,None,4283000,221000,13524000,2749000,8731000,None,None,None,313000,None,None,None,1845000,None,None,585000,2508000,None,None,None,None,None,None,None,None,None,None,None,None,None,None,None,None,None,None,None,None,None,None,USD,None,None,None,None,None,607000,None,None,None,None,None,None,None,None,None,None,None,None,5000,None,None,None,nan,nan
15,2016-06-30,USD,937000,16766842,6343000,1605369,-14204397,-28180084,10368000,0,-28180084,0,8825296,None,-14204397,664707,1063000,None,None,None,0,7500000,0,0,-13975687,0,-28180084,-28180084,None,USD,24343000,13776000,None,338000,14258000,10085000,213471,7782000,5000,-46561425,4153000,221000,13992000,8054000,10105000,5379675,5379675,None,231000,10120227,None,-3689738,1041000,162427,275992,525000,2323000,None,None,None,None,None,None,None,None,None,None,None,None,None,None,None,None,None,None,None,None,None,None,USD,-2012991,2628000,-5303925,1998,5175000,16662000,3967000,2095864,-28180084,701129,-10657449,None,874789,None,12720493,-485265,-5369,9608171,253000,None,None,None,nan,nan
16,2016-03-31,USD,668000,0,3759000,0,0,0,1191000,0,0,0,0,None,0,0,4074000,None,None,None,0,0,0,0,0,0,0,0,None,USD,21986000,11105000,None,1065000,4420000,17566000,None,2028000,2000,None,1205000,221000,11352000,8666000,3205000,None,None,None,197000,None,None,None,None,None,10000,622000,1177000,None,None,None,None,None,None,None,None,None,None,None,None,None,None,None,None,None,None,None,None,None,None,USD,None,782000,None,None,None,10047000,4872000,None,None,None,None,None,None,None,None,None,73000,None,204000,None,None,None,nan,nan
17,2015-12-31,USD,470000,0,3363000,0,0,0,1357000,0,0,0,0,None,0,0,241000,None,None,None,0,0,0,0,0,0,0,0,None,USD,24410000,11224000,None,864000,9151000,15259000,None,1728000,1000,None,1425000,221000,11501000,10960000,2804000,None,None,None,144000,None,None,None,None,None,4922000,653000,1076000,None,None,None,None,None,None,None,None,None,None,None,None,None,None,None,None,None,None,None,None,None,None,USD,None,331000,None,None,None,9876000,4701000,None,None,None,None,None,None,None,None,None,None,None,125000,None,None,None,nan,nan
18,2015-09-30,USD,487000,0,2586000,0,0,0,904000,0,0,0,0,None,0,0,113000,None,None,None,0,0,0,0,0,0,0,0,None,USD,21359000,9715000,None,577000,7951000,13408000,None,703000,1000,None,1253000,74000,10025000,10069000,1778000,None,None,None,26000,None,None,None,None,None,4826000,494000,1075000,None,None,None,None,None,None,None,None,None,None,None,None,None,None,None,None,None,None,None,None,None,None,USD,None,357000,None,None,None,4877000,None,None,None,None,None,None,None,None,None,None,None,None,4000,None,None,None,nan,nan
19,2015-06-30,USD,183000,7894102,2290000,173673,-7632320,-7723404,849000,0,-7747314,0,4291978,None,-7632320,90662,4000,None,None,None,0,7500000,0,-23910,-114994,0,-7723404,-7723404,None,USD,18227000,9773000,None,534000,2611000,15616000,335454,283000,1000,-18381341,1091000,74000,10113000,7354000,1479000,None,None,-5000000,30000,8042432,None,5843551,None,157058,None,39000,1196000,None,None,None,None,None,None,None,None,None,None,None,None,None,None,None,None,None,None,None,None,None,None,USD,-2012991,698000,-1004886,-4886,5175000,12352000,4953000,-410124,-7723404,4713411,-6634214,None,118202,None,12400000,-39442,-157058,994028,252932,None,None,None,nan,nan
