,fiscalDateEnding,reportedCurrency_x,totalRevenue,totalOperatingExpense,costOfRevenue,grossProfit,ebit,netIncome_x,researchAndDevelopment,effectOfAccountingCharges,incomeBeforeTax,minorityInterest,sellingGeneralAdministrative,otherNonOperatingIncome,operatingIncome,otherOperatingExpense,interestExpense,taxProvision,interestIncome,netInterestIncome,extraordinaryItems,nonRecurring,otherItems,incomeTaxExpense,totalOtherIncomeExpense,discontinuedOperations,netIncomeFromContinuingOperations,netIncomeApplicableToCommonShares,preferredStockAndOtherAdjustments,reportedCurrency_y,totalAssets,intangibleAssets,earningAssets,otherCurrentAssets,totalLiabilities,totalShareholderEquity,deferredLongTermLiabilities,otherCurrentLiabilities,commonStock,retainedEarnings,otherLiabilities,goodwill,otherAssets,cash,totalCurrentLiabilities,shortTermDebt,currentLongTermDebt,otherShareholderEquity,propertyPlantEquipment,totalCurrentAssets,longTermInvestments,netTangibleAssets,shortTermInvestments,netReceivables,longTermDebt,inventory,accountsPayable,totalPermanentEquity,additionalPaidInCapital,commonStockTotalEquity,preferredStockTotalEquity,retainedEarningsTotalEquity,treasuryStock,accumulatedAmortization,otherNonCurrrentAssets,deferredLongTermAssetCharges,totalNonCurrentAssets,capitalLeaseObligations,totalLongTermDebt,otherNonCurrentLiabilities,totalNonCurrentLiabilities,negativeGoodwill,warrants,preferredStockRedeemable,capitalSurplus,liabilitiesAndShareholderEquity,cashAndShortTermInvestments,accumulatedDepreciation,commonStockSharesOutstanding,reportedCurrency,investments,changeInLiabilities,cashflowFromInvestment,otherCashflowFromInvestment,netBorrowings,cashflowFromFinancing,otherCashflowFromFinancing,changeInOperatingActivities,netIncome_y,changeInCash,operatingCashflow,otherOperatingCashflow,depreciation,dividendPayout,stockSaleAndPurchase,changeInInventory,changeInAccountReceivables,changeInNetIncome,capitalExpenditures,changeInReceivables,changeInExchangeRate,changeInCashAndCashEquivalents,clossingVal,nextClossingVal
0,2020-06-30,USD,89957000,64651000,None,89957000,25306000,20730000,None,None,25306000,None,64651000,None,25306000,10607000,4243000,4576000,81451000,77208000,None,None,None,4576000,None,None,20730000,20730000,None,USD,9612453000,20882000,None,None,8578254000,1034199000,None,8486671000,32663000,837154000,None,149922000,6585454000,1788343000,8494771000,8100000,8100000,9690000,237185000,1989077000,7215387000,863395000,604976000,200734000,26804000,None,53679000,None,None,32663000,None,837154000,None,None,None,None,7623376000,None,26804000,56679000,83483000,None,None,None,154692000,9612453000,1788343000,None,32662691,USD,-702334000,-400000,-720928000,349000,9700000,913027000,913471000,-400000,20730000,239483000,47384000,595000,4633000,-10447000,303000,None,-3634000,25460000,18943000,-3634000,None,239483000,40.57,
1,2020-03-31,USD,89635000,61385000,None,89635000,28250000,22608000,None,None,28250000,None,61385000,None,28250000,11580000,9898000,5642000,83971000,74073000,None,None,None,5642000,None,None,22608000,22608000,None,USD,8669096000,21850000,1964974000,None,7645716000,1023380000,None,7573200000,32647000,826855000,None,149923000,5919824000,1548860000,7574600000,1400000,1400000,9879000,221647000,1747704000,6527972000,851607000,589798000,198844000,26804000,None,44312000,None,None,32647000,None,826855000,None,None,None,None,6921392000,None,26804000,44312000,71116000,None,None,None,153999000,8669096000,1548860000,None,32646691,USD,-398401000,-543000,-386215000,23535000,300000,31531000,44559000,-543000,22608000,-319421000,35263000,-50000,3994000,-10462000,-2866000,None,196000,9058000,11349000,196000,None,-319421000,33.37,40.57
2,2019-12-31,USD,108051000,66296000,None,108051000,41755000,35507000,None,None,41755000,None,66296000,None,41755000,14137000,12250000,6248000,86189000,73939000,None,None,None,6248000,-730000,None,35507000,35507000,None,USD,8565758000,22608000,2149865000,1000000,7560769000,1004989000,None,7483635000,32694000,815488000,None,148604000,5686770000,1868281000,7484735000,1100000,None,3454000,211882000,2072132000,6110532000,833777000,489723000,202851000,26804000,6072000,49230000,None,None,32694000,None,815488000,None,None,None,None,6493626000,None,26804000,49230000,76034000,None,None,None,153353000,8565758000,1868281000,None,32694268,USD,3573000,-252000,-23060000,-19444000,500000,142982000,152958000,-252000,35507000,166415000,46493000,9000,3844000,-10446000,-30000,None,-356000,7741000,7189000,-356000,None,166415000,62.44,33.37
3,2019-09-30,USD,105156000,62191000,None,105156000,42965000,33368000,None,None,42965000,None,62191000,None,42965000,10882000,14142000,9597000,86429000,72287000,None,None,None,9597000,-787000,None,33368000,33368000,None,USD,8388816000,24025000,2048304000,300000,7409064000,979752000,None,7330677000,32644000,792009000,None,147013000,5550880000,1701866000,7331282000,605000,605000,3629000,210601000,1884633000,6122544000,808714000,553664000,182467000,26804000,7055000,50978000,None,None,32644000,None,792009000,None,None,None,None,6504183000,None,26804000,50978000,77782000,None,None,None,151470000,8388816000,1701866000,None,32644018,USD,-217874000,-226000,-146012000,78820000,-400000,103082000,113142000,-226000,33368000,-2572000,40358000,None,3996000,-9792000,132000,None,3307000,-87000,6958000,3307000,None,-2572000,55.42,62.44
4,2019-06-30,USD,100436000,56608000,None,100436000,43828000,34167000,None,None,43828000,None,56608000,None,43828000,9936000,14306000,9661000,83098000,68792000,None,None,None,9661000,-1399000,None,34167000,34167000,None,USD,7642021000,14936000,1955051000,185639000,6685641000,956380000,None,6613613000,32640000,769090000,None,79749000,5039295000,1704438000,6614613000,1000000,1000000,3655000,187293000,1884695000,5475348000,861695000,423157000,180257000,26804000,7004000,44224000,None,None,32640000,None,769090000,None,None,None,None,5757326000,None,26804000,44224000,71028000,None,None,None,150995000,7642021000,1704438000,None,32639588,USD,301609000,79000,297581000,2087000,-4200000,-105995000,-92464000,79000,34167000,227033000,35447000,-821000,2071000,-9786000,455000,None,-564000,515000,6115000,-564000,None,227033000,55.66,55.42
5,2019-03-31,USD,97220000,56206000,0,97220000,41014000,31837000,None,None,41014000,None,56206000,None,41014000,9874000,14038000,9177000,80941000,66903000,None,None,None,9177000,-808000,None,31837000,31837000,None,USD,7709000000,15701000,2024038000,183003000,6781073000,927927000,None,6706386000,32618000,744713000,None,79749000,4989587000,1477405000,6711586000,5200000,5200000,401000,184122000,1707250000,5722178000,832477000,723655000,229845000,26804000,6433000,42683000,None,None,32618000,None,744713000,None,None,None,None,6001750000,None,26804000,42683000,69487000,None,None,None,150195000,7709000000,1477405000,None,32617788,USD,-64633000,382000,-78162000,-6737000,3525000,94652000,100582000,382000,31837000,53150000,36660000,None,1796000,-9781000,326000,None,-1500000,4145000,6792000,-1500000,None,53150000,52.15,55.66
6,2018-12-31,USD,97223000,56166000,0,97223000,41057000,32725000,0,0,41057000,0,56166000,None,41057000,9716000,12867000,None,None,None,0,0,0,8332000,-1478000,0,32725000,32725000,None,USD,7574258000,16470000,None,121613000,6671469000,902789000,None,6605495000,32604000,722615000,None,79749000,5005499000,1424255000,6607170000,1675000,None,-2139000,181052000,1592094000,5704893000,806570000,None,167839000,26804000,6873000,6605495000,None,None,32604000,None,722615000,None,None,None,None,5982164000,None,26804000,37495000,64299000,None,None,None,149709000,7574258000,1424255000,None,32603926,USD,-322420000,415000,-338676000,-8791000,-525000,-60954000,-42791000,415000,32725000,-367911000,31719000,-47000,3462000,-9825000,-7813000,None,None,-3826000,7465000,-1010000,None,-367911000,49.9,52.15
7,2018-09-30,USD,97727000,55809000,12507000,97727000,41918000,32883000,0,0,41918000,0,55809000,None,41918000,9823000,11760000,None,None,None,0,0,0,9035000,-1401000,0,32883000,32883000,None,USD,7602438000,17257000,None,600000,6717637000,884801000,0,6643131000,32750000,707481000,40347000,79733000,4895653000,1792166000,6645331000,2200000,None,-4672000,176994000,2426622000,4901832000,787811000,475640000,158216000,31959000,7072000,6643131000,0,0,32750000,0,707481000,0,None,None,None,5175816000,None,31959000,40347000,72306000,None,None,None,149242000,7602438000,2267806000,None,32749690,USD,63387000,189000,36213000,593000,-300000,-55803000,-49043000,189000,32883000,24106000,43696000,None,3409000,-6874000,414000,3633000,0,6977000,27767000,238000,None,24106000,59.95,49.9
8,2018-06-30,USD,94092000,54256000,11487000,94092000,39836000,30586000,0,0,39836000,0,54256000,None,39836000,9393000,10262000,None,None,None,0,0,0,9250000,-1418000,0,30586000,30586000,None,USD,7622963000,18012000,None,22798000,6760951000,862012000,0,6692174000,32731000,684425000,34318000,79733000,4955318000,1768060000,6694674000,2500000,34459000,-3638000,150326000,2410021000,4964871000,764267000,462871000,156292000,31959000,3847000,6692174000,0,0,32731000,0,684425000,0,None,None,None,5212942000,None,31959000,34318000,66277000,None,None,None,148494000,7622963000,2230931000,None,32731215,USD,-2502000,222000,-11165000,800000,2400000,-24913000,-20878000,222000,30586000,-4043000,32035000,None,3160000,-6868000,433000,0,0,-426000,9463000,-1507000,None,-4043000,59.2,59.95
9,2018-03-31,USD,92831000,55890000,8153000,92831000,36941000,29620000,0,0,36941000,0,55890000,None,36941000,10955000,7839000,None,None,None,0,0,0,7321000,-1378000,0,29620000,29620000,None,USD,7615642000,18782000,None,21097000,6777546000,838096000,0,6713052000,32708000,661341000,32435000,79796000,738670000,1772103000,6713152000,100000,32059000,-3715000,144641000,2433292000,4939131000,739518000,493101000,146991000,31959000,9675000,6713052000,0,0,32708000,0,661341000,0,None,None,None,5182350000,None,31959000,32435000,64394000,None,None,None,147762000,7615642000,2265204000,None,32707166,USD,27811000,353000,28693000,8050000,-800000,-38161000,-31953000,353000,29620000,14228000,23696000,None,3094000,-6698000,1290000,609000,0,-8260000,7168000,-1111000,None,14228000,53.1,59.2
10,2017-12-31,USD,336697000,146090000,9378000,336697000,-335035000,19497000,0,0,36958000,0,34804000,None,50560000,5181000,15144000,None,None,None,0,0,0,17461000,-4870000,0,-150111000,19497000,None,USD,7253156000,11082000,None,700000,6477527000,775629000,0,6415045000,31895000,638580000,29623000,54042000,679855000,1757875000,6415945000,900000,33120000,-2327000,138224000,2373306000,4676502000,710505000,469995000,144736000,31959000,10309000,6415045000,0,0,31895000,0,638580000,0,None,None,None,4879850000,None,31959000,29623000,61582000,None,None,None,107481000,7253156000,2227870000,None,31894563,USD,771000,366000,-344560000,4038000,400000,147449000,166988000,366000,19497000,-92586000,104525000,None,11791000,-24783000,4844000,5995000,0,9213000,18007000,None,None,None,51.15,53.1
11,2017-09-30,USD,83126000,50600000,9061000,83126000,32526000,21710000,0,0,32526000,0,50600000,None,32526000,44409000,951000,None,None,None,0,0,0,10816000,0,0,21710000,21710000,None,USD,7132168000,11645000,None,12000000,6367754000,764414000,0,6302046000,31863000,625782000,31649000,54042000,661916000,1716943000,6304146000,2100000,34097000,164000,134039000,2325172000,4607270000,698727000,450009000,146220000,31959000,15627000,6302046000,0,0,31863000,0,625782000,0,None,None,None,4806996000,None,31959000,31649000,63608000,None,None,None,106605000,7132168000,2166952000,None,31863063,USD,-81116000,62000,-85285000,758000,1100000,62275000,66364000,62000,21710000,43000,23053000,None,3035000,-6045000,856000,0,0,-1210000,4927000,-544000,None,43000,56.75,51.15
12,2017-06-30,USD,82581000,48953000,6675000,82581000,33628000,23182000,0,0,33628000,0,48953000,None,33628000,-16493000,579000,None,None,None,0,0,0,10446000,0,0,23182000,23182000,None,USD,7046589000,12203000,None,150368000,6298127000,748462000,0,6235682000,15909000,610758000,29486000,54042000,659481000,1716900000,6236682000,1000000,1000000,446000,131759000,2310136000,4538449000,682217000,451402000,141834000,31959000,13001000,6235682000,0,0,15909000,0,610758000,0,None,None,None,4736453000,None,31959000,29486000,61445000,None,None,None,121349000,7046589000,2168302000,None,15909219,USD,-176578000,104000,-178875000,902000,200000,-164094000,-158945000,-2076000,23182000,-321112000,21857000,None,2883000,-6038000,689000,1669000,0,-2607000,3199000,-1705000,None,-321112000,96.6,56.75
13,2017-03-31,USD,82781000,49588000,4327000,82781000,33193000,22050000,0,0,33193000,0,49588000,None,33193000,3039000,4255000,None,None,None,0,0,0,11143000,0,0,22050000,22050000,None,USD,7189637000,12768000,None,200000,6459764000,729873000,0,6394627000,15891000,593631000,32378000,54042000,669675000,2038012000,6395427000,800000,800000,-84000,131142000,2641077000,4350608000,663063000,463250000,139615000,31959000,11772000,6394627000,0,0,15891000,0,593631000,0,None,None,None,4548560000,None,31959000,32378000,64337000,None,None,None,120435000,7189637000,2501262000,None,15891276,USD,14205000,22000,12022000,1186000,300000,143614000,146570000,5310000,22050000,187551000,31915000,None,2920000,-6008000,2752000,2179000,598000,6325000,3369000,598000,None,187551000,89.9,96.6
14,2016-12-31,USD,299341000,186978000,5518000,299341000,133816000,18620000,0,0,29123000,0,32904000,None,41399000,62507000,11066000,None,None,None,0,0,0,10503000,-4426000,0,157650000,18620000,None,USD,7018952000,13330000,None,700000,6307858000,711094000,0,6248057000,15811000,577648000,27342000,54042000,676637000,1850461000,6248557000,500000,33765000,94000,130297000,2460426000,4360857000,643722000,469833000,139432000,31959000,12844000,6248057000,0,0,15811000,0,577648000,0,None,None,None,4558526000,None,31959000,27342000,59301000,None,None,None,117541000,7018952000,2320294000,None,15810935,USD,80593000,69000,-98017000,9519000,400000,259760000,274699000,69000,18620000,252284000,90541000,None,12383000,-22770000,13354000,7195000,0,8912000,10835000,None,None,None,93.05,89.9
15,2016-09-30,USD,76418000,49204000,6615000,76418000,27214000,17982000,0,0,27214000,0,49204000,None,27214000,-35601000,58000,None,None,None,0,0,0,9232000,0,0,17982000,17982000,None,USD,6783537000,13898000,None,500000,6089806000,693731000,0,6024949000,15695000,565039000,28898000,54042000,676977000,1706156000,6028949000,4000000,4000000,1985000,130453000,2315693000,4269451000,625791000,473738000,135299000,31959000,13723000,6024949000,0,0,15695000,0,565039000,0,None,None,None,4467844000,None,31959000,28898000,60857000,None,None,None,111012000,6783537000,2179894000,None,15695083,USD,61000,-36000,-1016000,1720000,500000,80971000,80967000,3183000,17982000,108334000,28379000,None,3093000,-5602000,5106000,6141000,73000,6227000,2797000,1113000,None,108334000,72.51,93.05
16,2016-06-30,USD,74121000,47720000,6421000,74121000,26401000,17493000,0,0,26401000,0,47720000,None,26401000,5951000,14000,None,None,None,0,0,0,8908000,0,0,17493000,17493000,None,USD,6683376000,14485000,None,None,6006546000,676830000,0,5943982000,15560000,552991000,27105000,54042000,664591000,1597822000,5947482000,3500000,3500000,2603000,130466000,2193886000,4290497000,608303000,419238000,176826000,31959000,14550000,5943982000,0,0,15560000,0,552991000,0,None,None,None,4489490000,None,31959000,27105000,59064000,None,None,None,105676000,6683376000,2017060000,None,15560271,USD,-14426000,1000,-15486000,1049000,2200000,-68999000,-66890000,-5167000,17493000,-70503000,13982000,None,3183000,-5589000,1280000,4555000,0,-5831000,2109000,-864000,None,-70503000,60.32,72.51
17,2016-03-31,USD,71490000,46291000,7706000,71490000,25199000,16579000,0,0,25199000,0,46291000,None,25199000,0,3603000,None,None,None,0,0,0,8620000,0,0,16579000,16579000,None,USD,6740938000,15093000,None,None,6078277000,662661000,0,6010872000,15528000,541098000,34146000,54042000,703390000,1668325000,6012172000,1300000,None,2057000,131056000,6533121000,7626000,593526000,497986000,4366810000,31959000,11589000,6010872000,0,0,15528000,0,541098000,0,None,None,None,207817000,None,31959000,34146000,66105000,None,None,None,103978000,6740938000,2166311000,None,15527804,USD,10770000,13000,13802000,5971000,800000,27869000,37514000,None,16579000,70148000,28477000,None,3259000,-5615000,-4830000,6661000,0,8802000,2939000,-176000,None,70148000,57.03,60.32
18,2015-12-31,USD,286925000,180098000,6820000,286925000,0,15728000,0,0,23891000,0,31864000,None,37871000,33972000,12272000,None,None,None,0,0,0,8163000,-5617000,0,66170000,15728000,None,USD,6692829000,15695000,None,92580000,6037319000,655510000,0,5973358000,15597000,535521000,31502000,54042000,755748000,1598177000,5973858000,500000,33448000,1527000,134797000,6474570000,13725000,585773000,552949000,4323444000,31959000,21709000,5973358000,0,0,15597000,0,535521000,0,None,None,None,218259000,None,31959000,31502000,63461000,None,None,None,102865000,6692829000,2151126000,None,15597446,USD,-24265000,0,-265298000,4957000,-3482000,-128579000,-106422000,-105000,15728000,-315718000,78159000,None,11901000,-21449000,4428000,0,0,1184000,11263000,None,None,None,58.62,57.03
19,2015-09-30,USD,70776000,46352000,4439000,70776000,24424000,15630000,0,0,24424000,0,46352000,None,24424000,0,-23000,None,None,None,0,0,0,8794000,0,0,15630000,15630000,None,USD,6406096000,9203000,None,None,5760035000,646061000,0,5698591000,15591000,527038000,30863000,44594000,691621000,1655061000,5702368000,3777000,None,2597000,128309000,6211584000,12406000,592264000,507858000,4048665000,26804000,20056000,5698591000,0,0,15591000,0,527038000,0,None,None,None,194512000,None,26804000,30863000,57667000,None,None,None,100835000,6406096000,2162919000,None,15591530,USD,-74034000,-50000,-78095000,677000,1702000,-112047000,-109630000,None,15630000,-162167000,27975000,None,3234000,-5292000,1173000,0,8000,8413000,4738000,748000,None,-162167000,63.1,58.62
