,fiscalDateEnding,reportedCurrency_x,totalRevenue,totalOperatingExpense,costOfRevenue,grossProfit,ebit,netIncome_x,researchAndDevelopment,effectOfAccountingCharges,incomeBeforeTax,minorityInterest,sellingGeneralAdministrative,otherNonOperatingIncome,operatingIncome,otherOperatingExpense,interestExpense,taxProvision,interestIncome,netInterestIncome,extraordinaryItems,nonRecurring,otherItems,incomeTaxExpense,totalOtherIncomeExpense,discontinuedOperations,netIncomeFromContinuingOperations,netIncomeApplicableToCommonShares,preferredStockAndOtherAdjustments,reportedCurrency_y,totalAssets,intangibleAssets,earningAssets,otherCurrentAssets,totalLiabilities,totalShareholderEquity,deferredLongTermLiabilities,otherCurrentLiabilities,commonStock,retainedEarnings,otherLiabilities,goodwill,otherAssets,cash,totalCurrentLiabilities,shortTermDebt,currentLongTermDebt,otherShareholderEquity,propertyPlantEquipment,totalCurrentAssets,longTermInvestments,netTangibleAssets,shortTermInvestments,netReceivables,longTermDebt,inventory,accountsPayable,totalPermanentEquity,additionalPaidInCapital,commonStockTotalEquity,preferredStockTotalEquity,retainedEarningsTotalEquity,treasuryStock,accumulatedAmortization,otherNonCurrrentAssets,deferredLongTermAssetCharges,totalNonCurrentAssets,capitalLeaseObligations,totalLongTermDebt,otherNonCurrentLiabilities,totalNonCurrentLiabilities,negativeGoodwill,warrants,preferredStockRedeemable,capitalSurplus,liabilitiesAndShareholderEquity,cashAndShortTermInvestments,accumulatedDepreciation,commonStockSharesOutstanding,reportedCurrency,investments,changeInLiabilities,cashflowFromInvestment,otherCashflowFromInvestment,netBorrowings,cashflowFromFinancing,otherCashflowFromFinancing,changeInOperatingActivities,netIncome_y,changeInCash,operatingCashflow,otherOperatingCashflow,depreciation,dividendPayout,stockSaleAndPurchase,changeInInventory,changeInAccountReceivables,changeInNetIncome,capitalExpenditures,changeInReceivables,changeInExchangeRate,changeInCashAndCashEquivalents,clossingVal,nextClossingVal
0,2020-06-30,USD,15765000,16242000,10821000,4944000,598000,-879000,105000,None,-858000,None,5316000,None,-477000,None,382000,21000,None,-382000,None,None,None,21000,1000,None,-879000,-879000,None,USD,63719000,4411000,None,None,54492000,9227000,None,None,2703000,-20118000,124000,4368000,168000,2948000,29451000,None,6459000,None,37494000,17278000,None,423000,None,8312000,21131000,1490000,3202000,None,None,None,None,None,None,None,89000,None,46441000,9217000,None,None,25041000,None,None,None,None,None,None,None,None,USD,-1743000,-1191000,-1743000,None,3315000,3320000,None,1063000,-879000,2750000,1173000,None,1074000,None,None,-286000,1172000,128000,1743000,None,None,None,5.01,
1,2020-03-31,USD,16012000,5388000,10819000,5193000,-185000,-588000,162000,None,-577000,None,5226000,10000,-195000,None,392000,11000,-392000,-392000,None,None,None,11000,10000,None,-588000,-588000,None,USD,61668000,4606000,None,4992000,51743000,9925000,90000,20205000,2678000,-19239000,90000,4368000,285000,198000,29047000,1923000,5573000,None,27731000,15503000,None,916000,None,9109000,18650000,1204000,6919000,None,None,2678000,35000,-19239000,None,None,9460000,None,46165000,9417000,18650000,3956000,22696000,None,None,None,26451000,61668000,198000,None,10864281,USD,-1186000,-2139000,-1186000,-1186000,2136000,2114000,-42000,-1037000,-588000,-313000,-1241000,1465000,941000,None,20000,-170000,-860000,110000,1186000,-860000,None,-313000,3.26,5.01
2,2019-12-31,USD,12918000,4497000,9441000,3477000,-1018000,-1426000,162000,None,-1329000,None,4335000,2000,-1020000,None,311000,97000,-311000,-311000,None,None,None,97000,2000,None,-1426000,-1426000,None,USD,60918000,2781000,None,3838000,50548000,10370000,65000,17470000,2663000,-18651000,65000,6619000,220000,511000,27618000,1153000,3261000,None,27037000,14881000,None,935000,None,9498000,18804000,1034000,8995000,None,None,2663000,35000,-18651000,None,None,9600000,None,46037000,9541000,18804000,4061000,22930000,None,None,None,26323000,60918000,511000,None,10805057,USD,-6165000,1242000,-6165000,-2165000,4653000,4616000,-37000,-108000,-1426000,-95000,1454000,1759000,732000,None,None,61000,-1013000,99000,4000000,-1013000,None,-95000,4.95,3.26
3,2019-09-30,USD,14786000,4307000,9974000,4812000,508000,290000,230000,None,292000,None,4077000,3000,505000,None,216000,2000,-216000,-216000,None,None,None,2000,4000,None,290000,290000,None,USD,41980000,2874000,None,3542000,31270000,10710000,None,8793000,2589000,-17097000,None,3617000,240000,606000,17481000,1127000,2827000,None,22828000,12421000,None,4184000,None,7178000,13771000,1095000,7561000,None,None,2589000,35000,-17097000,None,None,209000,None,31000,18000,13789000,None,13789000,None,None,None,25183000,41980000,606000,None,10510661,USD,-2348000,452000,-2348000,-1271000,1671000,2238000,282000,198000,290000,100000,210000,312000,680000,None,6000,24000,-1610000,62000,2348000,-1610000,None,100000,3.59,4.95
4,2019-06-30,USD,10861000,3379000,7732000,3129000,-248000,-426000,128000,None,-426000,None,3251000,2000,-250000,None,178000,0,-178000,-178000,None,None,None,None,2000,None,-426000,-426000,None,USD,38644000,2967000,None,2932000,28310000,10334000,None,7973000,2586000,-17387000,None,3617000,186000,506000,16028000,1068000,2082000,None,21056000,10818000,None,3715000,None,6261000,12259000,1119000,6987000,None,None,2586000,35000,-17387000,None,None,155000,None,31000,23000,12282000,None,12282000,None,None,None,25100000,38644000,506000,None,10496669,USD,-3583000,1858000,-3583000,-1271000,3193000,2913000,-70000,1094000,-426000,-14000,656000,375000,713000,None,5000,-16000,-1763000,-85000,2312000,-1763000,None,-14000,2.0,3.59
5,2019-03-31,USD,9344000,3010000,6783000,2561000,-446000,-569000,145000,None,-568000,None,2865000,3000,-449000,None,122000,1000,-122000,-122000,None,None,None,1000,3000,None,-569000,-569000,None,USD,31783000,3060000,None,1910000,21493000,10290000,None,6086000,2534000,-16961000,None,3072000,58000,520000,12200000,1359000,1339000,None,17787000,7682000,None,4123000,None,4149000,9265000,1103000,4755000,None,None,2534000,35000,-16961000,None,None,151000,None,31000,28000,9293000,None,9293000,None,None,None,24682000,31783000,520000,None,10290531,USD,-1534000,-230000,-1534000,None,1041000,1327000,285000,-646000,-569000,-203000,4000,264000,611000,None,1000,69000,-230000,89000,1534000,-230000,None,-203000,2.07,2.0
6,2018-12-31,USD,8625000,2378000,6206000,2419000,42000,-85000,124000,None,-84000,None,2254000,1000,41000,None,126000,1000,None,None,None,None,None,1000,-125000,None,-85000,-85000,None,USD,30903000,3154000,None,2178000,20155000,10748000,None,5878000,2523000,-16392000,None,3072000,179000,723000,11813000,974000,920000,None,16761000,7737000,None,4487000,None,3665000,8310000,1171000,4961000,None,None,2523000,35000,-16392000,None,None,148000,None,31000,32000,8342000,None,8342000,None,None,None,24582000,30903000,723000,None,10245277,USD,None,-215000,-684000,None,-273000,-273000,-11000,90000,-85000,-50000,907000,92000,713000,None,None,10000,516000,-124000,684000,516000,None,-50000,1.27,2.07
7,2018-09-30,USD,8986000,3245000,5816000,3170000,-74000,-200000,166000,0,-199000,0,3079000,1000,-75000,0,125000,1000,None,None,0,0,0,1000,-519000,0,-200000,-200000,None,USD,31268000,3318000,None,1978000,20384000,10884000,0,1117000,2523000,-16231000,None,3072000,207000,773000,11801000,996000,909000,None,16610000,8061000,None,4459000,0,4128000,8546000,1182000,9688000,0,0,2523000,35000,-16231000,0,None,145000,None,62000,37000,8583000,None,8583000,None,None,None,24557000,31268000,773000,None,10245277,USD,None,1399000,-7150000,-6759000,5188000,5188000,-113000,-148000,-200000,-685000,1277000,-388000,715000,0,1000,-218000,-66000,35000,391000,-66000,None,-685000,1.61,1.27
8,2018-06-30,USD,6039000,1657000,4414000,1625000,-31000,-75000,142000,0,-80000,0,1515000,1000,-32000,0,49000,-5000,None,None,0,0,0,-5000,-48000,0,-75000,-75000,None,USD,21553000,38000,None,950000,12982000,8571000,0,1117000,2148000,-16037000,None,38000,192000,1458000,8987000,332000,230000,None,14745000,6578000,None,8498000,0,3206000,3995000,964000,7538000,0,0,2148000,35000,-16037000,0,None,125000,None,67000,None,3995000,None,3995000,None,None,None,22425000,21553000,1458000,None,8745277,USD,None,1279000,-493000,2000,-89000,-89000,-113000,21000,-75000,786000,1368000,239000,378000,0,1000,36000,-520000,31000,493000,-520000,None,786000,1.65,1.61
9,2018-03-31,USD,5944000,1630000,4204000,1740000,114000,55000,149000,0,66000,0,1481000,4000,110000,0,48000,11000,None,None,0,0,0,11000,-44000,0,55000,55000,None,USD,20400000,38000,None,1292000,11782000,8618000,0,5166000,2023000,-15956000,None,38000,187000,672000,7731000,362000,228000,None,14625000,5550000,None,7583000,0,2793000,4049000,1000000,6254000,0,0,2023000,1035000,-15956000,0,None,18000,None,14643000,None,4051000,None,None,None,None,None,21516000,20400000,672000,None,8245320,USD,None,-134000,-256000,2000,-88000,-87000,-113000,148000,55000,-261000,82000,245000,378000,0,1000,-69000,-422000,29000,258000,-422000,None,-261000,1.6,1.65
10,2017-12-31,USD,5377000,1570000,3796000,1581000,11000,26000,139000,0,-41000,0,1431000,None,11000,0,52000,None,None,None,0,0,0,-67000,-52000,0,26000,26000,None,USD,20530000,38000,None,1571000,12002000,8528000,0,5221000,2023000,-16011000,None,38000,222000,933000,7862000,392000,226000,None,14740000,5568000,None,7493000,0,2335000,4140000,931000,6389000,0,0,2023000,1035000,-16011000,0,None,20000,None,14760000,None,None,None,None,None,None,None,21481000,20530000,933000,None,8244201,USD,None,67000,-175000,0,-86000,-86000,-113000,5000,26000,499000,760000,-173000,404000,0,0,-18000,419000,35000,175000,419000,None,499000,2.45,1.6
11,2017-09-30,USD,5873000,1572000,4009000,1864000,293000,229000,124000,0,240000,0,1448000,1000,292000,0,53000,None,None,None,0,0,0,11000,-370000,0,229000,229000,None,USD,20417000,38000,None,1554000,11950000,8467000,0,5275000,2023000,-16037000,1000,38000,146000,434000,7723000,421000,224000,None,14965000,5306000,None,7432000,0,2551000,4226000,913000,6254000,0,0,2023000,1035000,-16037000,0,None,None,None,14965000,None,None,None,None,None,None,None,21446000,20417000,434000,None,8243896,USD,None,119000,-134000,0,-342000,-337000,-214000,99000,229000,-485000,-14000,-215000,377000,0,5000,151000,-941000,10000,134000,-685000,None,-485000,1.76,2.45
12,2017-06-30,USD,5836000,1594000,3905000,1931000,339000,221000,127000,0,227000,0,1467000,2000,337000,0,112000,None,None,None,0,0,0,6000,0,0,221000,221000,None,USD,20395000,38000,None,1123000,12168000,8227000,0,5325000,2021000,-16266000,None,38000,139000,919000,7859000,708000,4916000,None,15207000,5049000,None,7192000,0,2082000,4309000,1064000,6135000,0,0,2021000,1035000,-16266000,0,None,None,None,15207000,None,None,None,None,None,None,None,21437000,20395000,919000,None,8238896,USD,None,-934000,-53000,2000,-202000,-136000,-169000,64000,221000,500000,689000,160000,443000,0,66000,55000,0,3000,55000,741000,None,500000,1.66,1.76
13,2017-03-31,USD,6359000,1488000,4316000,2043000,556000,417000,110000,0,422000,0,1378000,1000,555000,0,134000,None,None,None,0,0,0,5000,0,0,417000,417000,None,USD,20987000,38000,None,1164000,13057000,7930000,0,1117000,2009000,-16486000,None,38000,131000,419000,12923000,5071000,4937000,-6000,15540000,5316000,None,6895000,0,2745000,134000,1119000,6869000,0,0,2009000,1035000,-16486000,0,None,None,None,15540000,None,None,None,None,None,None,None,21378000,20987000,419000,None,8188896,USD,None,-1062000,-52000,1000,632000,632000,-28000,-137000,417000,132000,-448000,-137000,464000,0,0,248000,0,-4000,53000,-374000,None,132000,1.39,1.66
14,2016-12-31,USD,6174000,1765000,4315000,1859000,95000,17000,104000,0,19000,0,1661000,1000,94000,0,76000,None,None,None,0,0,0,2000,0,0,17000,17000,None,USD,21120000,38000,None,1123000,13613000,7507000,0,1117000,1989000,-16904000,None,38000,124000,287000,13447000,4365000,4199000,-13000,15867000,5129000,None,6322000,0,2476000,166000,1367000,8131000,0,0,1989000,1185000,-16904000,0,None,None,None,15867000,None,None,None,None,None,None,None,21250000,21120000,287000,None,8107558,USD,None,950000,-100000,5000,-1008000,-1008000,None,178000,17000,-99000,1009000,178000,396000,0,0,86000,0,5000,105000,-623000,None,-99000,0.77,1.39
15,2016-09-30,USD,5154000,2836000,4202000,952000,-1880000,-2037000,104000,0,-2036000,0,1761000,4000,-1884000,0,156000,None,None,None,0,971000,0,1000,-1175000,0,-2037000,-2037000,None,USD,21139000,38000,None,1488000,13681000,7458000,0,1117000,1989000,-16921000,None,38000,126000,386000,13483000,5383000,3691000,-35000,16136000,4877000,None,6273000,0,1676000,198000,1453000,7181000,0,0,1989000,1185000,-16921000,0,None,None,None,16136000,None,None,None,None,None,None,None,21240000,21139000,386000,None,8107558,USD,None,105000,-419000,0,-477000,-477000,-68000,-648000,-2037000,-106000,790000,-41000,525000,0,0,23000,1639000,1087000,419000,1128000,None,-106000,1.15,0.77
16,2016-06-30,USD,5053000,1538000,3880000,1173000,-343000,-433000,103000,0,-450000,0,1435000,22000,-365000,0,107000,None,None,None,0,0,0,-17000,0,0,-433000,-433000,None,USD,23514000,1009000,None,2927000,14043000,9471000,0,4279000,1989000,-14885000,None,1009000,1110000,492000,13811000,5846000,None,-48000,16090000,6314000,None,8286000,0,2529000,232000,1476000,8197000,0,0,1989000,1185000,-14885000,0,None,None,None,16090000,None,None,None,None,None,None,None,21230000,23514000,492000,None,8107558,USD,None,479000,-205000,0,100000,100000,None,None,-433000,39000,144000,-388000,357000,0,0,-60000,511000,-16000,205000,205000,None,39000,1.17,1.15
17,2016-03-31,USD,5339000,1578000,4023000,1316000,-183000,-254000,132000,0,-253000,0,1446000,79000,-262000,0,70000,None,None,None,0,0,0,1000,0,0,-254000,-254000,None,USD,23036000,1009000,None,1480000,13135000,9901000,0,21000,1989000,-14451000,None,1009000,1119000,453000,13082000,5400000,None,-46000,15938000,5979000,None,7707000,0,2630000,53000,1416000,7714000,0,0,1989000,1185000,-14451000,0,None,110000,None,17057000,None,None,None,None,None,None,None,21224000,23036000,453000,None,8107558,USD,None,1539000,-466000,0,43000,42000,None,None,-254000,50000,474000,51000,332000,0,-1000,18000,306000,-44000,466000,-1168000,None,50000,1.1675,1.17
18,2015-12-31,USD,4895000,1513000,3911000,984000,-439000,-506000,157000,0,-505000,0,1356000,90000,-529000,0,66000,None,None,None,0,0,0,1000,0,0,-506000,-506000,None,USD,21775000,1009000,None,1418000,11614000,10161000,27000,3806000,1991000,-14197000,27000,1009000,1127000,403000,11529000,5353000,None,-27000,15802000,4846000,None,7967000,0,1591000,58000,1434000,6176000,0,0,1991000,1185000,-14197000,0,None,118000,None,16929000,58000,58000,None,85000,None,None,None,21209000,21775000,403000,None,8107558,USD,None,-1939000,-166000,0,475000,479000,None,None,-506000,-35000,-348000,351000,342000,0,4000,32000,1474000,-102000,166000,1474000,None,-35000,1.52,1.1675
19,2015-09-30,USD,4977000,2088000,3684000,1293000,-657000,-711000,226000,0,-721000,0,1847000,138000,-795000,0,64000,None,None,None,0,15000,0,-10000,810000,0,-711000,-711000,None,USD,23815000,1009000,None,1883000,13087000,10728000,50000,5313000,1988000,-13691000,50000,1009000,1135000,438000,9303000,1291000,786000,53000,15989000,6691000,None,8534000,0,2904000,3666000,1466000,8012000,0,0,1988000,1185000,-13691000,0,None,126000,None,17124000,68000,3734000,None,3784000,None,None,None,21193000,23815000,438000,None,8105007,USD,None,1523000,-768000,33000,-176000,-208000,-32000,-229000,-711000,-47000,929000,-215000,340000,0,0,98000,-1084000,370000,801000,-473000,None,-78000,1.69,1.52
