,fiscalDateEnding,reportedCurrency_x,totalRevenue,totalOperatingExpense,costOfRevenue,grossProfit,ebit,netIncome_x,researchAndDevelopment,effectOfAccountingCharges,incomeBeforeTax,minorityInterest,sellingGeneralAdministrative,otherNonOperatingIncome,operatingIncome,otherOperatingExpense,interestExpense,taxProvision,interestIncome,netInterestIncome,extraordinaryItems,nonRecurring,otherItems,incomeTaxExpense,totalOtherIncomeExpense,discontinuedOperations,netIncomeFromContinuingOperations,netIncomeApplicableToCommonShares,preferredStockAndOtherAdjustments,reportedCurrency_y,totalAssets,intangibleAssets,earningAssets,otherCurrentAssets,totalLiabilities,totalShareholderEquity,deferredLongTermLiabilities,otherCurrentLiabilities,commonStock,retainedEarnings,otherLiabilities,goodwill,otherAssets,cash,totalCurrentLiabilities,shortTermDebt,currentLongTermDebt,otherShareholderEquity,propertyPlantEquipment,totalCurrentAssets,longTermInvestments,netTangibleAssets,shortTermInvestments,netReceivables,longTermDebt,inventory,accountsPayable,totalPermanentEquity,additionalPaidInCapital,commonStockTotalEquity,preferredStockTotalEquity,retainedEarningsTotalEquity,treasuryStock,accumulatedAmortization,otherNonCurrrentAssets,deferredLongTermAssetCharges,totalNonCurrentAssets,capitalLeaseObligations,totalLongTermDebt,otherNonCurrentLiabilities,totalNonCurrentLiabilities,negativeGoodwill,warrants,preferredStockRedeemable,capitalSurplus,liabilitiesAndShareholderEquity,cashAndShortTermInvestments,accumulatedDepreciation,commonStockSharesOutstanding,reportedCurrency,investments,changeInLiabilities,cashflowFromInvestment,otherCashflowFromInvestment,netBorrowings,cashflowFromFinancing,otherCashflowFromFinancing,changeInOperatingActivities,netIncome_y,changeInCash,operatingCashflow,otherOperatingCashflow,depreciation,dividendPayout,stockSaleAndPurchase,changeInInventory,changeInAccountReceivables,changeInNetIncome,capitalExpenditures,changeInReceivables,changeInExchangeRate,changeInCashAndCashEquivalents,clossingVal,nextClossingVal
0,2020-06-30,USD,30383132,47989150,None,None,-17447045,-17734961,None,None,-24184776,-59677,3724764,None,-17606018,None,3851660,-6041946,None,-3851660,None,None,None,-6041946,-2727098,None,-18167797,-17734961,None,USD,734665330,538291577,None,8039706,477604215,257120792,None,23677161,32519,134498613,141177562,28596547,9031018,22841461,46462489,None,5000000,-436338,94508150,64238038,None,-309767332,None,29692208,256898044,None,10502915,None,None,None,None,None,None,None,9031018,None,670427292,40348533,None,17038803,431141726,None,None,None,None,None,None,None,None,USD,-2761700,-1302064,-2761700,-1000000,5983795,1988267,-2581163,6435238,-17734961,4362260,5135693,None,2886071,-1398321,-16044,None,14834097,-466671,2511700,None,None,None,2.43,
1,2020-03-31,USD,57650426,64794456,50900480,57650426,-7117605,-8946163,None,None,-11302416,-109602,55413569,26425,-7144030,2576475,4184811,-2417780,-4184810,-4184811,None,6804412,None,-2417780,-6777987,None,-8884636,-8946163,None,USD,748658554,539174781,None,8681421,474280516,274554222,None,323414519,32496,152115263,136311018,28596547,11694994,18479201,45963738,2750000,2750000,-436338,55547807,73854333,None,-293217106,None,46693711,257446435,None,148115997,None,None,32496,None,152115263,-30678207,None,51485086,None,674804221,41886654,257501010,17056363,428316778,None,None,None,153521008,748658554,18479201,None,None,USD,-750000,-2487346,-4193430,-1000000,3500000,2070737,-16205,-5971721,-8946163,-168970,1953723,-2210038,3060458,-1397183,-15875,None,6870703,5666109,3443430,6870703,None,-168970,1.86,2.43
2,2019-12-31,USD,72093111,60873695,56452580,72093111,11253984,1249519,None,None,6765398,-207960,61949374,34568,11219416,2377985,4488586,2331124,-4488590,-4488586,None,-3453664,None,5799084,3081221,None,966314,1249519,None,USD,760060229,546862397,None,6432420,475588271,284538540,None,70281875,32466,162350145,138770536,28596547,3114063,18648171,53192459,256212452,7500000,-436338,53813602,79658043,7900000,-290920404,None,54577452,248712452,None,149093944,None,None,32466,None,162350145,-30662332,None,51129640,None,680402186,42217508,248787470,17073923,422395812,None,None,None,153254599,760060229,18648171,None,28000000,USD,16656196,-583924,16656196,18784978,-6000000,-7584502,-17166,5894937,4717479,6749420,-2322274,3110659,2454957,-1389273,-178063,None,-5940241,-6081204,2128782,-5940241,None,6749420,3.09,1.86
3,2019-09-30,USD,66114701,56702949,49443630,66114701,9325419,6511859,None,None,4919257,141378,54770292,-86333,9411752,1932657,4406162,1733980,-4406160,-4406162,None,None,None,-1733980,-151756,None,6653237,6511859,None,USD,739883343,532418652,None,8966445,458414451,281468892,124449836,28524794,32309,158962705,134643434,25377447,14147960,11898751,42295514,None,None,87885,59175219,69923468,None,-276327207,None,49058272,245228469,None,13770720,None,None,32309,None,158962705,-30484269,None,52988557,None,669959875,43339717,245228469,46440632,416118937,None,None,None,152870262,739883343,11898751,None,28000000,USD,-2509999,5210465,-18241837,-13500000,7500000,6088645,-16775,3214060,3043899,-373633,11779559,1489382,2351217,-1388992,-5588,None,-1914863,1599459,2231838,-1914863,None,-373633,3.1,3.09
4,2019-06-30,USD,65658748,54981104,47759690,65658748,10715837,4269001,None,None,6168801,-66582,53183254,38193,10677644,1797850,4547036,1899800,-4547040,-4547036,None,None,None,1899800,-16970,None,4269001,4269001,None,USD,723895925,519440123,None,9946496,444678579,279217346,123938041,26094636,32309,157308079,134180120,25377447,12249679,12272384,36596373,None,None,87885,58283496,69706067,None,-265600224,None,47487187,237244486,None,10501737,None,None,32309,None,157308079,-30478681,None,51088792,None,654189858,43336080,237244486,46899679,408082206,None,None,None,152267754,723895925,12272384,None,28000000,USD,-2828273,3318235,-2828273,-21611242,-4000000,-5415865,-16775,698940,4269001,-4121185,4122953,-700875,2226670,-1387832,-11258,None,-6153062,1162984,2828273,-6153062,None,-4121185,3.22,3.1
5,2019-03-31,USD,57687554,50877976,47451180,57687554,6576995,1353263,None,None,1986110,-66582,52413596,-232583,6809578,2010135,4590885,632850,-4590890,-4590885,None,-3545755,None,632847,3071824,None,1353263,1353263,None,USD,719304974,519514315,None,9211461,443503995,275800979,None,60742890,32298,154428070,133655088,25377447,12385210,16393569,33149192,240760503,6376473,87885,57025461,66981171,None,-269090783,None,41376141,240760500,None,142000602,None,None,32298,None,154428070,-30467423,None,50406580,None,652323803,42383591,241242680,9652248,410354803,None,None,None,151720149,719304974,16393569,None,28000000,USD,-2500000,-418735,-541132,3800000,-2500000,-3910113,-16776,-3615764,1353263,2959741,7410986,-4308286,2252770,-1373511,-19826,None,11155406,-2623432,1841132,11155406,None,2959741,3.98,3.22
6,2018-12-31,USD,75568596,61622871,54921709,75568596,14371698,2091853,0,0,9869710,0,59823607,425973,13945725,1799264,4501988,7482930,None,None,-294920,0,0,7777857,-4076015,0,2091853,2091852,1,USD,681085079,519558732,None,5094788,406050988,275034091,122912545,19181108,31996,155398555,133915355,25377447,7449486,13433828,28859360,67101,67101,87885,57753646,70945768,None,-269902088,None,52417152,243276273,None,9611151,None,None,31996,None,155398555,-30447597,None,7449486,None,610139311,None,243276270,254279083,377191628,None,None,None,149963252,681085079,13433828,None,28000000,USD,-1530000,-6046437,-2543285,-150175,-1016005,-2563383,-475990,9434643,2091853,3454327,8560995,11422789,2283247,-1367761,-179617,None,-6003310,5805476,863110,-6003310,None,3454327,3.75,3.98
7,2018-09-30,USD,65147080,55820938,50351099,65147080,8283846,2631776,0,0,4210188,0,54016964,-1042296,9326142,1803974,4073658,None,None,None,0,0,0,1578412,-5226855,0,2631776,2631776,None,USD,681773666,519593304,None,15567317,407844043,273929623,117502879,20254443,31863,154680213,129150799,25377447,5957487,9979501,34884179,66331,66331,-310345,58514125,72331303,None,-271041128,0,46784485,243809065,0,14563405,0,0,31863,0,154680213,-30267980,None,5957487,None,609442363,None,None,255456985,372959864,None,None,None,149795872,681773666,9979501,None,28000000,USD,-1530000,2522013,-40739559,-39520000,32430934,31046393,-553062,-5551531,2631776,-4842248,4850918,-3130468,2167870,-1367448,-17093,0,-2525838,3185565,1219559,-2525838,None,-4842248,6.9,3.75
8,2018-06-30,USD,61625296,50969644,44967293,61625296,10682963,4918612,0,0,6877388,0,49407592,27311,10655652,1562052,3805575,None,None,None,0,0,0,1958776,-3778264,0,4918612,4918612,None,USD,642915630,489676989,None,12883667,370720271,272195359,116956306,21972355,31884,153416198,128671309,15275264,5678501,14821749,31425879,65561,65561,-310345,58420296,73864580,None,-232756894,0,46159164,210623083,0,9387963,0,0,31884,0,153416198,-30250887,None,5678501,None,569051050,None,None,222338086,339294392,None,None,None,149308509,642915630,14821749,None,28000000,USD,-150000,2414673,-1103503,-45612343,-2016005,-3426281,-553062,853668,4918612,1651785,6181569,694225,2032428,-1366922,-43354,0,-6487668,2609299,953503,-6487668,None,1651785,11.2,6.9
9,2018-03-31,USD,55153627,54757979,45512847,55153627,844549,-3161192,0,0,-2780691,0,53211245,448901,395648,1546734,3625240,None,None,None,0,0,0,380501,-7592264,0,-3161192,-3892457,731265,USD,636202501,489733113,None,13441879,368218356,267984145,115338525,21435026,31877,149865034,127120315,15275264,5584672,13169964,28928559,64791,64791,-310345,58979747,66629705,None,-237024232,0,40017862,212169482,0,7428742,0,0,31877,0,149865034,-30207533,None,5584672,None,569572796,None,None,223951272,339289797,None,None,None,148605112,636202501,13169964,None,28000000,USD,-150000,1990946,-1225996,-52500,-3016005,-4327428,-553062,-659007,-3161192,-752426,4800998,-4106256,2017110,-1286381,-25042,0,2426074,5634316,1173496,2426074,None,-752426,11.3,11.2
10,2017-12-31,USD,58523448,35246898,43478000,58523448,19331286,69668948,0,0,15198127,0,45177548,-3945264,23276550,-9479817,4133159,None,None,None,0,-450833,0,-54470821,4480401,0,69668948,69668948,None,USD,654718781,489736737,None,28069232,368552581,286166200,115282931,18799195,31885,154389494,11843000,15275264,510739000,13922390,28961044,2314020,2314020,424574,59318933,84660973,1900000,-218845801,0,42669351,212466000,0,7847829,0,0,31885,0,154389494,-16667085,None,5726874,None,570057808,None,None,224308606,339591537,None,None,None,147987332,654718781,13922390,None,28000000,USD,-150000,-1152486,-13255148,-12025000,3342977,1456313,-2641754,-6990371,69668948,-1532524,10266311,-12960866,2068192,-1286010,-600654,0,4045000,-49704720,1230148,2347243,None,-1532524,13.4,11.3
11,2017-09-30,USD,58902050,45727795,42481000,58902050,13220474,6070204,0,0,8502944,0,43984047,46219,13174255,1743748,4717530,None,None,None,0,31910,0,2432740,0,0,6070204,6070204,None,USD,631920027,478325744,None,24412615,414904039,217015988,166412419,18860796,31774,86006927,14812000,3393234,487594000,15454914,26769703,63284,63284,-809885,59107836,85217979,None,-264702990,0,45350450,206910000,0,7845623,0,0,31774,0,86006927,-16066431,None,5875234,None,546702048,None,None,221721917,388134336,None,None,None,147853603,631920027,15454914,None,28000000,USD,-150000,-772266,-1361459,0,-6015269,-7329315,-2641754,128871,6070204,-1592450,7098324,257988,1999975,-1285638,-28408,0,1698000,714088,1361459,-1171665,None,-1592450,11.7,13.4
12,2017-06-30,USD,61013414,48170719,44913000,61013414,12882214,3905521,0,0,8130170,0,51792822,39519,12842695,355346,4752044,None,None,None,0,-3977449,0,4224649,0,0,3905521,3905521,None,USD,630474859,478388263,None,21966884,418755459,211719400,164071650,18780156,31773,81222733,14926000,3393234,487796000,17047364,27378524,62548,212441325,-808705,59128512,83549745,None,-270062097,0,44535497,212379000,0,8535820,0,0,31773,0,81222733,-16038023,None,6015105,None,546925114,None,None,227305285,391376935,None,None,None,147311622,630474859,17047364,None,28000000,USD,None,1014875,9989477,10590897,-15015269,-16322557,-2641754,-2165251,3905521,-1823356,4509724,-1482992,2166450,-1285412,-21876,0,2870000,3501774,601420,-4595904,None,-1823356,9.8,11.7
13,2017-03-31,USD,53740551,42197772,43950000,53740551,11898977,7486496,0,0,7071638,0,39646399,356198,11542779,1831084,4827339,None,None,None,0,720289,0,-414858,0,0,7486496,7486496,None,USD,638160569,477744203,None,24569194,429740423,208420146,160101475,21018079,31821,78602850,16818000,3393234,494636000,18870720,25973642,61812,61812,-735996,59727981,83795966,None,-272717291,0,40356052,226848000,0,4893751,0,0,31821,0,78602850,-16016147,None,13499185,None,554364603,None,None,243665306,403766781,None,None,None,146537618,638160569,18870720,None,28000000,USD,-150000,-1938319,22150413,23300000,-28015270,-29751806,None,-1763471,7486496,-1454695,6146698,-1763471,2049645,-1280410,-456126,0,7466000,-7153216,999587,7465563,None,-1454695,11.6,9.8
14,2016-12-31,USD,53703990,3813684,37470000,53703990,49139180,41503814,0,0,45283904,0,40434328,-751126,49890306,-41801269,3855276,None,None,None,0,5180625,0,3780090,32362935,0,41503814,41503814,None,USD,661670048,477106722,None,34907529,459178425,202491623,160539268,21173419,31775,72401766,17000000,3393234,498084000,20325415,33946932,6686077,6686077,-721822,60166812,103419407,1900000,-278008333,0,48186463,247692000,0,6087436,0,0,31775,0,72401766,-15560021,None,17583873,None,558250641,None,None,264692225,425231493,None,None,None,146339925,661670048,20325415,None,24000000,USD,-166667,-1492761,-88123641,-87255273,88858038,87785545,-13949501,-4528048,41503814,3674531,4012627,-940144,4141313,-1036341,-36152,0,-510803,-38670590,868368,-529005,None,3674531,6.15,11.6
15,2016-09-30,USD,27729026,23931401,19520000,27729026,4113751,1694368,0,0,3258373,0,21914434,316126,3797625,816394,855378,None,None,None,0,1200573,0,1564005,0,0,1694368,1694368,None,USD,312963471,232889717,None,3091703,176124689,136838782,79224948,9777313,26283,32178362,2565000,5336583,248481000,16650884,17186444,5029124,5029124,20714,25564792,38917987,None,-101387518,0,19175400,77148000,0,2380007,0,0,26283,0,32178362,-15523869,None,10254392,None,274045484,None,None,79713297,158938245,None,None,None,120137292,312963471,16650884,None,23000000,USD,-150000,693461,-703549,743000,-14566,-1060441,None,953696,1694368,2529432,4293422,953696,908143,-1036088,-9787,0,18000,474878,703549,-431124,None,2529432,5.8,6.15
16,2016-06-30,USD,27777381,23004063,19729000,27777381,5042370,2469478,0,0,4143810,0,22173482,269052,4773318,830581,898560,None,None,None,0,-4802292,0,1674332,0,0,2469478,2469478,None,USD,311316167,235125327,None,4658197,175321831,135994336,79147682,9321712,26246,31520335,2631000,5336583,246255000,14121452,11502029,59671,59671,25672,27335806,37725331,None,-104467574,0,18945682,82041000,0,2120646,0,0,26246,0,31520335,-15514082,None,5793120,None,273590836,None,None,84672120,163819802,None,None,None,119936165,311316167,14121452,None,23000000,USD,-166667,302898,-136239,743195,-3014566,-4056676,None,-933093,2469478,-1435454,2757461,-933093,922330,-1035862,-6248,0,449000,794820,712767,-798972,None,-1435454,4.21,5.8
17,2016-03-31,USD,27454947,23326654,19986000,27454947,4088652,1820753,0,0,3100128,0,22487248,-39641,4128293,839406,988524,None,None,None,0,1200573,0,1279375,0,0,1820753,1820753,None,USD,311838991,235194535,None,3952321,177463091,134375900,78713939,8856609,26246,30086945,2698000,5336583,246619000,15556906,11086971,58968,58968,39752,27394152,37825720,None,-106155218,0,18316493,84964000,0,2171394,0,0,26246,0,30086945,-15507834,None,6088001,None,274013271,None,None,87662181,166376120,None,None,None,119730791,311838991,15556906,None,23000000,USD,-166667,1560184,-656073,0,-3014567,-4193105,None,-930182,1820753,1238412,6087590,-930182,931155,-1032573,-145965,0,1249000,1457382,656073,1248298,None,1238412,3.51,4.21
18,2015-12-31,USD,28407172,22348552,19402000,28407172,5889323,3269835,0,0,4874607,0,21336154,-169297,6058620,1012398,1014716,None,None,None,0,3870850,0,1604772,-7515562,0,3269835,3269835,None,USD,311401895,235263743,None,2913550,177864820,133537075,77739201,7588106,26112,29302054,2765000,5336583,246799000,14318494,10899157,1484048,1484048,75159,27523353,37079580,800000,-107063251,0,19847536,86462000,0,1827003,0,0,26112,0,29302054,-15361869,None,6198636,None,274322315,None,None,89226462,166965663,None,None,None,119495619,311401895,14318494,None,23000000,USD,1468608,-1676138,2141528,994305,-2340928,-3373372,-1298214,-2365814,3269835,3222552,4454396,1536298,1099224,-1031636,-808,0,-2905096,1763683,321385,-1538506,None,3222552,3.59,3.51
19,2015-09-30,USD,26264321,26344004,19652000,26264321,-77803,-737939,0,0,-1141872,0,21959204,1880,-79683,863867,1064069,None,None,None,0,3520933,0,-403933,0,0,-737939,-737939,None,USD,310134268,235398984,None,4364855,179023836,131110432,77036439,8335147,26123,27064792,1055000,5336583,248065000,11095942,10824218,85938,None,82521,27987531,34081703,1468608,-109625135,0,18620906,90107812,0,2403133,0,0,26123,0,27064792,-15361061,None,5860859,None,276052565,None,90107812,1055367,168199618,None,None,None,119298057,310134268,11095942,None,23000000,USD,93758,-109677,-868763,0,-3000000,-4038958,None,None,-737939,-475062,4432659,206412,948233,-1031383,-7575,0,1366590,3096953,962521,1028677,None,-475062,4.0429,3.59
