,fiscalDateEnding,reportedCurrency_x,totalRevenue,totalOperatingExpense,costOfRevenue,grossProfit,ebit,netIncome_x,researchAndDevelopment,effectOfAccountingCharges,incomeBeforeTax,minorityInterest,sellingGeneralAdministrative,otherNonOperatingIncome,operatingIncome,otherOperatingExpense,interestExpense,taxProvision,interestIncome,netInterestIncome,extraordinaryItems,nonRecurring,otherItems,incomeTaxExpense,totalOtherIncomeExpense,discontinuedOperations,netIncomeFromContinuingOperations,netIncomeApplicableToCommonShares,preferredStockAndOtherAdjustments,reportedCurrency_y,totalAssets,intangibleAssets,earningAssets,otherCurrentAssets,totalLiabilities,totalShareholderEquity,deferredLongTermLiabilities,otherCurrentLiabilities,commonStock,retainedEarnings,otherLiabilities,goodwill,otherAssets,cash,totalCurrentLiabilities,shortTermDebt,currentLongTermDebt,otherShareholderEquity,propertyPlantEquipment,totalCurrentAssets,longTermInvestments,netTangibleAssets,shortTermInvestments,netReceivables,longTermDebt,inventory,accountsPayable,totalPermanentEquity,additionalPaidInCapital,commonStockTotalEquity,preferredStockTotalEquity,retainedEarningsTotalEquity,treasuryStock,accumulatedAmortization,otherNonCurrrentAssets,deferredLongTermAssetCharges,totalNonCurrentAssets,capitalLeaseObligations,totalLongTermDebt,otherNonCurrentLiabilities,totalNonCurrentLiabilities,negativeGoodwill,warrants,preferredStockRedeemable,capitalSurplus,liabilitiesAndShareholderEquity,cashAndShortTermInvestments,accumulatedDepreciation,commonStockSharesOutstanding,reportedCurrency,investments,changeInLiabilities,cashflowFromInvestment,otherCashflowFromInvestment,netBorrowings,cashflowFromFinancing,otherCashflowFromFinancing,changeInOperatingActivities,netIncome_y,changeInCash,operatingCashflow,otherOperatingCashflow,depreciation,dividendPayout,stockSaleAndPurchase,changeInInventory,changeInAccountReceivables,changeInNetIncome,capitalExpenditures,changeInReceivables,changeInExchangeRate,changeInCashAndCashEquivalents,clossingVal,nextClossingVal
0,2020-06-30,USD,0,7400000,None,None,-7400000,-7394000,5694000,None,-7394000,None,1706000,None,-7400000,None,-6000,None,None,6000,None,None,None,None,None,None,-7394000,-7394000,None,USD,19221000,None,None,176000,9399000,9822000,None,2214000,12000,-132784000,None,None,26000,12153000,8840000,None,None,None,2567000,16628000,None,9822000,4040000,259000,None,None,6626000,None,None,12000,None,-132784000,None,None,2593000,None,2593000,1783000,None,559000,559000,None,None,None,142594000,19221000,16193000,None,29669855,USD,-2020000,572000,-2070000,None,None,7414000,7411000,539000,-7394000,-318000,-5662000,-2043000,50000,None,3000,None,None,791000,50000,2362000,None,-318000,11.21,
1,2020-03-31,USD,0,8308000,None,None,-8308000,-8114000,5948000,None,-8114000,None,2360000,None,-8308000,None,-194000,None,194000,194000,None,None,None,None,None,None,-8114000,-8114000,None,USD,18071000,None,None,279000,9060000,9011000,None,2378000,12000,-125390000,None,None,31000,12471000,8252000,None,None,None,2835000,15205000,None,9011000,2020000,435000,None,None,5874000,None,None,12000,None,-125390000,None,None,2866000,None,2866000,2016000,None,808000,808000,None,None,None,134389000,18071000,14491000,None,28423837,USD,-1987000,-9347000,-1994000,-1987000,None,28958000,18972000,759000,-8114000,11935000,-15029000,1993000,49000,None,9986000,None,2078000,390000,7000,None,None,11935000,4.64,11.21
2,2019-12-31,USD,0,7665000,None,None,-7665000,-7692000,6186000,None,-7692000,None,1479000,None,-7665000,None,27000,None,-27000,-27000,None,None,None,None,-27000,None,-7692000,-7692000,None,USD,6534000,13000,None,432000,18757000,-12223000,None,1977000,11000,-117276000,None,None,32000,536000,17654000,None,None,None,3129000,3360000,None,-12223000,33000,2359000,None,None,15677000,None,None,11000,None,-117276000,None,None,3174000,None,3174000,2366000,None,1103000,1103000,None,None,None,105042000,6534000,569000,None,23174228,USD,1000,4433000,-345000,6089000,None,2064000,2064000,-1103000,-7692000,-1559000,-3278000,-3000,50000,None,5225000,None,-248000,182000,346000,-248000,None,-1559000,4.28,4.64
3,2019-09-30,USD,0,5551000,None,None,-5551000,-5634000,4008000,None,-5634000,None,1543000,None,-5551000,None,83000,None,-83000,-83000,None,None,None,None,-83000,None,-5634000,-5634000,None,USD,7811000,None,None,619000,14588000,-6777000,None,839000,11000,-109584000,None,None,32000,2095000,11958000,None,None,None,3107000,4672000,None,-6777000,34000,1924000,None,None,11119000,None,None,11000,None,-109584000,None,None,3139000,None,3139000,2630000,None,2630000,2630000,None,None,None,102796000,7811000,2129000,None,22606492,USD,1541000,1415000,1439000,6088000,None,3156000,None,1085000,-5634000,969000,-3626000,49000,37000,None,3156000,None,290000,217000,102000,290000,None,969000,3.9,4.28
4,2019-06-30,USD,0,4857000,None,None,-4857000,-4900000,3554000,None,-4900000,None,1303000,None,-4857000,None,43000,None,-43000,-43000,None,None,None,None,-43000,None,-4900000,-4900000,None,USD,8864000,None,None,917000,13380000,-4516000,None,758000,11000,-103950000,None,None,31000,1126000,10543000,None,None,None,3298000,5535000,None,-4516000,1575000,1917000,None,None,9785000,None,None,11000,None,-103950000,None,None,3329000,None,3329000,2837000,None,2837000,2837000,None,None,None,99423000,8864000,2701000,None,21708442,USD,1412000,2063000,1391000,4547000,None,5000,None,-1118000,-4900000,-2112000,-3508000,44000,33000,None,5000,None,-801000,53000,21000,-801000,None,-2112000,3.95,3.9
5,2019-03-31,USD,0,4928000,None,None,-4928000,-5027000,3456000,None,-5027000,None,1472000,None,-4928000,None,99000,None,-99000,-99000,None,None,None,None,-99000,None,-5027000,-5027000,None,USD,11851000,None,None,1237000,11525000,326000,None,511000,11000,-99050000,None,None,32000,3238000,8480000,None,None,1040000,3562000,8257000,None,326000,2987000,795000,3045000,None,7969000,None,None,11000,None,-99050000,None,None,3594000,None,3594000,3045000,None,3045000,3045000,None,None,None,98325000,11851000,6225000,None,21490610,USD,3135000,2268000,3131000,3135000,None,0,None,1370000,-5027000,2296000,-835000,94000,44000,None,None,None,1449000,337000,4000,1449000,None,2296000,4.34,3.95
6,2018-12-31,USD,0,5437000,0,0,-5437000,-5383000,3860000,0,-5383000,0,1577000,None,-5437000,0,-54000,None,None,None,0,0,0,0,54000,0,-5383000,-5383000,None,USD,11228000,16000,None,1197000,6212000,5016000,None,622000,11000,-94023000,None,None,307000,942000,6212000,None,None,4408000,635000,10270000,None,5016000,6122000,2009000,None,None,6212000,None,None,11000,None,-94023000,None,None,958000,None,958000,None,None,None,None,None,None,None,94620000,11228000,7064000,None,20757816,USD,4076000,2421000,3968000,4000,None,5000,None,605000,-5383000,245000,-3723000,None,21000,None,12065000,None,-1203000,421000,108000,-1203000,None,245000,3.55,4.34
7,2018-09-30,USD,0,3232000,0,0,-3232000,-3176000,1975000,0,-3176000,0,1257000,None,-3232000,0,-56000,None,None,None,0,0,0,0,56000,0,-3176000,-3176000,None,USD,13769000,0,None,1238000,3791000,9978000,0,130000,11000,-88640000,None,0,584000,697000,3791000,None,None,4408000,564000,12621000,None,9978000,10194000,492000,0,0,3661000,0,0,11000,0,-88640000,0,None,1148000,None,1148000,None,None,None,None,None,None,None,94199000,13769000,10891000,None,20700713,USD,4984000,-4356000,4983000,1000,None,46000,None,-1021000,-3176000,-1565000,-6594000,None,33000,0,46000,0,670000,235000,1000,670000,None,-1565000,3.82,3.55
8,2018-06-30,USD,0,3087000,0,0,-3087000,-3091000,1481000,0,-3091000,0,1606000,None,-3087000,0,4000,None,None,None,0,0,0,0,-4000,0,-3091000,-3091000,None,USD,21020000,0,None,1160000,8147000,12873000,0,1885000,11000,-85464000,None,0,861000,2262000,8147000,None,None,4391000,596000,19563000,None,12873000,15177000,964000,0,0,6262000,0,0,11000,0,-85464000,0,None,1457000,None,1457000,None,None,None,None,None,None,None,93935000,21020000,17439000,None,20669528,USD,-12818000,2568000,-13033000,1000,None,11994000,None,964000,-3091000,-984000,55000,None,31000,0,11994000,0,411000,136000,215000,411000,None,-984000,3.9,3.82
9,2018-03-31,USD,0,2307000,0,0,-2307000,-2298000,977000,0,-2298000,0,1330000,None,-2307000,0,-9000,None,None,None,0,0,0,0,9000,0,-2298000,-2298000,None,USD,9413000,0,None,1143000,5579000,3834000,0,1202000,11000,-82373000,None,0,1136000,3246000,5579000,None,None,None,412000,7865000,None,3834000,2359000,1117000,0,0,4377000,0,0,11000,0,-82373000,0,None,1548000,None,1548000,None,None,None,None,None,None,None,86196000,9413000,5605000,None,19111326,USD,2909000,36000,2864000,-5000,None,25000,None,-378000,-2298000,763000,-2126000,None,25000,0,25000,0,-116000,227000,45000,-116000,None,763000,3.15,3.9
10,2017-12-31,USD,0,-238000,0,0,238000,276000,-1567000,0,276000,0,1329000,None,238000,0,-38000,None,None,None,0,0,0,0,47000,0,276000,276000,None,USD,11423000,13000,None,1195000,5543000,5880000,0,2625000,11000,-80075000,None,0,1408000,2483000,5543000,None,None,None,392000,9623000,None,5880000,5273000,672000,0,0,2918000,0,0,11000,0,-80075000,0,None,1800000,None,1800000,None,None,None,None,None,None,None,85944000,11423000,7756000,None,18976169,USD,2807000,-597000,2745000,-4000,None,209000,None,975000,276000,19000,-2935000,None,28000,0,209000,0,-2792000,200000,62000,-2842000,None,19000,3.92,3.15
11,2017-09-30,USD,0,2392000,0,0,-2392000,-2403000,1168000,0,-2403000,0,1224000,None,-2392000,0,11000,None,None,None,0,0,0,0,0,0,-2403000,-2403000,None,USD,11335000,0,None,86000,6140000,5195000,0,5250000,11000,-80351000,None,0,26000,2464000,6140000,None,None,None,358000,10951000,None,5195000,8083000,318000,0,0,890000,0,0,11000,0,-80351000,0,None,384000,None,384000,None,None,None,None,None,None,None,85535000,11335000,10547000,None,18842726,USD,-7152000,5429000,-7238000,0,None,75000,None,131000,-2403000,-3320000,3843000,None,23000,0,75000,0,0,233000,86000,561000,None,-3320000,4.12,3.92
12,2017-06-30,USD,0,1075000,0,0,-1075000,-1040000,435000,0,-1040000,0,640000,None,-1075000,0,-35000,None,None,None,0,0,0,0,0,0,-1040000,-1040000,None,USD,8001000,0,None,230000,711000,7290000,0,484000,11000,-77948000,None,0,24000,5784000,711000,None,None,None,295000,7682000,None,7290000,933000,735000,0,0,711000,0,0,11000,0,-77948000,0,None,319000,None,319000,None,None,None,None,None,None,None,85227000,8001000,6717000,None,18747327,USD,6812000,-78000,6780000,1000,None,30000,None,57000,-1040000,5180000,-1630000,None,18000,0,30000,0,0,57000,32000,-587000,None,5180000,4.15,4.12
13,2017-03-31,USD,0,1770000,0,0,-1770000,-1785000,941000,0,-1785000,0,829000,None,-1770000,0,15000,None,None,None,0,0,0,0,0,0,-1785000,-1785000,None,USD,9032000,0,None,176000,789000,8243000,0,427000,11000,-76908000,None,0,26000,604000,789000,None,None,None,281000,8725000,None,8243000,7743000,202000,0,0,789000,0,0,11000,0,-76908000,0,None,307000,None,307000,None,None,None,None,None,None,None,85140000,9032000,8347000,None,18699665,USD,1699000,-75000,1699000,0,None,0,None,-92000,-1785000,57000,-1642000,None,16000,0,0,0,0,126000,0,76000,None,57000,4.25,4.15
14,2016-12-31,USD,0,650000,0,0,-650000,-624000,323000,0,-624000,0,327000,None,-650000,0,-26000,None,None,None,0,0,0,0,101000,0,-624000,-624000,None,USD,10766000,16000,None,148000,864000,9902000,0,519000,11000,-75123000,None,0,25000,547000,864000,None,None,None,297000,10444000,None,9902000,9443000,306000,0,0,864000,0,0,11000,0,-75123000,0,None,322000,None,322000,None,None,None,None,None,None,None,85014000,10766000,9990000,None,18687987,USD,795000,-331000,788000,-4000,None,314000,None,-1264000,-624000,-408000,-1196000,None,22000,0,0,0,379000,-1000,7000,-262000,None,-408000,2.54,4.25
15,2016-09-30,USD,0,1638000,0,0,-1638000,-1606000,790000,0,-1606000,0,848000,None,-1638000,0,-32000,None,None,None,0,0,0,0,0,0,-1606000,-1606000,None,USD,11722000,0,None,82000,1195000,10527000,0,843000,11000,-74499000,None,0,25000,955000,1195000,None,None,None,312000,11385000,None,10527000,10238000,110000,0,0,1195000,0,0,11000,0,-74499000,0,None,337000,None,337000,None,None,None,None,None,None,None,85015000,11722000,11193000,None,18687987,USD,297000,-87000,286000,0,None,0,None,None,-1606000,11000,-275000,None,17000,0,0,0,0,261000,11000,1140000,None,11000,2.39,2.54
16,2016-06-30,USD,0,983000,0,0,-983000,-962000,151000,0,-962000,0,832000,None,-983000,0,-21000,None,None,None,0,0,0,0,0,0,-962000,-962000,None,USD,13154000,0,None,67000,1282000,11872000,0,927000,11000,-72893000,None,0,23000,944000,1282000,None,None,None,318000,12813000,None,11872000,10537000,1265000,0,0,1282000,0,0,11000,0,-72893000,0,None,341000,None,341000,None,None,None,None,None,None,None,84754000,13154000,11481000,None,18654040,USD,196000,40000,137000,0,None,0,None,None,-962000,-1269000,-1406000,None,22000,0,0,0,0,262000,59000,-768000,None,-1269000,2.41,2.39
17,2016-03-31,USD,0,1812000,0,0,-1812000,-1790000,986000,0,-1790000,0,826000,None,-1812000,0,-22000,None,None,None,0,0,0,0,0,0,-1790000,-1790000,None,USD,13814000,0,None,80000,1242000,12572000,0,961000,11000,-71931000,None,0,23000,2213000,1242000,None,None,None,281000,13510000,None,12572000,10733000,484000,0,0,1242000,0,0,11000,0,-71931000,0,None,304000,None,304000,None,None,None,None,None,None,None,84492000,13814000,12946000,None,18654040,USD,4792000,-1710000,4766000,0,None,0,None,None,-1790000,1785000,-2981000,None,16000,0,0,0,0,234000,26000,269000,None,1785000,2.67,2.41
18,2015-12-31,USD,0,1397000,0,0,-1366000,-1384000,826000,0,-1384000,0,571000,None,-1366000,0,18000,None,None,None,0,0,0,0,48000,0,-1384000,-1384000,None,USD,17080000,20000,None,74000,2952000,14128000,0,1783000,11000,-70141000,None,0,21000,428000,2952000,None,None,None,271000,16788000,None,14128000,15527000,759000,0,0,2952000,0,0,11000,0,-70141000,0,None,292000,None,292000,None,None,None,None,None,None,None,84258000,17080000,15955000,None,18643288,USD,915000,114000,898000,-1000,None,111000,None,212000,-1384000,-282000,-1291000,None,14000,0,2459000,0,204000,-120000,17000,85000,None,-282000,2.86,2.67
19,2015-09-30,USD,0,2571000,0,0,-2571000,-2603000,1503000,0,-2603000,0,1068000,None,-2571000,0,32000,None,None,None,0,0,0,0,0,0,-2603000,-2603000,None,USD,18359000,0,None,117000,2838000,15521000,0,2503000,13000,-68757000,None,0,0,710000,2838000,None,None,None,268000,18091000,None,15521000,16441000,823000,0,0,2838000,0,0,13000,0,-68757000,0,None,None,None,268000,None,None,None,None,None,None,None,84265000,18359000,17151000,None,18480957,USD,1951000,312000,1939000,0,None,14757000,None,None,-2603000,-591000,-2530000,None,26000,0,0,0,0,287000,12000,-552000,None,-591000,2.29,2.86
