,fiscalDateEnding,reportedCurrency_x,totalRevenue,totalOperatingExpense,costOfRevenue,grossProfit,ebit,netIncome_x,researchAndDevelopment,effectOfAccountingCharges,incomeBeforeTax,minorityInterest,sellingGeneralAdministrative,otherNonOperatingIncome,operatingIncome,otherOperatingExpense,interestExpense,taxProvision,interestIncome,netInterestIncome,extraordinaryItems,nonRecurring,otherItems,incomeTaxExpense,totalOtherIncomeExpense,discontinuedOperations,netIncomeFromContinuingOperations,netIncomeApplicableToCommonShares,preferredStockAndOtherAdjustments,reportedCurrency_y,totalAssets,intangibleAssets,earningAssets,otherCurrentAssets,totalLiabilities,totalShareholderEquity,deferredLongTermLiabilities,otherCurrentLiabilities,commonStock,retainedEarnings,otherLiabilities,goodwill,otherAssets,cash,totalCurrentLiabilities,shortTermDebt,currentLongTermDebt,otherShareholderEquity,propertyPlantEquipment,totalCurrentAssets,longTermInvestments,netTangibleAssets,shortTermInvestments,netReceivables,longTermDebt,inventory,accountsPayable,totalPermanentEquity,additionalPaidInCapital,commonStockTotalEquity,preferredStockTotalEquity,retainedEarningsTotalEquity,treasuryStock,accumulatedAmortization,otherNonCurrrentAssets,deferredLongTermAssetCharges,totalNonCurrentAssets,capitalLeaseObligations,totalLongTermDebt,otherNonCurrentLiabilities,totalNonCurrentLiabilities,negativeGoodwill,warrants,preferredStockRedeemable,capitalSurplus,liabilitiesAndShareholderEquity,cashAndShortTermInvestments,accumulatedDepreciation,commonStockSharesOutstanding,reportedCurrency,investments,changeInLiabilities,cashflowFromInvestment,otherCashflowFromInvestment,netBorrowings,cashflowFromFinancing,otherCashflowFromFinancing,changeInOperatingActivities,netIncome_y,changeInCash,operatingCashflow,otherOperatingCashflow,depreciation,dividendPayout,stockSaleAndPurchase,changeInInventory,changeInAccountReceivables,changeInNetIncome,capitalExpenditures,changeInReceivables,changeInExchangeRate,changeInCashAndCashEquivalents,clossingVal,nextClossingVal
0,2020-06-30,ILS,2155000000.0,1642000000.0,None,None,965000000.0,40000000.0,None,None,319000000.0,428000000.0,1201000000.0,None,513000000.0,-19000000.0,186000000.0,82000000,None,-186000000,None,None,None,82000000.0,-8000000,None,237000000.0,40000000.0,None,ILS,15931000000.0,3256000000.0,None,None,15591000000.0,-88000000.0,554000000,None,-88000000,None,810000000.0,None,1045000000.0,749000000.0,3370000000.0,None,955000000,None,7285000000.0,4345000000,None,-3344000000,1434000000.0,1701000000,10394000000.0,110000000.0,1356000000.0,None,None,None,None,None,None,None,None,None,11586000000,1416000000,None,175000000,12221000000,None,None,None,None,None,None,None,None,ILS,None,None,None,None,None,None,None,None,40000000.0,None,None,None,None,None,None,None,None,None,0.0,None,None,None,1.99,
1,2020-03-31,ILS,2187000000.0,1718000000.0,None,None,916000000.0,60000000.0,None,None,409000000.0,237000000.0,1274000000.0,None,469000000.0,-3000000.0,60000000.0,102000000,-60000000,-60000000,None,None,None,102000000.0,None,None,307000000.0,60000000.0,None,ILS,16157000000.0,3244000000.0,None,45000000,16045000000.0,-125000000.0,603000000,None,-125000000,None,769000000.0,None,1119000000.0,1033000000.0,3823000000.0,None,1002000000,-125000000,7339000000.0,4455000000,None,-3369000000,1265000000.0,1680000000,10404000000.0,112000000.0,1636000000.0,None,None,None,None,None,None,None,11702000000,None,11702000000,1464000000,11453000000,164000000,12222000000,None,None,None,None,None,2298000000,None,113000000,ILS,None,0,None,None,None,None,None,None,60000000.0,None,None,None,None,None,None,None,None,None,0.0,None,None,None,0.91,1.99
2,2019-12-31,ILS,2202000000.0,2507000000.0,574.02,2064.80,751000000.0,118000000.0,0,0,285000000.0,-15000000.0,714000000.0,0,-305000000.0,371000000.0,-58000000.0,142000000,44000000,1000000,0,0,0,142000000.0,589000000,0,143000000.0,118000000.0,0,ILS,15587000000.0,1691000000.0,None,82000000,15789000000.0,-187000000.0,156000000,55000000,12000000,-1656000000,781000000.0,1548000000,896000000.0,814000000.0,3627000000.0,0,1007000000,-38000000,7214000000.0,4232000000,0,-3426000000,1241000000.0,1543000000,10412000000.0,93000000.0,757000000.0,0,0,0,0,0,0,0,11355000000,0,11355000000,1385000000,11381000000,139000000,12162000000,0,0,0,0,0,2055000000,0,43000000,ILS,0,0,0,0,0,0,0,0,118000000.0,0,0,0,0,0,0,0,0,0,0.0,0,0,0,1.79,0.91
3,2019-09-30,ILS,2247000000.0,1829000000.0,527.70,1973.87,936000000.0,6000000.0,0,0,179000000.0,-43000000.0,1271000000.0,0,418000000.0,-6000000.0,238000000.0,53000000,-239000000,-238000000,0,0,0,53000000.0,-1000000,0,126000000.0,6000000.0,0,ILS,16709000000.0,3282000000.0,None,0,17387000000.0,-635000000.0,503000000,183.69,-635000000,0,867000000.0,0,963000000.0,1250000000.0,6139000000.0,0,3588000000,-635000000,7212000000.0,5252000000,0,-3917000000,1843000000.0,1746000000,9393000000.0,94000000.0,1594000000.0,0,0,0,0,0,0,0,11457000000,0,11457000000,1415000000,10381000000,178000000,11248000000,0,0,0,0,0,3093000000,0,40000000,ILS,0,0,0,0,0,0,0,0,6000000.0,0,0,0,0,0,0,0,0,0,0.0,0,0,0,1.2301,1.79
4,2019-06-30,ILS,2223000000.0,1414000000.0,393.06,1393.80,-21000000.0,-1021000000.0,0,0,-698000000.0,-135000000.0,1307000000.0,0,809000000.0,-409000000.0,161000000.0,1180000000,-162000000,-161000000,0,0,0,1180000000.0,-1346000000,0,-1878000000.0,-1021000000.0,0,ILS,17400000000.0,3315000000.0,None,0,18166000000.0,-631000000.0,503000000,140.67,-631000000,0,811000000.0,0,1050000000.0,1441000000.0,6624000000.0,0,4083000000,-631000000,7280000000.0,5755000000,0,-3946000000,2181000000.0,1744000000,9709000000.0,100000000.0,1489000000.0,0,0,0,0,0,0,0,11645000000,0,11645000000,1456000000,10731000000,163000000,11542000000,0,0,0,0,0,3622000000,0,37000000,ILS,0,0,0,0,0,0,0,0,-1021000000.0,0,0,0,0,0,0,0,0,0,0.0,0,0,0,1.7416,1.2301
5,2019-03-31,ILS,2257000000.0,1814000000.0,495000000,1762000000,948000000.0,44000000.0,0,0,326000000.0,730000000.0,1309000000.0,0,443000000.0,-409000000.0,117000000.0,97000000,-117000000,-117000000,0,0,0,97000000.0,-82.88,0,229000000.0,44000000.0,0,ILS,19734000000.0,4272000000.0,None,0,19342000000.0,392000000.0,505000000,114.75,392000000,0,975000000.0,0,1698000000.0,1666000000.0,6958000000.0,0,3993000000,392000000,7727000000.0,5462000000,0,-3880000000,1653000000.0,1760000000,9618000000.0,102000000.0,1881000000.0,0,0,0,0,0,0,0,1444000000,0,14272000000,1483000000,10679000000,168000000,11654000000,0,0,0,0,0,3319000000,0,35000000,ILS,0,0,0,0,0,0,0,0,44000000.0,0,0,0,0,0,0,0,0,0,0.0,0,0,0,2.05,1.7416
6,2018-12-31,ILS,11920237.41,8071527.91,2541890.69,9378346.71,3848709.5,-3961454.65,0,0,-11827991.37,2746881.88,4550804.31,0,3848709.5,-2336899.51,-543226.64,-272000000,None,None,0,0,0,-1393940.06,-15676700.87,0,-10434051.32,-3961454.65,0,ILS,99292605.24,10295682.27,None,0,95377273.6,1168449.76,1383690.50,3090242.11,15374.34,-4069075.02,4919788.44,11674247.99,11479506.36,5657756.71,35401977.65,0,20483744.16,-194741.63,40060402.33,25741768.06,40998.24,-20801480.50,7092695.0,10290557.49,49387501.25,497103.62,4525180.41,0,0,0,0,0,0,0,0,0,0,0,205769959.33,0,0,0,0,0,0,0,55239743.34,0,30000000,USD,0,0,0,0,0,0,0,0,-206822742.47,0,0,0,0,0,0,0,0,0,0.0,0,0,0,5.9312,2.05
7,2018-09-30,USD,632629495.22,527053777.63,135818761.68,496810733.53,105575717.58,8523039.7,0,0,69833938.19,491037061.48,224623336.63,0,105575717.58,4398988.23,-35466842.63,None,None,None,0,0,0,20620257.34,-35741779.39,0,49213680.85,8523039.7,0,USD,6029638183.22,1574562850.54,None,0,5264764104.26,273837017.49,156439019.03,97877488.18,273837017.49,0,265039041.02,0,597437589.35,428626415.92,1314747608.05,0,556197074.67,0,2297921478.06,1559716265.26,0,-1300725833.06,528703398.22,578741889.37,3403442208.29,23644561.75,448146926.21,0,0,0,0,0,0,0,0,0,0,0,0,0,0,0,0,0,0,0,0,0,28000000,USD,0,0,0,0,0,0,0,0,8523039.7,0,0,0,0,0,0,0,0,0,0.0,0,0,0,9.5,5.9312
8,2018-06-30,USD,636892249.73,0.0,137588381.43,499303868.31,-3821899.48,-85992738.39,0,0,-38764980.48,511588545.22,230678933.14,0,-3821899.48,113838006.06,-34670088.18,None,None,None,0,0,0,15014605.12,-34943081,0,-53779585.6,-85992738.39,0,USD,5946875597.17,1588818214.08,None,0,5171575987.55,263711064.4,159700799.87,32213152.79,263711064.40,0,261254129.02,0,599765226.17,299746116.68,1233927547.71,0,551991482.62,0,2285768884.28,1472523272.64,0,-1325107149.68,563730173.9,582839671.32,3394119734.65,26207310.75,435150555.54,0,0,0,0,0,0,0,0,0,0,0,0,0,0,0,0,0,0,0,0,0,30000000,USD,0,0,0,0,0,0,0,0,-85992738.39,0,0,0,0,0,0,0,0,0,0.0,0,0,0,9.3699,9.5
9,2018-03-31,USD,669445389.59,538448451.85,144607009.19,524838380.40,130996937.73,73721220.37,0,0,100090733.81,531359872.97,238459793.58,None,130996937.73,6521492.57,-36009980.72,None,None,None,0,0,0,26369513.44,-30906203.92,0,73721220.37,73721220.37,None,USD,5365203583.99,901383690.6,None,317.19,4677611432.46,687592151.53,155098105.93,41397300.67,1099580356.13,-613303844.85,185720766.7,0,578428036.75,517749801.52,1216116592.95,577577407.28,577577407.28,92435068.62,2324770330.04,1560621526.60,0,-213791539.07,394124985.82,611886129.07,3275774072.81,36860610.18,516048542.59,0,0,0,0,0,0,None,None,None,None,None,None,None,None,None,None,None,None,None,None,None,30000000,USD,-310479755.02,11908812.52,-411421118.29,1134172.62,55007372.12,53022570.04,-1984802.09,4536690.48,73721220.37,-100657820.12,257740728.14,None,148860156.52,0,0,-1417715.78,20982193.49,-850629.47,77407281.39,None,None,None,12.9,9.3699
10,2017-12-31,USD,746029000.0,6098000000.0,472119000,5854000000,1286000000.0,-10872000.0,0,0,963614000.0,191084000.0,2962000000.0,None,28376000.0,29000000.0,-330000000.0,None,None,None,0,0,0,364000.0,-497000000,0,545000000.0,-10872000.0,None,USD,5948366000.0,1813994000.0,None,19022000,5058950000.0,359110000.0,314000000,297145000,865000,53608000,157363000.0,846473000,2410589000.0,687669000.0,1184831000.0,1858000000,1858000000,-45000000,2000177000.0,5335000000,62000000,-5048000000,171773000.0,2162000000,3584468000.0,36026000.0,306079000.0,None,None,None,None,None,None,None,None,None,None,None,None,None,None,None,None,None,None,None,None,None,29000000,USD,301000000,16000000,-1128000000,3000000,822000000,-735000000,-1557000000,-52000000,78000000.0,1624000000,1004989000,None,1899000000,-273000000,None,-35000000,55913000,1169000000,325966000.0,None,None,None,18.4,12.9
11,2017-09-30,USD,667808000.0,3979000000.0,403295000,3822000000,869000000.0,88872000.0,0,0,124386000.0,4539000000.0,1891000000.0,None,143834000.0,-9000000.0,-248000000.0,None,None,None,0,0,0,35514000.0,-250000000,0,423000000.0,88872000.0,None,USD,4852557000.0,948601000.0,None,28591000,4307062000.0,545495000.0,557000000,298083000,1097784000,None,169848000.0,None,1521272000.0,699490000.0,1000122000.0,780000000,780000000,None,1929756000.0,5313000000,None,-5271000000,26610000.0,2285000000,3107652000.0,12172000.0,511527000.0,None,None,None,None,None,None,None,None,None,None,None,None,None,None,None,None,None,None,None,None,None,31000000,USD,-1095000000,0,-1451000000,4000000,194000000,187000000,-7000000,16000000,88872000.0,-355000000,759504000,None,525000000,-163620000,None,-5000000,34253000,-3000000,236372000.0,None,None,None,14.51,18.4
12,2017-06-30,USD,729736000.0,-3980000000.0,434662000,-3878000000,-916000000.0,106002000.0,0,0,138913000.0,-4900000000.0,-1908000000.0,None,169394000.0,5000000.0,264000000.0,None,None,None,0,0,0,32911000.0,268000000,0,-466000000.0,106002000.0,None,USD,4757733000.0,973134000.0,None,16033000,4092086000.0,665647000.0,448000000,113662000,1110271000,None,159755000.0,None,1539721000.0,530800000.0,880373000.0,13953000000,13953000000,None,1966308000.0,4746000000,12000000,-5518000000,5440000.0,2396000000,3023614000.0,30062000.0,460370000.0,None,None,None,None,None,None,None,None,None,None,None,None,None,None,None,None,None,None,None,None,None,30000000,USD,-1095000000,0,-1451000000,4000000,194000000,187000000,-7000000,16000000,106002000.0,-355000000,486997000,None,525000000,-165481000,None,-5000000,4581000,-3000000,166054000.0,None,None,None,17.2,14.51
13,2017-03-31,USD,677715000.0,1992000000.0,404197000,1949000000,461000000.0,96698000.0,0,0,127918000.0,2335000000.0,961000000.0,None,155270000.0,-1000000.0,-131000000.0,None,None,None,0,0,0,31220000.0,-133000000,0,239000000.0,96698000.0,None,USD,4457502000.0,945983000.0,None,None,3750501000.0,707001000.0,460000000,109132000,1071414000,None,153887000.0,None,1507384000.0,218814000.0,1051522000.0,13138000000,13138000000,None,1902464000.0,4091000000,14000000,-5635000000,159690000.0,2310000000,2516635000.0,31496000.0,471057000.0,None,None,None,None,None,None,None,None,None,None,None,None,None,None,None,None,None,None,None,None,None,31000000,USD,None,0,None,None,None,None,None,None,96698000.0,None,228207000,None,None,None,None,None,None,None,76530000.0,None,None,None,20.0,17.2
14,2016-12-31,USD,601086000.0,8134000000.0,369707000,8034000000,1903000000.0,2627000.0,0,0,55720000.0,18414000.0,4021000000.0,None,101927000.0,11000000.0,-513000000.0,None,None,None,0,0,0,34679000.0,-931000000,0,488000000.0,2627000.0,None,USD,5238909000.0,1811578000.0,None,48111000,4380451000.0,304270000.0,337000000,303491000,780000,28607000,142773000.0,797345000,2361866000.0,198166000.0,1106815000.0,2051000000,2051000000,-46000000,1839144000.0,3991000000,70000000,-5796000000,225472000.0,2071000000,2976647000.0,27566000.0,234054000.0,None,None,None,None,None,None,None,None,None,None,None,None,None,None,None,None,None,None,None,None,None,30000000,USD,621000000,-24000000,-948000000,-291000000,-687000000,-2333000000,-1291000000,-61000000,2627000.0,181000000,900328000,None,1932000000,-92321000,254000000,-20000000,28606000,1532000000,310251000.0,None,None,None,20.18,20.0
15,2016-09-30,USD,708077000.0,2250000000.0,421576000,2093000000,404000000.0,110149000.0,0,0,138964000.0,0.0,0.0,None,161841000.0,0.0,-673000000.0,None,None,None,0,0,0,28815000.0,0,0,0.0,110149000.0,None,USD,5568870000.0,1913091000.0,None,None,4710459000.0,311737000.0,463000000,230136000,1169000000,156000000,144269000.0,3066000000,2506965000.0,252803000.0,1346150000.0,13790000000,13790000000,None,1877890000.0,4440000000,20000000,None,312004000.0,2226000000,3048038000.0,25600000.0,427205000.0,None,None,None,None,None,None,None,None,None,None,None,None,None,None,None,None,None,None,None,None,None,30000000,USD,None,None,None,None,None,None,None,None,110149000.0,None,None,None,None,None,None,None,None,None,0.0,None,None,None,23.46,20.18
16,2016-06-30,USD,638295000.0,-4246000000.0,372741000,-4118000000,-920000000.0,96289000.0,0,0,129872000.0,0.0,0.0,None,153709000.0,0.0,553000000.0,None,None,None,0,0,0,33583000.0,0,0,0.0,96289000.0,None,USD,5909251000.0,1894545000.0,None,658000000,4941515000.0,369377000.0,636000000,173032000,777000,94805000,139099000.0,3066000000,2516994000.0,351504000.0,1335818000.0,14900000000,14900000000,None,1844294000.0,5976000000,21000000,None,580745000.0,2268000000,3293825000.0,28234000.0,416261000.0,None,None,None,None,None,None,None,None,None,None,None,None,None,None,None,None,None,None,None,None,None,29000000,USD,None,None,-467000000,None,None,56728000,-206000000,-11000000,96289000.0,129000000,453043000,None,537000000,-91956000,None,1295000,16319000,None,158267000.0,None,None,None,23.86,23.46
17,2016-03-31,USD,674987000.0,2085000000.0,403831000,2045000000,474000000.0,75966000.0,0,0,124236000.0,0.0,0.0,None,152723000.0,0.0,-238000000.0,None,None,None,0,0,0,48270000.0,0,0,0.0,75966000.0,None,USD,6002086000.0,1962976000.0,None,715000000,4843081000.0,458960000.0,568000000,177781000,791000,179364000,144018000.0,None,2584682000.0,323910000.0,1463132000.0,13853000000,13853000000,None,1891495000.0,5785000000,23000000,None,547322000.0,2359000000,3060524000.0,32444000.0,504328000.0,None,None,None,None,None,None,None,None,None,None,None,None,None,None,None,None,None,None,None,None,None,30000000,USD,None,None,-725000000,None,None,125818000,228688000,-14000000,75966000.0,647000000,236074000,None,546000000,None,None,-9000000,-35000000,None,77548000.0,None,None,None,29.23,23.86
18,2015-12-31,USD,684781000.0,8003000000.0,415712000,8011000000,1982000000.0,26661000.0,0,0,78314000.0,53413000.0,3876000000.0,None,126273000.0,22000000.0,-634000000.0,None,None,None,0,0,0,331793000.0,-488000000,0,1136000000.0,26661000.0,None,USD,5675842000.0,1943262000.0,None,60037000,4805813000.0,268116000.0,358000000,382802000,770000,32000000,131620000.0,786644000,2615732000.0,149067000.0,1333907000.0,2089000000,2089000000,-47000000,1846534000.0,4714000000,310000000,-6529000000,416413000.0,2193000000,3153245000.0,29506000.0,234248000.0,None,None,None,None,None,None,None,None,None,None,None,None,None,None,None,None,None,None,None,None,None,30000000,USD,1574000000,-271000000,79537000,-79000000,-1287000000,-4094000000,-2680000000,119000000,26661000.0,-132000000,936994000,None,2131000000,-32584000,254000000,-20000000,82872000,1160000000,339698000.0,None,None,None,24.6601,29.23
19,2015-09-30,USD,619286000.0,0.0,359411000,0,0.0,9051000.0,0,0,86989000.0,51731000.0,0.0,None,122116000.0,0.0,0.0,None,None,None,0,0,0,26207000.0,0,0,0.0,9051000.0,None,USD,5856336000.0,2019777000.0,None,5851000,5066741000.0,248529000.0,None,523260000,None,None,137620000.0,None,2579667000.0,263792000.0,1511272000.0,None,None,None,1857483000.0,None,None,None,510541000.0,None,3224266000.0,22894000.0,241407000.0,None,None,None,None,None,None,None,None,None,None,None,None,None,None,None,None,None,None,None,None,None,32000000,USD,None,None,76314000,None,None,None,None,None,9051000.0,None,708703000,None,None,-22640000,None,1526000,49858000,None,264047000.0,None,None,None,19.05,24.6601
