,fiscalDateEnding,reportedCurrency_x,totalRevenue,totalOperatingExpense,costOfRevenue,grossProfit,ebit,netIncome_x,researchAndDevelopment,effectOfAccountingCharges,incomeBeforeTax,minorityInterest,sellingGeneralAdministrative,otherNonOperatingIncome,operatingIncome,otherOperatingExpense,interestExpense,taxProvision,interestIncome,netInterestIncome,extraordinaryItems,nonRecurring,otherItems,incomeTaxExpense,totalOtherIncomeExpense,discontinuedOperations,netIncomeFromContinuingOperations,netIncomeApplicableToCommonShares,preferredStockAndOtherAdjustments,reportedCurrency_y,totalAssets,intangibleAssets,earningAssets,otherCurrentAssets,totalLiabilities,totalShareholderEquity,deferredLongTermLiabilities,otherCurrentLiabilities,commonStock,retainedEarnings,otherLiabilities,goodwill,otherAssets,cash,totalCurrentLiabilities,shortTermDebt,currentLongTermDebt,otherShareholderEquity,propertyPlantEquipment,totalCurrentAssets,longTermInvestments,netTangibleAssets,shortTermInvestments,netReceivables,longTermDebt,inventory,accountsPayable,totalPermanentEquity,additionalPaidInCapital,commonStockTotalEquity,preferredStockTotalEquity,retainedEarningsTotalEquity,treasuryStock,accumulatedAmortization,otherNonCurrrentAssets,deferredLongTermAssetCharges,totalNonCurrentAssets,capitalLeaseObligations,totalLongTermDebt,otherNonCurrentLiabilities,totalNonCurrentLiabilities,negativeGoodwill,warrants,preferredStockRedeemable,capitalSurplus,liabilitiesAndShareholderEquity,cashAndShortTermInvestments,accumulatedDepreciation,commonStockSharesOutstanding,reportedCurrency,investments,changeInLiabilities,cashflowFromInvestment,otherCashflowFromInvestment,netBorrowings,cashflowFromFinancing,otherCashflowFromFinancing,changeInOperatingActivities,netIncome_y,changeInCash,operatingCashflow,otherOperatingCashflow,depreciation,dividendPayout,stockSaleAndPurchase,changeInInventory,changeInAccountReceivables,changeInNetIncome,capitalExpenditures,changeInReceivables,changeInExchangeRate,changeInCashAndCashEquivalents,clossingVal,nextClossingVal
0,2020-06-30,USD,161122000,78806000,86922000,74200000,-9894000,49645000,7377000,None,-9894000,None,60257000,-5288000,-4606000,11172000,4910000,-59539000,11000,-5230000,None,None,None,-59539000,-2882000,None,49645000,49645000,None,USD,882480000,275790000,None,10237000,501619000,380861000,None,53987000,5000,-1180640000,13494000,391084000,5362000,91347000,70157000,2481000,1230000,-28399000,43793000,138798000,None,-286013000,None,37214000,381561000,None,13689000,None,None,5000,None,-1180640000,None,None,33015000,None,743682000,37658000,381561000,49901000,431462000,None,None,None,1589895000,882480000,91347000,None,48034000,USD,-11357000,-39188000,-11357000,None,-55312000,-54174000,-88000,-22603000,49645000,-78021000,-12490000,2445000,9486000,None,1226000,None,9250000,-44558000,11357000,9680000,None,-78021000,11.42,
1,2020-03-31,USD,263320000,398804000,106355000,156965000,-247974000,-315494000,8515000,None,-247974000,None,104438000,-6135000,-241839000,15226000,5384000,67520000,14000,-5683000,None,270625000,None,67520000,-276759000,None,-315494000,-315494000,None,USD,970932000,282462000,None,13387000,644757000,326175000,47502000,82125000,5000,-1230285000,61101000,391084000,4397000,169368000,170626000,58416000,56229000,-28399000,31807000,231958000,None,-347371000,None,49203000,381521000,None,30085000,None,None,5000,None,-1230285000,-28399000,None,33621000,None,738974000,33696000,381521000,45108000,474131000,None,None,None,1584854000,970932000,169368000,None,47842000,USD,-7715000,41020000,-7715000,None,44687000,43769000,-918000,21085000,-315494000,82918000,46864000,-5147000,10549000,None,None,None,-9066000,328241000,7715000,-12305000,None,82918000,12.05,11.42
2,2019-12-31,USD,149421000,175444000,102908000,149421000,-31256000,17328000,8608000,None,-31256000,None,145320000,-5233000,-26023000,21516000,5041000,-48584000,108000,-4085000,None,None,None,-48584000,-9172000,None,17328000,17328000,None,USD,1137572000,290211000,None,12349000,494057000,643515000,None,68063000,5000,-914791000,13124000,662375000,16986000,86450000,93532000,14500000,11228000,-28671000,18706000,139143000,None,-309071000,None,40344000,381485000,None,10969000,None,None,5000,None,-914791000,-28399000,None,27137000,None,998429000,9188000,381485000,19040000,400525000,None,None,None,1586972000,1137572000,86450000,None,47753000,USD,-3613000,-1175000,-3613000,1000,9687000,-5244000,-144000,-2819000,17328000,-12300000,-3443000,2884000,11321000,None,-14787000,None,519000,-38844000,3614000,5043000,None,-12300000,26.14,12.05
3,2019-09-30,USD,149016000,221127000,103663000,149016000,-74717000,-62386000,8635000,None,-74717000,None,143281000,-2606000,-72111000,18311000,5535000,-12331000,52000,-5784000,None,50900000,None,-12331000,-54481000,None,-62386000,-62386000,None,USD,1154628000,301533000,None,9058000,519782000,634846000,35225000,65588000,5000,-932505000,49012000,663005000,9902000,98750000,83117000,5390000,1227000,-12990000,17230000,152759000,None,-329692000,None,44951000,381598000,None,12139000,None,None,5000,None,-932505000,-12718000,None,20101000,None,1001869000,10218000,381598000,19842000,436665000,None,None,None,1580336000,1154628000,98750000,None,48334000,USD,1418000,16089000,1418000,5367000,-10000,-11835000,-348000,16395000,-62386000,-10982000,-565000,4518000,12260000,None,-11477000,None,3569000,24742000,3949000,4212000,None,-10982000,21.64,26.14
4,2019-06-30,USD,193740000,165710000,99795000,193740000,22912000,31036000,7159000,None,22912000,None,138884000,-5118000,28030000,19667000,4855000,-8124000,149000,-5081000,None,None,None,-8124000,-9220000,None,31036000,31036000,None,USD,1235638000,355596000,None,10595000,530406000,705232000,44840000,66397000,5000,-870119000,59487000,674130000,10820000,109752000,82429000,8087000,919000,-208000,15090000,168664000,None,-324494000,None,48317000,381579000,None,7945000,None,None,5000,None,-870119000,None,None,22158000,None,1066974000,14079000,381579000,21558000,447977000,None,None,None,1575554000,1235638000,109752000,None,48779000,USD,-166156000,-25218000,-166156000,-164461000,121499000,98000000,-2735000,-2099000,31036000,-41580000,26576000,-10344000,11635000,None,-20764000,None,5178000,9760000,1695000,-12315000,None,-41580000,30.37,21.64
5,2019-03-31,USD,225768000,155655000,65575000,225768000,66155000,62170000,6529000,None,66155000,2517000,140021000,-3958000,70113000,9105000,3814000,3985000,-3808000,-3846000,None,None,None,3985000,-112000,None,62170000,62170000,None,USD,1072717000,286562000,None,10840000,401663000,668537000,39422000,68754000,5000,-901155000,53498000,548770000,11047000,151289000,85477000,6493000,6446000,-339000,12322000,208074000,None,-164278000,None,45945000,260570000,None,10230000,None,None,5000,None,-901155000,None,None,16989000,None,864643000,8611000,260570000,16194000,316186000,None,2517000,None,1570026000,1072717000,151289000,None,48255000,USD,-1243000,13378000,-1243000,None,121499000,-3085000,-3368000,2614000,62170000,65908000,70236000,-2418000,9220000,None,283000,None,-8395000,1471000,1243000,8437000,None,65908000,33.38,30.37
6,2018-12-31,USD,101258000,114446000,67912000,101258000,-17135000,-15675000,5107000,0,-17135000,-1589000,232907000,-3947000,-13188000,-123565000,-4050000,None,None,None,0,-3000,0,-1741000,-3944000,0,-15394000,-15675000,None,USD,997725000,294603000,None,92279000,365185000,607595000,40394000,44482000,5000,-961689000,56515000,548685000,10980000,842000,48280000,None,None,-446000,12389000,131068000,None,-210748000,None,37947000,260390000,None,3798000,None,None,5000,None,-961689000,None,None,10980000,None,866657000,None,260390000,16121000,316905000,None,24945000,None,1569725000,997725000,842000,None,48044000,USD,None,4802000,-2293000,None,121499000,-852000,-2379000,-457000,-15700000,-3180000,-35000,68124000,8430000,None,1527000,None,-8922000,1800000,2293000,-15922000,-56000,-3236000,26.64,33.38
7,2018-09-30,USD,95385000,106077000,63683000,95385000,-14555000,-13964000,4246000,0,-14555000,227000,92762000,-3863000,-10692000,9069000,-3954000,None,None,None,0,0,0,-818000,-3863000,0,-13737000,-13964000,None,USD,995710000,302715000,None,5571000,349801000,623685000,42356000,37656000,5000,-945708000,49779000,548915000,15363000,88591000,39814000,None,None,-151000,11111000,117606000,None,-205721000,317000,23444000,260208000,None,2158000,None,None,5000,None,-945708000,None,None,15363000,None,878104000,None,260208000,7423000,309987000,None,22224000,None,1569539000,995710000,88591000,None,47816000,USD,None,3777000,-2738000,None,121499000,502000,-1754000,-792000,-13431000,-3210000,-974000,-3555000,9411000,None,2256000,None,540000,2277000,2738000,547000,None,-3210000,40.25,26.64
8,2018-06-30,USD,157848000,119025000,64911000,157848000,36064000,34935000,4848000,0,36064000,222000,39416000,-2759000,38823000,74759000,-4171000,None,None,None,0,2000,0,907000,-2761000,0,35157000,34935000,None,USD,1006099000,310983000,None,6754000,350525000,637114000,43153000,36000000,5000,-932050000,50024000,548838000,15806000,90957000,40472000,260029000,260029000,-253000,9308000,121164000,None,-204247000,1392000,23453000,260029000,None,4472000,None,None,5000,None,-932050000,None,None,15806000,None,884935000,None,260029000,6871000,310053000,None,18460000,None,1569412000,1006099000,90957000,None,47493000,USD,None,-8713000,-1662000,None,-40000000,-34885000,-2738000,-2405000,35157000,12560000,49107000,990000,10304000,None,7853000,None,6057000,4758000,1662000,6611000,None,12560000,37.0,40.25
9,2018-03-31,USD,205965000,153231000,67420000,205965000,47506000,45338000,5131000,0,47506000,205000,70119000,-5228000,52734000,77692000,-4431000,None,None,None,0,289000,0,1963000,-5517000,0,45543000,45338000,None,USD,1010072000,319841000,None,7534000,398693000,593141000,43184000,41898000,5000,-966985000,50014000,548916000,16282000,78421000,49601000,299078000,299078000,-141000,8769000,116264000,None,-257378000,1589000,30309000,299078000,0,7703000,0,0,5000,0,-966985000,0,None,16282000,None,893808000,None,299078000,6830000,349092000,None,18238000,None,1560262000,1010072000,78421000,None,46828000,USD,None,-367000,-940000,0,-40000000,-39569000,-2806000,1198000,45543000,16941000,57450000,-1946000,10608000,0,3237000,0,-1961000,2985000,940000,627000,None,16941000,24.6,37.0
10,2017-12-31,USD,97849000,112370000,65749000,97849000,-44123000,10048000,5573000,0,-19923000,2123000,31087000,-29602000,-14521000,75335000,4717000,None,None,None,0,375000,0,-29527000,-47652000,0,11919000,10048000,None,USD,1001671000,328205000,None,67330000,442251000,541387000,44237000,47343000,5000,-1014174000,8981000,549037000,892443000,1371000,51756000,338081000,338081000,-4000,9831000,99397000,None,-317822000,1371000,30696000,338081000,0,4413000,0,0,5000,0,-1014174000,0,None,15201000,None,902274000,None,338081000,8177000,390495000,None,18033000,None,1555560000,1001671000,1371000,None,46366000,USD,7092000,4318000,-1230000,1028000,-9576000,-9913000,-2381000,-11399000,11919000,-17527000,-6384000,-31900000,9838000,0,2044000,0,-483000,-11686000,1230000,-6330000,78000,-16421000,22.1,24.6
11,2017-09-30,USD,90171000,101497000,60765000,90171000,-16567000,-16897000,5051000,0,-16567000,164000,25887000,-5241000,-11326000,70453000,5011000,None,None,None,0,106000,0,166000,0,0,-16733000,-16897000,None,USD,1005669000,336872000,None,4777000,461082000,528425000,60149000,42450000,5000,-1024222000,9561000,549064000,888493000,78871000,48171000,2560000,2560000,33000,9552000,107624000,None,-341349000,738000,23976000,344232000,0,3161000,0,0,5000,0,-1024222000,0,None,2557000,None,898045000,None,344232000,8530000,412911000,None,16162000,None,1552609000,1005669000,78871000,None,46077000,USD,None,-762000,-1898000,1028000,-10000000,3521000,-1477000,-1071000,-16733000,-283000,-1906000,-14825000,9918000,0,14998000,0,5355000,3620000,1898000,143000,None,-283000,25.3,22.1
12,2017-06-30,USD,139162000,109167000,59188000,139162000,29995000,3304000,4242000,0,5795000,176000,36011000,None,29995000,68583000,6611000,None,None,None,0,331000,0,2315000,0,0,3480000,3304000,None,USD,1015166000,345521000,None,7041000,470821000,528347000,59664000,42380000,4000,-1007325000,9387000,548890000,897088000,79111000,48681000,2560000,356408000,-190000,8677000,109401000,None,-350066000,1224000,23249000,353848000,0,3741000,0,0,4000,0,-1007325000,0,None,2677000,None,905765000,None,353848000,8628000,422140000,None,15998000,None,1535858000,1015166000,79111000,None,44681000,USD,160000,-10884000,-586000,1028000,-42615000,-25911000,-3058000,-4242000,3480000,1739000,28236000,3226000,10477000,0,19762000,0,6081000,20876000,746000,4541000,None,1739000,21.2,25.3
13,2017-03-31,USD,182375000,138486000,59498000,182375000,34181000,30584000,4748000,0,34181000,-126000,62481000,-9708000,43889000,68968000,7908000,None,None,None,0,2289000,0,3471000,0,0,30710000,30584000,None,USD,1027183000,353847000,None,6800000,505901000,505460000,60247000,49711000,4000,-1010628000,9691000,548778000,905522000,76481000,59494000,2560000,18949000,-337000,8990000,112671000,None,-381343000,160000,29230000,377614000,0,7223000,0,0,4000,0,-1010628000,0,None,2897000,None,914512000,None,377614000,8546000,446407000,None,15822000,None,1516421000,1027183000,76641000,None,42635000,USD,6932000,5364000,5767000,0,-38000000,-36259000,-3155000,-357000,30710000,22408000,52900000,30897000,10952000,0,4896000,0,1701000,4728000,1165000,959000,None,22408000,17.3,21.2
14,2016-12-31,USD,86801000,100976000,57418000,86801000,-24073000,-19261000,4938000,0,-24073000,1084000,25142000,-9898000,-14175000,67026000,8519000,None,None,None,0,3870000,0,-10184000,-44042000,-63121000,-13889000,-19261000,None,USD,1022659000,362178000,None,6321000,589944000,417019000,112975000,47271000,4000,-1092756000,12054000,548741000,913976000,54068000,54367000,2560000,2560000,-381000,10836000,97847000,None,-478204000,7101000,30357000,412397000,0,4536000,0,0,4000,0,-1092756000,0,None,3057000,None,924812000,None,412397000,10205000,535577000,None,15696000,None,1510152000,1022659000,61169000,None,41845000,USD,-2621000,2492000,-3785000,40378000,-38200000,-42842000,-23240000,46713000,-19029000,-45507000,1120000,-4724000,11109000,0,1075000,0,20719000,7878000,1164000,86000,-11000,-19452000,14.75,17.3
15,2016-09-30,USD,83237000,93745000,56071000,83237000,-21961000,-54119000,4588000,0,-21961000,-167000,23603000,-11453000,-10508000,65554000,9336000,None,None,None,0,-7740000,0,-8537000,0,19397000,-13424000,-54119000,None,USD,1114288000,370640000,None,74491000,647319000,451505000,106715000,73506000,4000,-1073495000,13712000,549582000,923602000,71795000,82546000,3200000,18582000,-271000,10711000,179975000,None,-453253000,4492000,29197000,446825000,0,5840000,0,0,4000,0,-1073495000,0,None,3380000,None,934313000,None,446825000,11233000,564773000,None,15464000,None,1525267000,1114288000,76287000,None,41711000,USD,3320000,-1177000,2200000,43230000,-45000000,-50268000,-10634000,43152000,-53952000,-43461000,4607000,-12271000,11004000,0,839000,0,21483000,8145000,1120000,-406000,-8000,-3108000,11.2,14.75
16,2016-06-30,USD,120108000,97754000,52882000,120108000,11438000,-14445000,3959000,0,11438000,-115000,31421000,-10916000,22745000,62374000,9892000,None,None,None,0,3870000,0,5793000,0,-19975000,5645000,-14445000,None,USD,1215885000,378994000,None,162443000,689453000,511135000,92206000,91729000,4000,-1019376000,13985000,551030000,932171000,74273000,98127000,3200000,18202000,-194000,10923000,272791000,None,-418889000,7821000,26229000,488144000,0,3198000,0,0,4000,0,-1019376000,0,None,2147000,None,943094000,None,488144000,10976000,591326000,None,15297000,None,1530701000,1215885000,84119000,None,42000000,USD,3744000,-1107000,1105000,-2279000,-20000000,-10453000,10150000,5605000,-14330000,4413000,13761000,9446000,11079000,0,54000,0,22375000,-7587000,851000,3676000,-7000,6318000,10.36,11.2
17,2016-03-31,USD,165765000,126319000,55329000,165765000,31932000,22667000,4295000,0,31932000,-144000,56590000,-7514000,39446000,65434000,11207000,None,None,None,0,0,0,11643000,0,0,20289000,22667000,None,USD,1269736000,387359000,None,204595000,744752000,509802000,101369000,114115000,4000,-1004931000,13358000,551027000,940602000,71641000,127221000,3200000,None,-194000,11093000,318041000,None,-413402000,11642000,30163000,505672000,0,9906000,0,0,4000,0,-1004931000,0,None,2216000,None,951695000,None,505672000,10490000,617531000,None,15182000,None,1514923000,1269736000,83283000,None,41245000,USD,-403000,21416000,-1080000,-479000,-60667000,-42481000,12929000,None,22811000,8166000,51727000,22525000,12200000,0,1650000,0,18445000,-13191000,677000,17179000,None,12482000,5.16,10.36
18,2015-12-31,USD,260875000,-218847000,-13713000,-247162000,-42992000,-56814000,-10696000,0,-42992000,15038000,-36768000,-964000,-42028000,-171383000,3495000,None,None,None,0,3870000,0,-13526000,-25299000,-27348000,-29466000,-56814000,None,USD,1299548000,396295000,None,221725000,822226000,462284000,105422000,129784000,4000,-1027598000,12834000,548959000,947565000,55473000,166104000,31631000,31631000,-527000,11308000,340675000,None,-484670000,11301000,48619000,539768000,0,4689000,0,0,4000,0,-1027598000,0,None,2311000,None,958873000,None,539768000,10932000,656122000,None,15038000,None,1490405000,1299548000,70331000,None,41000000,USD,238704000,-14763000,-333057000,-571320000,390270000,361641000,-38730000,10786000,-56814000,-4264000,-14599000,-17165000,-3785000,0,-632000,0,-1862000,58551000,1512000,-11016000,-11000,311000,9.8,5.16
19,2015-09-30,USD,84781000,98443000,979000,84781000,-16937000,-10611000,5418000,0,-16937000,0,29446000,-3275000,-13662000,63579000,3464000,None,None,None,0,0,0,-6326000,0,0,-10611000,-10611000,None,USD,836474000,147253000,None,10768000,300732000,535742000,17406000,25481000,4000,-970784000,8607000,308827000,460214000,59638000,59051000,None,None,-71000,15089000,361171000,None,79662000,232705000,24387000,218050000,33673000,33570000,0,0,4000,0,-970784000,0,None,4134000,None,475303000,None,218050000,6225000,241681000,None,None,None,1506593000,836474000,292343000,None,40951000,USD,4509000,-324000,1759000,-1740000,None,2137000,2818000,None,-10611000,146000,-3750000,1885000,10397000,0,-681000,761000,9805000,-9169000,1010000,3311000,-6000,140000,13.77,9.8
