,fiscalDateEnding,reportedCurrency_x,totalRevenue,totalOperatingExpense,costOfRevenue,grossProfit,ebit,netIncome_x,researchAndDevelopment,effectOfAccountingCharges,incomeBeforeTax,minorityInterest,sellingGeneralAdministrative,otherNonOperatingIncome,operatingIncome,otherOperatingExpense,interestExpense,taxProvision,interestIncome,netInterestIncome,extraordinaryItems,nonRecurring,otherItems,incomeTaxExpense,totalOtherIncomeExpense,discontinuedOperations,netIncomeFromContinuingOperations,netIncomeApplicableToCommonShares,preferredStockAndOtherAdjustments,reportedCurrency_y,totalAssets,intangibleAssets,earningAssets,otherCurrentAssets,totalLiabilities,totalShareholderEquity,deferredLongTermLiabilities,otherCurrentLiabilities,commonStock,retainedEarnings,otherLiabilities,goodwill,otherAssets,cash,totalCurrentLiabilities,shortTermDebt,currentLongTermDebt,otherShareholderEquity,propertyPlantEquipment,totalCurrentAssets,longTermInvestments,netTangibleAssets,shortTermInvestments,netReceivables,longTermDebt,inventory,accountsPayable,totalPermanentEquity,additionalPaidInCapital,commonStockTotalEquity,preferredStockTotalEquity,retainedEarningsTotalEquity,treasuryStock,accumulatedAmortization,otherNonCurrrentAssets,deferredLongTermAssetCharges,totalNonCurrentAssets,capitalLeaseObligations,totalLongTermDebt,otherNonCurrentLiabilities,totalNonCurrentLiabilities,negativeGoodwill,warrants,preferredStockRedeemable,capitalSurplus,liabilitiesAndShareholderEquity,cashAndShortTermInvestments,accumulatedDepreciation,commonStockSharesOutstanding,reportedCurrency,investments,changeInLiabilities,cashflowFromInvestment,otherCashflowFromInvestment,netBorrowings,cashflowFromFinancing,otherCashflowFromFinancing,changeInOperatingActivities,netIncome_y,changeInCash,operatingCashflow,otherOperatingCashflow,depreciation,dividendPayout,stockSaleAndPurchase,changeInInventory,changeInAccountReceivables,changeInNetIncome,capitalExpenditures,changeInReceivables,changeInExchangeRate,changeInCashAndCashEquivalents,clossingVal,nextClossingVal
0,2020-06-30,USD,38184000,24399000,None,38184000,13785000,10656000,None,None,13785000,None,24399000,None,13785000,1926000,5418000,3129000,45850000,40432000,None,None,None,3129000,None,None,10656000,10656000,None,USD,6150664000,3298000,None,None,5648043000,502621000,None,5080419000,199000,159635000,91587000,105950000,4786886000,489781000,5184252000,None,None,-8762000,34495000,505148000,5236480000,393373000,537746000,15367000,78990000,None,103833000,None,None,199000,None,159635000,-4961000,None,265293000,None,5645516000,43131000,78990000,384801000,463791000,None,None,None,356510000,6150664000,489781000,None,19734034,USD,-826948000,335000,-830544000,-2633000,50475000,1070725000,1024684000,-846000,10656000,255599000,15418000,-859000,2005000,-4787000,353000,None,-4297000,7578000,1005000,-4297000,None,255599000,22.84,
1,2020-03-31,USD,36867000,24843000,None,36867000,12024000,9348000,None,None,12024000,None,24843000,None,12024000,1617000,7952000,2676000,44602000,36650000,None,None,None,2676000,None,None,9348000,9348000,None,USD,5060872000,3472000,889336000,None,4567619000,493253000,None,4055735000,199000,153766000,86200000,105950000,3928486000,234182000,4152898000,None,None,-10926000,34521000,245252000,4413067000,383831000,553278000,11070000,78955000,None,97163000,None,None,199000,None,153766000,-4800000,None,258656000,None,4815666000,44571000,78955000,335771000,414726000,None,None,None,355014000,5060872000,234182000,None,19722299,USD,17630000,-4137000,22651000,6525000,-144804000,86072000,241089000,-8664000,9348000,116988000,8265000,-4111000,1838000,-4812000,-5401000,None,-162000,5489000,1462000,-162000,None,116988000,21.16,22.84
2,2019-12-31,USD,43474000,25332000,None,43474000,18142000,14208000,None,None,18142000,None,25332000,None,18142000,2081000,8672000,3934000,44320000,35648000,None,None,None,3934000,-138000,None,14208000,14208000,None,USD,4921520000,3677000,856952000,44151000,4424366000,497154000,None,3814647000,199000,150703000,46418000,106000000,3820474000,117194000,3863470000,240999000,240999000,-8341000,34062000,128102000,4432071000,387477000,638291000,10908000,78920000,None,48823000,None,None,199000,None,150703000,-1843000,None,217658000,None,4793468000,45977000,78920000,481976000,560896000,None,None,None,356436000,4921520000,117194000,None,19836797,USD,-195617000,3042000,-201650000,-4410000,98043000,165127000,71365000,3275000,14208000,-14024000,22499000,547000,2983000,-4608000,327000,None,789000,977000,1623000,789000,None,-14024000,33.53,21.16
3,2019-09-30,USD,41959000,24204000,None,41959000,17755000,13903000,None,None,17755000,None,24204000,None,17755000,1754000,9639000,3852000,46354000,36715000,None,None,None,3852000,-200000,None,13903000,13903000,None,USD,4736021000,3890000,835761000,24340000,4249618000,486403000,None,3743283000,199000,141103000,47173000,105950000,3649693000,131218000,3793713000,290956000,290956000,-8228000,33544000,142915000,4239237000,376563000,610706000,11697000,78885000,None,50430000,None,None,199000,None,141103000,-1757000,None,210516000,None,4593137000,39064000,78885000,377064000,455949000,None,None,None,355086000,4736021000,131218000,None,19829830,USD,-40063000,-484000,-45031000,-4365000,97011000,-862000,-93292000,-320000,13903000,-27423000,18470000,566000,2439000,-4611000,30000,None,700000,1346000,603000,700000,None,-27423000,29.56,33.53
4,2019-06-30,USD,37516000,24004000,None,37516000,13512000,10653000,None,None,13512000,None,24004000,None,13512000,2083000,10835000,2859000,46352000,35517000,None,None,None,2859000,-606000,None,10653000,10653000,None,USD,4714535000,4025000,911709000,25040000,4239330000,475205000,None,3836576000,199000,131811000,40105000,105950000,10483000,158641000,3879272000,240945000,240945000,-9197000,34006000,171038000,4199108000,365230000,642897000,12397000,78850000,None,42696000,None,None,199000,None,131811000,-1337000,None,200408000,None,4543497000,40263000,78850000,281208000,360058000,None,None,None,353729000,4714535000,158641000,None,19834416,USD,21307000,1552000,25005000,4261000,-89992000,16351000,111120000,-586000,10653000,58184000,16828000,-1996000,2121000,-4607000,-170000,None,660000,3838000,563000,660000,None,58184000,29.46,29.56
5,2019-03-31,USD,38941000,22599000,None,38941000,16342000,12927000,None,None,16342000,None,22599000,None,16342000,1768000,10192000,3415000,44515000,34323000,None,None,None,3415000,-451000,None,12927000,12927000,None,USD,4675209000,4150000,916715000,13057000,4210206000,465003000,None,3725464000,199000,125765000,33740000,105950000,10373000,100457000,3759999000,240938000,240938000,-12629000,34478000,113514000,4216458000,354903000,707451000,13057000,78815000,175000,34535000,None,None,199000,None,125765000,-786000,None,200659000,None,4561695000,40454000,78815000,371392000,450207000,None,None,None,352454000,4675209000,100457000,None,19847705,USD,-126372000,-5619000,-130930000,-4040000,89966000,-76146000,-160921000,-2166000,12927000,-194911000,12165000,3768000,1909000,-4594000,-597000,None,-1821000,1001000,518000,-1821000,None,-194911000,29.3,29.46
6,2018-12-31,USD,38813000,22071000,9782000,38813000,16742000,13864000,0,0,16742000,0,22071000,None,16742000,1732000,9382000,None,None,None,0,0,0,2878000,-743000,0,13864000,13864000,None,USD,4700744000,4374000,None,23936000,4246914000,453830000,None,3886393000,198000,117432000,40764000,105950000,3403345000,295368000,3927161000,240972000,240972000,-15112000,35008000,306604000,4085617000,343506000,153223000,11236000,78781000,175000,40768000,None,None,198000,None,117432000,-781000,None,163191000,None,4394140000,None,78781000,240972000,319753000,None,None,None,352093000,4700744000,295368000,None,19790884,USD,-85937000,-2151000,-84869000,1134000,-25491000,237471000,267260000,-1269000,13864000,170267000,17665000,2892000,1896000,-4593000,295000,None,None,607000,66000,557000,None,170267000,25.49,29.3
7,2018-09-30,USD,38932000,31004000,8575000,38932000,7928000,6547000,0,0,7928000,0,31004000,None,7928000,1551000,22822000,None,None,None,0,0,0,1381000,-10101000,0,6547000,6547000,None,USD,4448757000,4717000,None,13412000,4008772000,439985000,0,3619142000,198000,108161000,44411000,105950000,3330699000,125101000,3663562000,265816000,265816000,-18593000,35893000,136894000,3993652000,329318000,0,11793000,78746000,175000,44420000,0,0,198000,0,108161000,-520000,None,171651000,None,4311863000,None,78746000,266464000,345210000,None,None,None,350739000,4448757000,125101000,None,19789073,USD,-19124000,2652000,-18363000,1585000,-35835000,25748000,65955000,-2000000,6547000,19210000,11825000,378000,1960000,-4592000,220000,327000,0,456000,824000,-168000,None,19210000,33.2,25.49
8,2018-06-30,USD,30951000,22507000,8022000,30951000,8444000,6743000,0,0,8444000,0,22507000,None,8444000,2181000,0,None,None,None,0,0,0,1701000,-678000,0,6743000,6743000,None,USD,4414785000,4866000,None,17963000,3975030000,439755000,0,3553197000,198000,106206000,40790000,105950000,3308780000,105891000,3594019000,291437000,291437000,-15746000,36043000,117516000,3984330000,328939000,0,11625000,78711000,175000,40822000,0,0,198000,0,106206000,-441000,None,166080000,None,4297269000,None,78711000,302300000,381011000,None,None,None,349538000,4414785000,105891000,None,19785889,USD,87985000,3408000,94318000,9448000,-218649000,-101162000,121964000,1879000,6743000,6879000,13723000,353000,2411000,-4587000,110000,0,27000,526000,3115000,282000,None,6879000,35.95,33.2
9,2018-03-31,USD,37852000,22598000,7625000,37852000,15254000,12073000,0,0,15254000,0,22598000,None,15254000,2016000,0,None,None,None,0,0,0,3181000,-710000,0,12073000,12073000,None,USD,4500624000,5003000,None,11907000,4067301000,433323000,0,3431245000,198000,104050000,36416000,105950000,1198460000,99012000,3467661000,292886000,292886000,-18909000,33892000,1013064000,3169260000,322370000,902145000,11907000,78676000,175000,36416000,0,0,198000,0,104050000,-436000,None,173455000,None,3487560000,None,78676000,520964000,599640000,None,None,None,348420000,4500624000,1001157000,None,19779699,USD,-69469000,-479000,-71635000,-846000,-31218000,60730000,96712000,228000,12073000,4265000,15170000,312000,2481000,-4570000,-194000,463000,0,1038000,1320000,-255000,None,4265000,33.55,35.95
10,2017-12-31,USD,27660000,29154000,16799000,27660000,-1494000,-6916000,0,0,-1494000,0,29154000,None,-1494000,8564000,22689000,None,None,None,0,0,0,5422000,-10377000,0,-6916000,-6916000,None,USD,4430002000,5214000,None,15552000,4000802000,429200000,0,3384543000,197000,96547000,35367000,105950000,1230705000,94747000,3419910000,315960000,315960000,-14939000,33505000,1047181000,3071045000,318036000,940782000,11652000,78641000,0,35367000,0,0,197000,0,96547000,-296000,None,167107000,None,3382821000,None,78641000,502251000,580892000,None,None,None,347691000,4430002000,1035529000,None,19709360,USD,-153532000,370000,-154121000,-1115000,24468000,151714000,131252000,7370000,-6916000,7794000,10201000,6147000,547000,-4568000,562000,2071000,0,10700000,526000,-647000,None,7794000,35.0,33.55
11,2017-09-30,USD,35417000,21271000,7993000,35417000,14146000,9443000,0,0,14146000,0,21271000,None,14146000,656000,0,None,None,None,0,24060000,0,4703000,0,0,9443000,9443000,None,USD,4284278000,5220000,None,11005000,3842339000,441939000,0,3253308000,197000,105379000,32905000,105950000,1269893000,86953000,3286213000,290846000,290846000,-10209000,35000000,1079619000,2892432000,330769000,981661000,11005000,78606000,0,32905000,0,0,197000,0,105379000,-206000,None,166057000,None,3204659000,None,78606000,477520000,556126000,None,None,None,346778000,4284278000,1068614000,None,19706526,USD,-66731000,188000,-63056000,4585000,-87097000,52221000,143699000,1164000,9443000,1801000,12636000,1566000,957000,-4567000,186000,1767000,0,1758000,910000,-1276000,None,1801000,33.95,35.0
12,2017-06-30,USD,34352000,21006000,6391000,34352000,13346000,8841000,0,0,13346000,0,21006000,None,13346000,-2361000,0,None,None,None,0,-24060000,0,4505000,0,0,8841000,8841000,None,USD,4221453000,5510000,None,9729000,3785746000,435707000,0,3109618000,197000,100503000,32852000,105950000,1332488000,85152000,3142470000,694750000,694750000,-10731000,35048000,1134780000,2768765000,324247000,1039899000,9729000,78571000,0,32852000,0,0,197000,0,100503000,-30000,None,171400000,None,3086673000,None,78571000,564705000,643276000,None,None,None,345768000,4221453000,1125051000,None,19705837,USD,-141162000,3972000,-145608000,-3570000,72913000,145327000,76772000,2038000,8841000,14188000,14469000,-1185000,1214000,-4562000,204000,1640000,504000,1097000,876000,530000,None,14188000,33.3,33.95
13,2017-03-31,USD,33783000,20296000,5556000,33783000,13487000,9171000,0,0,13487000,0,20296000,None,13487000,1079000,0,None,None,None,0,8020000,0,4316000,0,0,9171000,9171000,None,USD,4064978000,5649000,None,10259000,3635520000,429458000,0,3032867000,197000,96224000,32232000,105950000,1327989000,70964000,3065099000,541884000,541884000,-11783000,35124000,1119699000,2630901000,317859000,1038476000,10259000,78537000,0,32232000,0,0,197000,0,96224000,-22000,None,167655000,None,2945279000,None,78537000,491884000,570421000,None,None,None,344842000,4064978000,1109440000,None,19697657,USD,-47684000,-336000,-48999000,-506000,-55377000,-3395000,56874000,-836000,9171000,-42874000,9520000,-720000,581000,-4541000,-351000,0,0,850000,809000,-26000,None,-42874000,35.0,33.3
14,2016-12-31,USD,32513000,18529000,5850000,32513000,13984000,9160000,0,0,13984000,0,18529000,None,13984000,9681000,16845000,None,None,None,0,-2220000,0,4824000,-3352000,0,9160000,9160000,None,USD,4054570000,5824000,None,10233000,3646583000,407987000,0,3026009000,191000,91594000,29470000,105950000,1330933000,113838000,3055479000,294787000,294787000,-13064000,35263000,1167030000,2574536000,296213000,1042959000,10233000,93746000,0,29470000,0,0,191000,0,91594000,-161000,None,165967000,None,2887540000,None,93746000,497358000,591104000,None,None,None,329427000,4054570000,1156797000,None,19100389,USD,-177708000,-808000,-189706000,-10228000,176870000,222983000,2358000,-74000,9160000,49089000,15812000,5956000,894000,-4045000,47800000,1342000,0,1276000,1770000,-666000,None,49089000,37.9,35.0
15,2016-09-30,USD,32718000,19204000,6077000,32718000,13514000,8851000,0,0,13514000,0,19204000,None,13514000,-3826000,0,None,None,None,0,1950000,0,4663000,0,0,8851000,8851000,None,USD,3834001000,6583000,None,None,3471399000,362602000,0,3023691000,175000,86479000,33302000,105950000,1172820000,64749000,3056993000,420603000,420603000,-4892000,34473000,968583000,2561959000,250069000,894267000,9567000,93803000,0,33302000,0,0,175000,0,86479000,-297000,None,156453000,None,2865418000,None,93803000,320603000,414406000,None,None,None,281137000,3834001000,959016000,None,17471402,USD,-109265000,-980000,-113600000,-3621000,20990000,87237000,70068000,1871000,8851000,-14847000,11516000,1918000,403000,-4042000,221000,822000,0,1975000,714000,-651000,None,-14847000,28.59,37.9
16,2016-06-30,USD,33959000,20441000,5043000,33959000,13518000,8854000,0,0,13518000,0,20441000,None,13518000,1572000,0,None,None,None,0,-650000,0,4664000,0,0,8854000,8854000,None,USD,3743285000,7088000,None,None,3385204000,358081000,0,3003663000,175000,81670000,37847000,105950000,1126759000,79596000,3041510000,399737000,399737000,-3658000,34712000,937653000,2502218000,245043000,849141000,8916000,93957000,0,37847000,0,0,175000,0,81670000,-236000,None,155664000,None,2805632000,None,93957000,249737000,343694000,None,None,None,280130000,3743285000,928737000,None,17459242,USD,207195000,-2465000,180340000,-26029000,-85278000,-175521000,-86416000,-762000,8854000,12388000,7569000,-684000,249000,-4036000,209000,561000,354000,549000,826000,1066000,None,12388000,28.4,28.59
17,2016-03-31,USD,32177000,18907000,5425000,32177000,13270000,8626000,0,0,13270000,0,18907000,None,13270000,0,0,None,None,None,0,0,0,4644000,0,0,8626000,8626000,None,USD,3913556000,7707000,None,None,3562618000,350938000,0,3075412000,175000,76852000,42791000,105950000,1352072000,67208000,3118203000,None,None,-4857000,34828000,1179094000,2459448000,237281000,1101904000,9982000,94276000,0,42791000,0,0,175000,0,76852000,-331000,None,126529000,None,2734462000,None,94276000,350139000,444415000,None,None,None,279099000,3913556000,1169112000,None,17448727,USD,-155820000,-2223000,-156579000,201000,16867000,109890000,97110000,None,8626000,-37350000,9339000,1386000,846000,-4017000,-70000,0,0,1416000,960000,-712000,None,-37350000,30.47,28.4
18,2015-12-31,USD,30315000,18173000,4705000,30315000,12142000,7995000,0,0,12142000,0,18173000,None,12142000,6117000,10129000,None,None,None,0,9766000,0,4147000,-12806000,0,7995000,7995000,None,USD,3781959000,8376000,None,9270000,3440831000,341128000,0,2963625000,174000,72243000,34567000,98445000,1247526000,104558000,2998192000,249599000,249599000,-9622000,39595000,1122382000,2390030000,234307000,1008554000,9270000,94241000,250000,34567000,0,0,174000,0,72243000,0,None,123131000,None,2659577000,None,94241000,348398000,442639000,None,None,None,278333000,3781959000,1113112000,None,17388918,USD,-270483000,3230000,-281064000,-9819000,329514000,264228000,-61510000,2759000,7995000,-1320000,15516000,-481000,1345000,-4012000,236000,616000,0,1094000,762000,2333000,None,-1320000,30.43,30.47
19,2015-09-30,USD,31511000,19373000,4159000,31511000,12138000,7890000,0,0,12138000,0,19373000,None,12138000,0,1812000,None,None,None,0,0,0,4248000,0,0,7890000,7890000,None,USD,3507313000,9011000,None,None,3166871000,340442000,0,2905501000,174000,68260000,28156000,95472000,1080401000,105878000,2933657000,None,None,-5617000,39904000,972606000,2281130000,235959000,857703000,9025000,94214000,0,28156000,0,0,174000,0,68260000,-32000,None,109190000,None,2534707000,None,94214000,139000000,233214000,None,None,None,277657000,3507313000,963581000,None,17376876,USD,-48387000,4739000,-49172000,110000,-54285000,64171000,122289000,None,7890000,29683000,16010000,898000,483000,-4011000,178000,327000,0,1117000,895000,-443000,None,29683000,26.71,30.43
