,fiscalDateEnding,reportedCurrency_x,totalRevenue,totalOperatingExpense,costOfRevenue,grossProfit,ebit,netIncome_x,researchAndDevelopment,effectOfAccountingCharges,incomeBeforeTax,minorityInterest,sellingGeneralAdministrative,otherNonOperatingIncome,operatingIncome,otherOperatingExpense,interestExpense,taxProvision,interestIncome,netInterestIncome,extraordinaryItems,nonRecurring,otherItems,incomeTaxExpense,totalOtherIncomeExpense,discontinuedOperations,netIncomeFromContinuingOperations,netIncomeApplicableToCommonShares,preferredStockAndOtherAdjustments,reportedCurrency_y,totalAssets,intangibleAssets,earningAssets,otherCurrentAssets,totalLiabilities,totalShareholderEquity,deferredLongTermLiabilities,otherCurrentLiabilities,commonStock,retainedEarnings,otherLiabilities,goodwill,otherAssets,cash,totalCurrentLiabilities,shortTermDebt,currentLongTermDebt,otherShareholderEquity,propertyPlantEquipment,totalCurrentAssets,longTermInvestments,netTangibleAssets,shortTermInvestments,netReceivables,longTermDebt,inventory,accountsPayable,totalPermanentEquity,additionalPaidInCapital,commonStockTotalEquity,preferredStockTotalEquity,retainedEarningsTotalEquity,treasuryStock,accumulatedAmortization,otherNonCurrrentAssets,deferredLongTermAssetCharges,totalNonCurrentAssets,capitalLeaseObligations,totalLongTermDebt,otherNonCurrentLiabilities,totalNonCurrentLiabilities,negativeGoodwill,warrants,preferredStockRedeemable,capitalSurplus,liabilitiesAndShareholderEquity,cashAndShortTermInvestments,accumulatedDepreciation,commonStockSharesOutstanding,reportedCurrency,investments,changeInLiabilities,cashflowFromInvestment,otherCashflowFromInvestment,netBorrowings,cashflowFromFinancing,otherCashflowFromFinancing,changeInOperatingActivities,netIncome_y,changeInCash,operatingCashflow,otherOperatingCashflow,depreciation,dividendPayout,stockSaleAndPurchase,changeInInventory,changeInAccountReceivables,changeInNetIncome,capitalExpenditures,changeInReceivables,changeInExchangeRate,changeInCashAndCashEquivalents,clossingVal,nextClossingVal
0,2020-06-30,USD,12446000,9249000,None,12446000,3197000,2352000,None,None,3197000,None,9249000,None,3197000,743000,1869000,845000,13194000,11325000,None,None,None,845000,None,None,2352000,2352000,None,USD,1593129000,None,None,None,1420675000,172454000,None,1388155000,149000,63322000,12356000,None,1107007000,392255000,1392155000,4000000,4000000,235000,24323000,456139000,1081941000,172454000,59437000,4447000,None,None,16164000,None,None,149000,None,63322000,None,None,27111000,None,3615000,None,None,28520000,28520000,None,None,None,108748000,1593129000,451692000,None,None,USD,69292000,797000,69334000,576000,4000000,139618000,138591000,2405000,2352000,214827000,5875000,1645000,797000,-1499000,-1474000,None,251000,33000,534000,251000,None,214827000,8.4,
1,2020-03-31,USD,12896000,9628000,None,12896000,3268000,2418000,None,None,3268000,None,9628000,None,3268000,742000,2684000,850000,14653000,11969000,None,None,None,850000,None,None,2418000,2418000,None,USD,1450282000,None,226629000,None,1277287000,172995000,None,1253751000,151000,62469000,8169000,None,1174253000,177428000,1253751000,None,None,155000,24202000,1393607000,110000,172995000,63853000,1152326000,None,None,15367000,None,None,151000,None,62469000,None,None,28719000,None,3644000,None,None,23536000,23536000,None,None,None,110220000,1450282000,241281000,None,15000000,USD,15250000,-3336000,15894000,905000,-61000,-36844000,-33059000,-2628000,2418000,-20387000,563000,708000,497000,-1522000,-2202000,None,-135000,411000,261000,-135000,None,-20387000,8.81,8.4
2,2019-12-31,USD,14186000,9562000,None,14186000,4580000,3390000,None,None,4624000,None,9562000,-44000,4624000,315000,3105000,1234000,15732000,12627000,None,None,None,1234000,-69000,None,3390000,3390000,None,USD,1488015000,41000,248223000,4563000,1313643000,174372000,None,1284757000,153000,61573000,10222000,None,1199390000,197815000,1284818000,61000,None,226000,24346000,1430579000,60193000,174372000,60193000,1172571000,61000,186000,18603000,None,None,153000,None,61573000,None,None,29217000,None,3873000,None,None,28825000,28825000,None,None,None,112420000,1488015000,258008000,None,16000000,USD,-100674000,1368000,50844000,192000,-1192000,-8673000,-4648000,2167000,3390000,49532000,7361000,799000,-842000,-1535000,-1298000,None,200000,2402000,175000,200000,None,49532000,13.08,8.81
3,2019-09-30,USD,14850000,9509000,None,14850000,5341000,3924000,None,None,5341000,None,9509000,None,5341000,1301000,3386000,1417000,16628000,13242000,None,None,None,1417000,95000,None,3924000,3924000,None,USD,1491982000,55000,200649000,4763000,1318115000,173867000,None,1288825000,154000,59718000,10802000,None,1242516000,148283000,1290078000,1253000,0,278000,24598000,1432434000,269000,173867000,65440000,1218711000,1253000,269000,17235000,None,None,154000,None,59718000,None,None,30125000,None,4556000,None,None,28037000,28037000,None,None,None,113717000,1491982000,213723000,None,15000000,USD,75180000,-665000,75350000,262000,455000,-45188000,-44106000,1749000,3924000,37186000,7024000,2346000,940000,-1537000,0,None,654000,-175000,92000,654000,None,37186000,11.9,13.08
4,2019-06-30,USD,10572000,9472000,None,10572000,1100000,807000,None,None,1100000,None,9472000,None,1100000,1237000,3419000,293000,16522000,13103000,None,None,None,293000,-207000,None,807000,807000,None,USD,1533922000,68000,184179000,5417000,1362431000,171491000,None,1330207000,154000,57331000,25002000,None,4816000,111097000,1331005000,798000,None,289000,24923000,1471048000,497000,171491000,87080000,1272871000,798000,497000,17900000,None,None,154000,None,57331000,None,None,32638000,None,4816000,None,None,31426000,31426000,None,None,None,113717000,1533922000,198177000,None,15000000,USD,31677000,1086000,31742000,399000,-15308000,-13004000,7853000,1111000,807000,25385000,6647000,-149000,965000,-1548000,-4001000,None,-6000,3944000,334000,-6000,None,25385000,13.99,11.9
5,2019-03-31,USD,14930000,10098000,0,14930000,4832000,3551000,None,None,4832000,None,10098000,None,4832000,1214000,3307000,1281000,16526000,13219000,None,None,None,1281000,-353000,None,3551000,3551000,None,USD,1545020000,82000,157472000,5411000,1368800000,176220000,None,1326746000,157000,58072000,19320000,None,5023000,86248000,1342852000,16106000,None,276000,24992000,1481374000,83240000,176220000,83240000,1311886000,16106000,921000,16814000,None,None,157000,None,58072000,None,None,33631000,None,5023000,None,None,25948000,25948000,None,None,None,117715000,1545020000,169488000,None,16000000,USD,25991000,-3991000,26240000,446000,-4943000,-46564000,-27135000,-3365000,3551000,-19982000,342000,573000,861000,-1646000,-12840000,None,-459000,-193000,197000,-459000,None,-19982000,14.87,13.99
6,2018-12-31,USD,21374000,11155000,3446000,21374000,10219000,7416000,0,0,10219000,0,11155000,None,10219000,1082000,3043000,None,None,None,0,0,0,2803000,-197000,0,7416000,7416000,None,USD,1585325000,102000,None,4952000,1398175000,187150000,None,1352484000,165000,56167000,24351000,None,1360784000,106230000,1373533000,21049000,None,271000,25205000,1523154000,20925000,187048000,88179000,1328745000,None,1226000,1352484000,None,None,165000,None,56167000,None,None,30629000,None,6235000,None,None,24642000,24642000,None,None,None,130547000,1585325000,194409000,None,17000000,USD,-41755000,1727000,-38628000,-5485000,-183000,43671000,56230000,-1935000,7416000,11270000,6227000,-7206000,992000,-1686000,-10690000,None,None,6703000,1097000,22000,None,11270000,14.95,14.87
7,2018-09-30,USD,14558000,9425000,2385000,14558000,5133000,3737000,0,0,5133000,0,9425000,None,5133000,1230000,2408000,None,None,None,0,0,0,1396000,-194000,0,3737000,3737000,None,USD,1532484000,123000,None,4974000,1340401000,192083000,0,1295770000,172000,50437000,23038000,0,1303048000,94960000,1317002000,21232000,21232000,244000,24473000,1471642000,22772000,191960000,103921000,1272761000,0,985000,1295770000,0,0,172000,0,50437000,0,None,27335000,None,8911000,None,None,23399000,23399000,None,None,None,141230000,1532484000,198881000,None,17000000,USD,28418000,-305000,28654000,616000,-29669000,-38411000,-2895000,262000,3737000,-5261000,4496000,602000,800000,-1743000,-4104000,0,0,-69000,380000,-269000,None,-5261000,15.94,14.95
8,2018-06-30,USD,16052000,10215000,2062000,16052000,5837000,4630000,0,0,5837000,0,10215000,None,5837000,1125000,2039000,None,None,None,0,0,0,1207000,1045000,0,4630000,4630000,None,USD,1567498000,143000,None,4705000,1373270000,194228000,0,1295853000,175000,48443000,26290000,0,1324064000,100506000,1346754000,50901000,50901000,279000,24441000,1505486000,24160000,194085000,112452000,1292528000,0,1187000,1295853000,0,0,175000,0,48443000,0,None,27229000,None,10199000,None,None,26516000,26516000,None,None,None,145331000,1567498000,212958000,None,18000000,USD,-16261000,-340000,-9915000,6328000,-10082000,3282000,22115000,516000,4630000,-381000,6252000,915000,913000,-1584000,-7167000,0,0,-61000,18000,195000,None,-381000,17.65,15.94
9,2018-03-31,USD,14818000,9959000,1469000,14818000,4859000,3559000,0,0,4859000,0,9959000,None,4859000,1387000,1727000,None,None,None,0,0,0,1300000,-402000,0,3559000,3559000,None,USD,1559929000,164000,None,10481000,1361577000,198352000,0,1278007000,178000,45397000,22587000,0,157468000,100866000,1338990000,60983000,60983000,288000,24628000,1383319000,5581000,198188000,86340000,1282453000,0,7704000,1278007000,0,0,178000,0,45397000,0,None,32213000,None,11363000,None,None,22587000,22587000,None,None,None,152489000,1559929000,100866000,None,18000000,USD,27386000,-2431000,27949000,713000,215000,-66675000,-64131000,-460000,3559000,-35016000,3710000,2037000,1104000,-1436000,-1323000,0,0,-278000,150000,-281000,None,-35016000,16.98,17.65
10,2017-12-31,USD,15011000,9318000,1670000,15011000,5693000,991000,0,0,5693000,0,9318000,None,5693000,6173000,5930000,None,None,None,0,0,0,4702000,-3131000,0,991000,991000,None,USD,1625558000,286000,None,10286000,1427924000,197634000,0,1340051000,179000,43274000,27105000,0,150136000,135882000,1400819000,60768000,60768000,370000,24856000,1548535000,5667000,197348000,93383000,1319270000,0,8323000,1340051000,0,0,179000,0,43274000,0,None,33651000,None,12563000,None,None,27105000,27105000,None,None,None,153811000,1625558000,229265000,None,18000000,USD,25590000,3669000,27329000,1966000,-1379000,-33350000,-30076000,-1968000,991000,1931000,7952000,-7433000,1091000,-1443000,-1671000,76000,0,9684000,227000,-50000,None,1931000,15.34,16.98
11,2017-09-30,USD,14354000,10200000,1390000,14354000,4154000,3560000,0,0,4154000,0,10200000,None,4154000,-951000,-21000,None,None,None,0,0,0,594000,0,0,3560000,3560000,None,USD,1654269000,408000,None,4569000,1454491000,199778000,0,1371089000,180000,43786000,22474000,0,158634000,133951000,1432017000,60928000,60928000,331000,30774000,1593152000,None,199370000,98787000,1360414000,0,3569000,1371089000,0,0,180000,0,43786000,0,None,29935000,None,61117000,None,None,22474000,22474000,None,None,None,155481000,1654269000,232738000,None,18000000,USD,10556000,892000,11293000,1136000,10051000,26392000,20192000,1535000,3560000,44055000,6370000,710000,1285000,-1270000,-2581000,70000,0,4000,399000,-81000,None,44055000,15.89,15.34
12,2017-06-30,USD,13751000,9607000,1505000,13751000,4144000,2572000,0,0,4144000,0,9607000,None,4144000,-630000,-1096000,None,None,None,0,0,0,1572000,0,0,2572000,2572000,None,USD,1623418000,531000,None,4488000,1423356000,200062000,0,1347887000,182000,41496000,24592000,0,170192000,89896000,1398764000,50877000,50877000,324000,30889000,1560657000,None,199531000,109762000,1360999000,0,4896000,1347887000,0,0,182000,0,41496000,0,None,31341000,None,62761000,None,None,24592000,24592000,None,None,None,158060000,1623418000,199658000,None,18000000,USD,-16487000,-157000,-16479000,336000,-1169000,17569000,23230000,1260000,2572000,6140000,5050000,1483000,1110000,-1285000,-3188000,60000,0,52000,328000,-10000,None,6140000,14.92,15.89
13,2017-03-31,USD,13469000,11266000,1437000,13469000,2203000,1881000,0,0,2203000,0,11266000,None,2203000,290000,1276000,None,None,None,0,0,0,322000,0,0,1881000,1881000,None,USD,1603473000,653000,None,None,1401452000,202021000,0,1329282000,184000,40209000,20124000,0,172270000,83613000,1381328000,52046000,52046000,363000,31149000,1539711000,None,201368000,110230000,1345868000,0,5301000,1329282000,0,0,184000,0,40209000,0,None,31960000,None,63762000,None,None,20124000,20124000,None,None,None,161265000,1603473000,193843000,None,19000000,USD,-8053000,-2701000,-7738000,494000,977000,-16838000,-12081000,1771000,1881000,-21218000,3358000,2959000,1182000,-1155000,-3379000,7000,0,134000,179000,-97000,None,-21218000,14.52,14.92
14,2016-12-31,USD,13911000,10194000,609000,13911000,3717000,2259000,0,0,3717000,0,10194000,None,3717000,12773000,2956000,None,None,None,0,0,0,1458000,-2236000,0,2259000,2259000,None,USD,1620037000,782000,None,4381000,1415257000,204780000,0,1339390000,192000,39483000,24798000,0,175093000,108334000,1390459000,51069000,51069000,-7942000,31413000,1532879000,32924000,203998000,107212000,1317333000,0,3895000,1339390000,0,0,192000,0,39483000,-8318000,None,32552000,None,22411000,None,None,24798000,24798000,None,None,None,173047000,1620037000,215546000,None,19000000,USD,-84717000,3722000,-83188000,1565000,49663000,73253000,25266000,818000,2259000,-3846000,6089000,-4933000,925000,-1156000,-520000,75000,0,4341000,36000,-225000,None,-3846000,14.82,14.52
15,2016-09-30,USD,13993000,9912000,489000,13993000,4081000,2508000,0,0,4081000,0,9912000,None,4081000,-9060000,62000,None,None,None,0,0,0,1573000,0,0,2508000,2508000,None,USD,1540273000,911000,None,None,1336606000,203667000,0,1316695000,193000,38380000,18505000,0,161698000,106787000,1318101000,1406000,1406000,-8091000,31856000,1476365000,None,202756000,99899000,1269679000,0,4381000,1316695000,0,0,193000,0,38380000,-8564000,None,31141000,None,63908000,None,None,18505000,18505000,None,None,None,173185000,1540273000,206686000,None,19000000,USD,-28119000,-597000,-27476000,986000,-63000,38084000,44142000,1506000,2508000,14973000,4365000,1560000,1074000,-973000,-5022000,59000,70000,-24000,343000,-156000,None,14973000,12.7,14.82
16,2016-06-30,USD,11851000,10506000,2267000,11851000,1345000,831000,0,0,1345000,0,10506000,None,1345000,1444000,96000,None,None,None,0,0,0,514000,0,0,831000,831000,None,USD,1499831000,1040000,None,None,1293124000,206707000,0,1268602000,197000,36845000,23053000,0,169327000,91814000,1270071000,1469000,1469000,-8330000,32021000,1434252000,None,205667000,105698000,1236740000,0,5373000,1268602000,0,0,197000,0,36845000,-8811000,None,32518000,None,65579000,None,None,23053000,23053000,None,None,None,177995000,1499831000,197512000,None,19000000,USD,29042000,-464000,29161000,340000,-16152000,-13006000,7420000,-289000,831000,19614000,3459000,-243000,1062000,-994000,-3280000,21000,226000,1927000,221000,346000,None,19614000,11.99,12.7
17,2016-03-31,USD,13987000,10930000,366000,13987000,3057000,1904000,0,0,3057000,0,10930000,None,3057000,0,856000,None,None,None,0,0,0,1153000,0,0,1904000,1904000,None,USD,1511808000,1169000,None,None,1302320000,209488000,0,1264689000,199000,37008000,20010000,0,175443000,72200000,1282310000,17621000,None,-8549000,32308000,1446058000,None,208319000,111386000,1262472000,15000000,5629000,1264689000,0,0,199000,0,37008000,-9054000,None,32273000,None,65750000,None,None,20010000,20010000,None,None,None,180830000,1511808000,183586000,None,19000000,USD,3288000,-218000,4482000,1290000,-46697000,-2944000,49156000,None,1904000,6566000,5028000,2198000,1029000,-1010000,-4393000,18000,0,235000,96000,-120000,None,6566000,11.82,11.99
18,2015-12-31,USD,14468000,11169000,0,14468000,3299000,2116000,0,0,3299000,0,11169000,None,3299000,5438000,2115000,None,None,None,0,0,0,1183000,-2657000,0,2116000,2116000,None,USD,1512443000,1305000,None,4226000,1300079000,212364000,0,1212919000,203000,36114000,22842000,0,181072000,65634000,1277237000,64318000,64318000,-8750000,32726000,1416870000,33109000,211059000,114753000,1236483000,0,7011000,1212919000,0,0,203000,0,36114000,-9297000,None,34847000,None,26695000,None,None,22842000,22842000,None,None,None,184797000,1512443000,180387000,None,20000000,USD,-84829000,302000,-82762000,2246000,46270000,78029000,35158000,-1387000,2116000,-2093000,2640000,-5247000,961000,-817000,0,102000,0,4734000,179000,-226000,None,-2093000,12.63,11.82
19,2015-09-30,USD,14113000,10232000,-203000,14113000,3881000,2349000,0,0,3881000,0,10232000,None,3881000,0,8000,None,None,None,0,0,0,1532000,0,0,2349000,2349000,None,USD,1431423000,1441000,None,None,1218349000,213074000,0,1181534000,205000,35421000,18767000,0,169783000,67727000,1199582000,18048000,None,-8938000,33063000,1366000000,None,211633000,104242000,1194031000,15000000,4809000,1181534000,0,0,205000,0,34815000,-9544000,None,30919000,None,65423000,None,None,18767000,18767000,None,None,None,186992000,1431423000,171969000,None,20000000,USD,-10226000,-1884000,-9650000,657000,15009000,-9397000,-22766000,None,2349000,-15956000,3091000,1907000,980000,-1640000,0,92000,0,-146000,81000,-115000,None,-15956000,12.43,12.63
