,fiscalDateEnding,reportedCurrency_x,totalRevenue,totalOperatingExpense,costOfRevenue,grossProfit,ebit,netIncome_x,researchAndDevelopment,effectOfAccountingCharges,incomeBeforeTax,minorityInterest,sellingGeneralAdministrative,otherNonOperatingIncome,operatingIncome,otherOperatingExpense,interestExpense,taxProvision,interestIncome,netInterestIncome,extraordinaryItems,nonRecurring,otherItems,incomeTaxExpense,totalOtherIncomeExpense,discontinuedOperations,netIncomeFromContinuingOperations,netIncomeApplicableToCommonShares,preferredStockAndOtherAdjustments,reportedCurrency_y,totalAssets,intangibleAssets,earningAssets,otherCurrentAssets,totalLiabilities,totalShareholderEquity,deferredLongTermLiabilities,otherCurrentLiabilities,commonStock,retainedEarnings,otherLiabilities,goodwill,otherAssets,cash,totalCurrentLiabilities,shortTermDebt,currentLongTermDebt,otherShareholderEquity,propertyPlantEquipment,totalCurrentAssets,longTermInvestments,netTangibleAssets,shortTermInvestments,netReceivables,longTermDebt,inventory,accountsPayable,totalPermanentEquity,additionalPaidInCapital,commonStockTotalEquity,preferredStockTotalEquity,retainedEarningsTotalEquity,treasuryStock,accumulatedAmortization,otherNonCurrrentAssets,deferredLongTermAssetCharges,totalNonCurrentAssets,capitalLeaseObligations,totalLongTermDebt,otherNonCurrentLiabilities,totalNonCurrentLiabilities,negativeGoodwill,warrants,preferredStockRedeemable,capitalSurplus,liabilitiesAndShareholderEquity,cashAndShortTermInvestments,accumulatedDepreciation,commonStockSharesOutstanding,reportedCurrency,investments,changeInLiabilities,cashflowFromInvestment,otherCashflowFromInvestment,netBorrowings,cashflowFromFinancing,otherCashflowFromFinancing,changeInOperatingActivities,netIncome_y,changeInCash,operatingCashflow,otherOperatingCashflow,depreciation,dividendPayout,stockSaleAndPurchase,changeInInventory,changeInAccountReceivables,changeInNetIncome,capitalExpenditures,changeInReceivables,changeInExchangeRate,changeInCashAndCashEquivalents,clossingVal,nextClossingVal
0,2020-06-30,USD,65635000,424512000,300275000,-234640000,-351010000,-335202000,None,None,-337793000,10194000,124049000,None,-358877000,None,None,-1475000,1108000,1108000,None,None,None,-1475000,19976000,None,-336318000,-335202000,None,USD,3903290000,5375000,None,None,1356798000,2536298000,None,136704000,102000,-2654780000,482783000,109000,130435000,1345014000,551195000,None,26061000,-9299000,348726000,3392404000,26241000,2530814000,1807744000,61663000,291655000,33234000,157173000,None,None,None,None,None,None,None,30869000,None,510886000,44053000,None,425064000,805603000,None,None,None,None,None,None,None,None,USD,-429895000,56301000,-429895000,None,64424000,80993000,None,14740000,-335202000,-609919000,-262942000,None,7867000,None,None,-4459000,5858000,1039000,32605000,None,None,None,188.4,
1,2020-03-31,USD,52059000,425815000,318451000,-266392000,-366006000,-363735000,None,None,-363385000,14842000,107081000,None,-373756000,None,None,1554000,6690000,6690000,None,None,None,1554000,3681000,None,-364939000,-363735000,None,USD,4067212000,5563000,None,13157000,1240156000,2812214000,None,128672000,101000,-2319578000,516201000,109000,122549000,1957101000,451797000,None,11298000,-6548000,331840000,3595187000,11964000,2806542000,1417097000,65620000,239191000,28775000,98364000,None,None,None,None,None,None,None,28398000,None,472025000,47564000,239191000,460699000,788359000,None,None,None,5138239000,None,3374198000,None,77000000,USD,-1114969000,-21450000,-1114969000,-1050436000,11298000,2802168000,616834000,-22339000,-363735000,1339043000,-341944000,None,7750000,None,2174036000,-222000,3236000,48736000,64533000,None,None,None,123.11,188.4
2,2019-12-31,USD,56892000,444929000,301243000,-244351000,-380553000,-388061000,283259000,None,-380334000,16150000,143354000,None,-388037000,None,-3772000,7561000,None,-438000,63395000,None,None,7561000,8141000,None,-387895000,-388061000,None,USD,1612289000,5846000,None,79096000,633934000,962205000,None,56862000,79000,-1955843000,57094000,109000,108716000,618011000,310312000,None,None,-8001000,324922000,1172696000,None,956250000,364728000,70878000,240695000,28553000,122488000,None,None,None,None,None,None,None,27357000,None,439593000,36647000,240695000,171000,323622000,None,None,None,2925970000,None,982739000,None,60000000,USD,-23892000,10375000,-23892000,712775000,-24419000,2198000,616834000,49301000,-388061000,-280048000,-267181000,None,7484000,None,47004000,8959000,-14966000,63946000,35464000,None,None,None,165.76,123.11
3,2019-09-30,USD,50141000,362407000,257074000,-206933000,-308244000,-307357000,283259000,None,-311877000,15759000,105002000,None,-312266000,None,-2125000,-3217000,None,2206000,None,None,None,-3217000,-1817000,None,-308660000,-307357000,None,USD,1881070000,6178000,None,97273000,586833000,1278478000,None,36746000,78000,-1567782000,47261000,109000,137395000,856151000,265734000,700000,700000,-14830000,301838000,1435550000,None,1272191000,375768000,55912000,254991000,37512000,112282000,None,None,None,None,None,None,None,54635000,None,445520000,29518000,254991000,169000,321099000,None,None,None,2861012000,None,1231919000,None,60000000,USD,213630000,-29582000,213630000,701203000,15391000,25136000,616834000,24684000,-307357000,-41853000,-265012000,None,4022000,None,20387000,11536000,2196000,22603000,30873000,None,None,None,122.46,165.76
4,2019-06-30,USD,243346000,329179000,246599000,-3253000,-82138000,-85570000,228760000,None,-83825000,17387000,82248000,None,-85833000,None,-2244000,2129000,None,2886000,None,None,None,2129000,-878000,None,-85954000,-85570000,None,USD,2150318000,6509000,None,94124000,579054000,1553877000,None,21338000,78000,-1260425000,49903000,109000,100708000,918948000,271679000,8740000,8740000,-225000,287312000,1755680000,None,1547259000,618803000,58108000,238810000,49048000,148536000,None,None,None,None,None,None,None,34393000,None,394638000,27829000,238810000,191000,307375000,None,None,None,2814449000,None,1537751000,None,60000000,USD,192009000,16051000,192009000,456700000,7009000,15382000,4000000,1925000,-85570000,154293000,-46101000,None,3695000,None,10642000,-35908000,868000,51406000,41447000,None,None,None,123.95,122.46
5,2019-03-31,USD,77833000,251588000,193612000,-115779000,-170339000,-167640000,178351000,None,-167550000,13910000,57645000,None,-173755000,None,-2157000,519000,None,4477000,None,None,None,519000,1728000,None,-168069000,-167640000,None,USD,2172232000,6841000,None,93183000,549553000,1608769000,None,42424000,78000,-1174855000,58545000,109000,98122000,764492000,238809000,8940000,8940000,6072000,270430000,1796730000,None,1601819000,849167000,58976000,232654000,13140000,105320000,None,None,None,None,None,None,None,34800000,None,375502000,28996000,232654000,196000,310744000,None,None,None,2777474000,None,1613659000,None,60000000,USD,172416000,-22602000,172416000,223244000,36695000,42964000,4000000,-23920000,-167640000,47670000,-171975000,None,3416000,None,6269000,3102000,-17920000,52620000,50828000,None,None,None,132.0,123.95
6,2018-12-31,USD,58670000,339478000,266657000,-207987000,-280808000,-268255000,257464000,0,-275254000,14445000,72490000,None,-280808000,0,-2100000,-10082000,None,None,-1538000,0,0,-8544000,5554000,0,-266710000,-268255000,None,USD,2249684000,52230000,None,78802000,496037000,1739202000,None,49218000,77000,-1007215000,59912000,109000,96442000,712937000,246452000,8727000,8727000,1526000,157061000,1943842000,None,1686863000,1068509000,52764000,189673000,16242000,113283000,None,None,None,None,None,None,None,None,None,None,None,189673000,None,None,None,None,None,2744814000,None,1781446000,None,55000000,USD,327181000,14510000,213243000,-496777000,36695000,8803000,4000000,-15418000,-268255000,29917000,-193894000,None,3363000,None,1663031000,3457000,-7418000,71615000,15308000,None,None,None,140.26,132.0
7,2018-09-30,USD,54202000,205304000,156296000,-102094000,-151102000,-144031000,257464000,0,-144964000,12985000,48820000,None,-151102000,0,-9460000,None,None,None,0,0,0,-472000,6138000,0,-144492000,-144031000,None,USD,2408627000,18928000,None,64974000,425196000,1970446000,0,18254000,77000,-738960000,49539000,109000,98133000,643485000,188424000,8736000,8736000,-724000,111262000,2180195000,None,1951409000,1390276000,45041000,187233000,19699000,85552000,1983431000,0,0,0,0,0,None,None,None,None,None,None,None,None,None,None,None,None,None,None,None,57000000,USD,-455749000,-6965000,-490636000,1582000,-8736000,871250000,-5659000,2514000,-144031000,240785000,-132185000,None,2445000,0,0,-13377000,3623000,23208000,34666000,None,None,None,172.22,140.26
8,2018-06-30,USD,52804000,215854000,170507000,-117703000,-163050000,-156887000,257464000,0,-161083000,13471000,45160000,None,-163050000,-188000,-1997000,None,None,None,0,0,0,-3368000,1967000,0,-157715000,-156887000,None,USD,1653856000,19007000,None,78624000,427188000,1213197000,0,16453000,70000,-594929000,40069000,109000,27523000,438420000,186435000,9067000,9067000,3114000,90510000,1516707000,None,1194081000,931208000,47664000,200684000,6322000,85878000,0,0,0,0,0,0,None,None,None,None,None,None,None,None,None,None,None,None,None,None,None,54000000,USD,44745000,27092000,34132000,752000,42315000,46583000,-5659000,2671000,-156887000,-38083000,-117137000,None,2336000,0,0,1176000,1474000,13739000,10613000,None,None,None,153.73,172.22
9,2018-03-31,USD,32544000,143353000,114250000,-81706000,-110809000,-104596000,257464000,0,-108528000,14341000,28915000,None,-110809000,188000,-2796000,None,None,None,0,0,0,-3412000,2281000,0,-105116000,-104596000,None,USD,1708927000,19925000,None,54102000,350205000,1344381000,0,23900000,70000,-438042000,44193000,109000,26201000,490634000,141896000,9565000,9565000,320000,76990000,1585702000,None,1324347000,973381000,49970000,164116000,7498000,52719000,0,0,0,0,0,0,None,None,None,None,None,None,None,None,None,None,None,None,None,None,None,52000000,USD,-374656000,-20226000,-394352000,0,42315000,763901000,-414000,-8792000,-104596000,268492000,-104501000,None,2244000,0,0,3432000,-1612000,24316000,9696000,None,None,None,168.0,153.73
10,2017-12-31,USD,18174000,405602000,119918000,-35605000,-236099000,-210491000,91340000,0,-205287000,43000,27415000,None,-213362000,187000,3044000,None,None,None,0,0,0,4915000,7393000,0,-240754000,-210491000,None,USD,1046479000,19824000,None,35623000,362248000,669809000,0,61831000,59000,-330517000,56767000,109000,70414000,239602000,149988000,9222000,9222000,-480000,62568000,913497000,None,649985000,597914000,30985000,155493000,10930000,69779000,0,1000747000,59000,0,-330517000,0,None,None,None,None,None,None,None,None,None,None,None,None,None,None,None,42000000,USD,-317507000,92339000,-356319000,0,132757000,490356000,13853000,-2208000,-93105000,152088000,12752000,None,4758000,0,0,-10930000,-29428000,43900000,46374000,None,None,None,97.72,168.0
11,2017-09-30,USD,220213000,-126780000,104008000,0,44335000,117386000,87660000,0,114223000,43187000,35187000,None,114905000,189000,3011000,None,None,None,0,0,0,-3262000,0,0,56266000,117386000,None,USD,1049059000,21672000,None,17712000,284570000,750140000,0,56123000,59000,0,30221000,1984000,31407000,208510000,103161000,9018000,9018000,38000,55322000,0,None,728468000,548925000,181471000,149329000,5712000,35168000,0,0,0,0,0,0,None,None,None,None,None,None,None,None,None,None,None,None,None,None,None,46000000,USD,-402452000,46787000,-288077000,0,42315000,487308000,13853000,15435000,117386000,-52496000,-80997000,None,0,0,149928000,5712000,10521000,1122000,27441000,None,None,None,103.46,97.72
12,2017-06-30,USD,0,58022000,57482000,0,143750000,-9922000,47245000,0,-10036000,-43257000,0,None,-6480000,-189000,2549000,None,None,None,0,0,0,201000,0,0,141812000,141947000,None,USD,473975000,0,None,11261000,203803000,255753000,0,22427000,52000,0,1123000,0,21514000,261006000,49952000,152728000,152728000,-322000,33770000,0,None,255753000,146424000,None,152728000,0,24419000,0,0,0,0,0,0,None,None,None,None,None,None,None,None,None,None,None,None,None,None,None,40000000,USD,83324000,4768000,113249000,0,130287000,147600000,14527000,-4463000,-111168000,163256000,-87597000,None,0,0,0,0,0,2302000,8881000,None,None,None,45.0,103.46
13,2017-03-31,USD,0,0,50678000,0,-50443000,-50623000,42773000,0,-50443000,14419000,0,None,-51542000,63000,305000,None,None,None,0,0,0,180000,0,0,-50623000,-50623000,None,USD,376729000,0,None,8702000,68312000,308417000,0,24463000,52000,0,893000,0,9828000,97750000,49985000,2470000,2470000,-868000,30723000,0,None,308417000,229726000,None,17434000,0,20482000,0,0,0,0,0,0,None,None,None,None,None,None,None,None,None,None,None,None,None,None,None,40000000,USD,50930000,12735000,43543000,0,2470000,2533000,14527000,-2518000,-50623000,10236000,-35711000,None,0,0,0,0,0,1766000,5068000,None,None,None,36.61,45.0
14,2016-12-31,USD,1070000,20302000,36797000,-96963000,-93164000,-83723000,28933000,0,-119163000,3000,20097000,None,-82232000,250000,-1135000,None,None,None,0,0,0,-73000,-2103000,0,-156095000,-156095000,None,USD,405813000,0,None,6225000,52906000,352907000,0,22297000,52000,-237412000,564000,0,5437000,87514000,35058000,17284000,17284000,-946000,25977000,374399000,None,352907000,280660000,872000,17284000,0,11957000,0,3771000,9000,0,-42815000,0,None,None,None,None,None,None,None,None,None,None,None,None,None,None,None,31000000,USD,-198350000,869000,-221848000,0,12048000,380902000,-2218000,12447000,-119217000,69645000,-89513000,None,1909000,0,0,-10930000,-29428000,12907000,23502000,None,None,None,30.36,36.61
15,2016-09-30,USD,393000,160828000,34323000,0,-60252000,-11370000,30106000,0,0,14419000,0,None,-10200000,0,143000,None,None,None,0,0,0,127000,0,0,61002000,61002000,None,USD,235425000,0,None,6335000,47593000,187832000,0,21715000,43000,0,247000,0,8918000,85532000,29316000,18030000,18030000,-965000,16554000,0,None,187832000,118086000,None,18030000,0,7307000,0,0,0,0,0,0,None,None,None,None,None,None,None,None,None,None,None,None,None,None,None,33000000,USD,50758000,8933000,-51129000,0,7640000,182210000,50758000,6410000,-81619000,27448000,-63373000,None,0,0,0,0,0,294000,15440000,None,None,None,30.81,30.36
16,2016-06-30,USD,393000,-84000000,24529000,0,56356000,-2123000,21117000,0,0,0,0,None,-4294000,0,-63000,None,None,None,0,0,0,135000,0,0,-24124000,-24124000,None,USD,251230000,0,None,6135000,31183000,220047000,0,14226000,43000,0,165000,0,8724000,58084000,20465000,11000000,11000000,-1463000,9752000,0,None,220047000,168535000,None,10553000,0,6071000,0,0,0,0,0,0,None,None,None,None,None,None,None,None,None,None,None,None,None,None,None,33000000,USD,-130093000,4713000,-95205000,0,4521000,174570000,-130000000,-1850000,-46125000,-150422000,-39097000,None,0,0,0,0,0,168000,8758000,None,None,None,29.8,30.81
17,2016-03-31,USD,677000,21000000,20572000,0,-20000000,-22001000,17877000,0,0,0,0,None,-20334000,0,204000,None,None,None,0,0,0,44000,0,0,0,0,None,USD,265228000,0,None,4556000,22129000,243099000,0,11970000,43000,0,89000,0,5744000,208506000,15826000,6000000,6000000,None,7702000,0,None,None,38720000,None,6214000,0,3823000,0,0,0,0,0,0,None,None,None,None,None,None,None,None,None,None,None,None,None,None,None,23000000,USD,None,None,40343000,0,None,170049000,44000000,3000000,-22001000,191000000,-19841000,None,0,0,0,0,0,33000,3303000,None,None,None,29.31,29.8
18,2015-12-31,USD,4677000,65561000,30635000,-49434000,-56745000,-57102000,28103000,0,-57102000,14422000,7311000,None,-56745000,250000,389000,None,None,None,0,0,0,0,-357000,0,-57102000,-57102000,None,USD,116764000,None,None,5783000,42445000,74319000,980000,11594000,12000,-118195000,1085000,None,3883000,17869000,35172000,14598000,14598000,-1809000,6612000,106269000,None,-101765000,82617000,None,6188000,None,8980000,None,None,None,176084000,None,None,None,None,None,None,None,None,None,None,None,None,None,None,None,None,None,9000000,USD,-53593000,-1650000,-58906000,1000,5853000,103205000,-75000,3913000,-57102000,3971000,-39843000,None,1545000,None,77000,-10930000,-29428000,13451000,5314000,None,None,None,nan,29.31
19,2015-09-30,USD,1380000,0,14970000,0,0,0,13351000,0,0,0,0,None,0,0,300000,None,None,None,0,0,0,0,0,0,0,0,None,USD,135608000,None,None,6867000,35531000,100077000,None,9693000,12000,None,908000,None,856000,27450000,28317000,None,None,None,6541000,None,None,None,93894000,None,6306000,None,4301000,None,None,None,176084000,None,None,None,None,None,None,None,None,None,None,None,None,None,None,None,None,None,None,USD,None,None,None,None,None,103324000,None,None,None,None,None,None,None,None,None,None,None,None,1892000,None,None,None,nan,nan
