,fiscalDateEnding,reportedCurrency_x,totalRevenue,totalOperatingExpense,costOfRevenue,grossProfit,ebit,netIncome_x,researchAndDevelopment,effectOfAccountingCharges,incomeBeforeTax,minorityInterest,sellingGeneralAdministrative,otherNonOperatingIncome,operatingIncome,otherOperatingExpense,interestExpense,taxProvision,interestIncome,netInterestIncome,extraordinaryItems,nonRecurring,otherItems,incomeTaxExpense,totalOtherIncomeExpense,discontinuedOperations,netIncomeFromContinuingOperations,netIncomeApplicableToCommonShares,preferredStockAndOtherAdjustments,reportedCurrency_y,totalAssets,intangibleAssets,earningAssets,otherCurrentAssets,totalLiabilities,totalShareholderEquity,deferredLongTermLiabilities,otherCurrentLiabilities,commonStock,retainedEarnings,otherLiabilities,goodwill,otherAssets,cash,totalCurrentLiabilities,shortTermDebt,currentLongTermDebt,otherShareholderEquity,propertyPlantEquipment,totalCurrentAssets,longTermInvestments,netTangibleAssets,shortTermInvestments,netReceivables,longTermDebt,inventory,accountsPayable,totalPermanentEquity,additionalPaidInCapital,commonStockTotalEquity,preferredStockTotalEquity,retainedEarningsTotalEquity,treasuryStock,accumulatedAmortization,otherNonCurrrentAssets,deferredLongTermAssetCharges,totalNonCurrentAssets,capitalLeaseObligations,totalLongTermDebt,otherNonCurrentLiabilities,totalNonCurrentLiabilities,negativeGoodwill,warrants,preferredStockRedeemable,capitalSurplus,liabilitiesAndShareholderEquity,cashAndShortTermInvestments,accumulatedDepreciation,commonStockSharesOutstanding,reportedCurrency,investments,changeInLiabilities,cashflowFromInvestment,otherCashflowFromInvestment,netBorrowings,cashflowFromFinancing,otherCashflowFromFinancing,changeInOperatingActivities,netIncome_y,changeInCash,operatingCashflow,otherOperatingCashflow,depreciation,dividendPayout,stockSaleAndPurchase,changeInInventory,changeInAccountReceivables,changeInNetIncome,capitalExpenditures,changeInReceivables,changeInExchangeRate,changeInCashAndCashEquivalents,clossingVal,nextClossingVal
0,2020-03-31,USD,426898,1751453,461782,-34884,-1804762,-2194875,None,None,-1826437,-7316,1751453,-18425,-1786337,None,21675,1268,-21680,-21675,-374490,None,None,-3667,-18425,-374486,-1822770,-2194875,None,USD,42852066,7715653,None,21241430,33898578,9082178,None,13644065,10023,-13076542,None,6443170,252857,176171,33713161,3346663,1483887,3788822,735473,27704913,None,-5076645,None,3091278,185417,3196034,16722433,None,None,10023,None,-13076542,None,None,252857,None,15147153,None,185417,None,185417,None,None,None,18359875,42852066,176171,None,10023289,USD,95220,1803734,95220,95220,843336,843336,843336,-275574,-2194875,139777,-798779,-1748747,556878,None,2717000,-1699171,-101128,389655,0,-101128,-280,139497,2.48,
1,2019-12-31,USD,157978,-40825,-726742,-236084,-755861,-2464406,None,None,-295619,-14491,-40825,-560602,-195259,None,-460242,0,-6340,460242,-2183280,None,None,-23025,-560602,-374486,-272594,-2464406,None,USD,30061778,7973179,None,21278316,21549193,8682635,None,13215421,9073,-10881667,None,None,None,36674,21549193,1272871,107383,3911404,38641,22049958,None,709456,None,27442,None,707526,7060901,None,None,9073,None,-10881667,None,None,8011820,None,8011820,None,None,None,0,None,None,None,15643825,30061778,36674,None,9073289,USD,737818,0,95220,166720,843336,-572498,998290,-275574,-2464406,-11849,-1128825,None,-454450,None,None,741300,None,876167,0,None,None,None,3.19,2.48
2,2019-09-30,USD,208402,359307,281014,-72612,-373201,-544469,None,None,-547689,-3220,359307,58718,-431919,-208402,174488,0,-174490,-174488,None,None,None,-1260,58718,-374486,-546429,-544469,None,USD,24364299,2348558,None,2459845,14557224,9960672,None,3647,8073,-8417261,None,None,None,245879,14557224,5794635,5656208,3775035,16802665,5213076,None,7612114,None,975624,None,1531728,8758942,None,None,8073,None,-8417261,None,None,19151223,None,19151223,None,None,None,0,None,None,None,14594825,24364299,245879,None,8073289,USD,-571101,77450,-571101,-571101,-1443,1463626,1465069,13749,-547689,-17033,-909558,9074,220196,None,None,-420121,27757,-276225,0,27757,-12832,-29865,1.09,3.19
3,2019-06-30,USD,333690,726940,319172,14518,-709719,-862096,None,None,-883245,-21149,726940,2703,-712422,-333690,173526,0,-173530,-173526,None,None,None,-8831,2703,-374486,-874414,-862096,None,USD,25036039,2431277,None,2259160,14418529,10772367,None,3748886,8073,-7872792,None,None,None,275744,14418529,5816981,5816981,4042261,17502022,5102740,None,8341090,None,1413101,None,1154735,8601548,None,None,8073,None,-7872792,None,None,19933299,None,19933299,None,None,None,0,None,None,None,14594825,25036039,275744,None,8073289,USD,0,-114432,-571101,-621164,-1475,230426,231901,18635,-883245,-163895,-394321,-10572,245351,None,None,-9373,236984,140966,0,236984,-45604,-209499,2.37,1.09
4,2019-03-31,USD,578712,521516,430676,148036,-423880,-567594,None,None,-542448,25146,521516,-50400,-373480,-578712,118568,0,151,-118568,-419830,None,None,13377,-50400,None,-555825,-567594,None,USD,24251500,2497582,None,169215,14588369,9800065,None,3318750,7573,-7010696,None,None,None,485243,14588369,5940447,5940447,4247863,18102063,3651855,None,7302483,None,1828925,None,1168472,8647922,None,None,7573,None,-7010696,None,None,20599645,None,20599645,None,None,None,0,None,None,None,12555325,24251500,485243,None,7573289,USD,0,180830,-571101,-621164,-105060,-105060,-105060,271889,-542448,262852,367912,-39276,252125,None,None,-205366,705703,16344,0,705703,25035,287887,6.2,2.37
5,2018-12-31,USD,4728121,13598814,4737994,-9873,-14402153,-14327188,None,None,-14528237,-201052,13598814,-793466,-13608687,-6542232,126084,None,None,None,-16787210,None,None,3,-919550,None,-14528240,-14327188,None,USD,23050799,2460668,None,131442,13065378,10135732,None,2268891,7573,-6443102,None,None,None,197356,13065378,5816961,None,4015936,17982858,2607273,None,7675064,None,1340509,None,937966,7248417,None,None,7573,None,-6443102,None,None,None,None,20443526,None,None,None,None,None,None,None,12555325,23050799,197356,None,7573289,USD,None,-445280,-571101,-621164,-29323,740199,769522,271889,-14528240,-61245,-800003,1180121,343674,None,500000,3562130,-4483631,13288745,0,-4201153,56852,-4393,15.73,6.2
6,2018-09-30,USD,1102693,370703,956694,145999,-222106,-310115,None,None,-314875,-4776,370703,2598,-224704,None,92769,20,None,None,None,None,None,16,-90171,None,-314891,-310115,None,USD,36391485,2479244,None,3910458,12511918,23836755,None,1657168,7573,7884086,None,None,None,201749,12511918,5825354,None,3389771,18319156,15593085,None,21357511,None,7041098,None,4439780,6686564,None,None,7573,None,7884086,None,None,None,None,20798400,None,None,None,None,None,None,None,12555325,36391485,201749,None,7573289,USD,None,66289,-99,-99,-714793,-714793,126841,111438,-314891,-12742,702150,123986,199365,None,500000,-219043,774096,8562,0,837882,-7730,-20472,4.7,15.73
7,2018-06-30,USD,564339,1835440,272548,291791,-1542818,-1649507,None,None,-1651526,-2117,1835440,831,-1543649,None,108708,None,None,None,None,None,None,98,-107877,None,-1651624,-1649507,None,USD,38804811,2587531,None,4145662,13560507,25194491,None,1544134,7573,8194201,None,None,None,222221,13560507,6798559,None,4437392,19226130,16991150,None,22606960,None,8393533,None,4229734,6761948,None,None,7573,None,8194201,None,None,None,None,21813661,None,None,None,None,None,None,None,12555325,38804811,222221,None,7573289,USD,None,88068,1540,1540,1218753,1218753,None,-870221,-1651624,-13696,-1233989,-501313,246750,None,None,-1375383,855590,1453606,0,505907,-12157,-25853,2.68,4.7
8,2018-03-31,USD,147079,448130,115642,31437,-416693,-499699,None,None,-505039,-5340,448130,None,-416693,None,88346,None,None,None,None,None,None,0,-88346,None,-505039,-499699,None,USD,41603059,2743592,None,3859222,13304542,28243861,None,1706328,7573,9843708,None,None,None,248074,13304542,6369275,None,5837255,20498524,18360943,None,25500269,None,11191409,None,3062238,6935267,None,None,7573,None,9843708,None,None,None,None,23242116,None,None,None,None,None,None,None,12555325,41603059,248074,None,7573289,USD,None,227219,1540,None,-1532895,-1032895,None,179806,-505039,-45023,987872,-81895,249047,None,500000,-912536,2007657,-5340,0,2011076,10943,-34080,1.4199,2.68
9,2017-12-31,USD,4652808,804691,4197855,454953,-376601,-465286,None,None,-465907,-642,804691,-26863,-349738,None,89306,None,None,None,None,None,None,21,-116169,None,-465928,-465286,None,USD,41433065,2664054,None,3645652,14136253,27247768,None,1802004,7073,10343407,None,None,None,282154,14136253,7223681,None,4841463,20013244,18755767,None,24583714,None,12763730,None,2064231,6912572,None,None,7073,None,10343407,None,None,None,None,22677298,None,None,None,None,None,None,None,12055825,41433065,282154,None,7073289,USD,None,-237562,-3908,-3908,1035961,1036079,None,1447846,-465928,256405,-775766,889065,330215,None,118,3080749,-4474298,101993,0,-4474298,4921,261326,0.97,1.4199
10,2017-09-30,USD,1141920,382288,1099971,41949,-340339,-418959,None,None,-426864,-7956,382288,None,-340339,None,86525,None,None,None,None,None,None,51,None,None,-426915,-418959,None,USD,40162485,2620260,None,4516417,13044913,27069027,None,None,7073,10808693,None,None,None,20828,13044913,6010970,None,4197436,19917149,17625076,None,24448767,None,7938891,None,5148940,7033943,None,None,7073,None,10808693,None,None,None,None,22537409,None,None,None,None,None,None,None,12055825,40162485,20828,None,7073289,USD,None,1086420,6300,6300,None,16385,None,None,-426915,17012,-5673,-711849,208634,None,16385,-289620,None,64500,0,63157,-12351,4661,0.93,0.97
11,2017-06-30,USD,1677404,456072,1383574,293830,-162242,-261333,None,None,-259170,None,456072,None,-162242,None,96928,None,None,None,None,None,None,2163,None,None,-261333,-261333,None,USD,38673007,2588163,None,3686093,11739292,26933715,None,None,7073,11227652,None,None,None,16167,11739292,5902414,None,3643165,19754001,16330843,None,24345552,None,7863028,None,4765555,5836878,None,None,7073,None,11227652,None,None,None,None,22342164,None,None,None,None,None,None,None,12055825,38673007,16167,None,7073289,USD,None,317080,-2392,-2392,None,None,None,None,-261333,9256,11648,946662,202989,None,None,92257,None,113100,0,-1399107,-12313,-3057,0.91,0.93
12,2017-03-31,USD,1036041,468534,910259,125782,-342752,-424239,None,None,-423730,None,468534,None,-342752,None,80978,None,None,None,None,None,None,509,None,None,-424239,-424239,None,USD,37880360,2560451,None,4572928,11241282,26639078,None,None,7073,11488985,None,None,None,19224,11241282,5805069,None,3087195,19612954,15706955,None,24078627,None,6335528,None,4779275,5436213,None,None,7073,None,11488985,None,None,None,None,22173405,None,None,None,None,None,None,None,12055825,37880360,19224,None,7073289,USD,None,552617,None,None,None,None,None,None,-424239,-138438,-138438,-1440499,202174,None,None,-137211,None,113100,0,995620,33025,-105413,1.1,0.91
13,2016-12-31,USD,2396495,915315,2014555,381940,-533310,-616306,None,None,-616708,None,915315,65,-533375,None,82998,None,None,None,None,None,None,-2,None,None,-616706,-616306,None,USD,37319117,2555704,None,3109069,10612059,26707058,None,None,7073,11913224,None,None,None,124637,10612059,5760618,None,2730936,19648469,15114944,None,24151354,None,7274674,None,4606564,4851441,None,None,7073,None,11913224,None,None,None,None,22204173,None,None,None,None,None,None,None,12055825,37319117,124637,None,7073289,USD,None,-72115,-405691,-214316,-52760,-52760,None,None,-616261,-143057,315394,-831483,420919,None,None,482847,None,57600,191375,873887,-5704,-148761,0.8651,1.1
14,2016-09-30,USD,1400352,155602,1543016,-142664,-295527,-381632,None,None,-381450,None,155602,2739,-298266,None,85923,None,None,None,None,None,None,182,None,None,-381632,-381632,None,USD,39551478,2676293,None,2020037,11152145,28399333,None,None,6653,12529485,None,None,None,273398,11152145,6050038,None,4162150,20849068,16026117,None,25723040,None,8440489,None,5292193,5102107,None,None,6653,None,12529485,None,None,None,None,23525361,None,None,None,None,None,None,None,11701045,39551478,273398,None,6653289,USD,None,-45702,-1814,-1814,-51,-51,None,None,-381677,67630,69495,-249855,140934,None,None,658667,None,38400,0,-91272,-3155,64475,1.15,0.8651
15,2016-06-30,USD,683754,250169,626086,57668,-192412,-276493,None,None,-276427,None,250169,89,-192501,None,84015,None,None,None,None,None,None,66,None,None,-276493,-276493,None,USD,40101226,2702310,None,1781441,11242823,28858403,None,None,6553,12911162,None,None,None,208923,11242823,6073743,None,4335543,21056022,16342894,None,26156093,None,8381127,None,5971403,5169080,None,None,6553,None,12911162,None,None,None,None,23758332,None,None,None,None,None,None,None,11605145,40101226,208923,None,6553289,USD,None,117411,None,None,53526,53526,None,None,-276493,-154609,-208135,19140,145020,None,None,-94105,None,None,0,-119108,-8388,-162997,0.7489,1.15
16,2016-03-31,USD,1560660,307733,1708835,-148175,-455908,-543148,None,None,-543148,None,307733,None,-455908,None,87240,None,None,None,None,None,None,None,None,None,-543148,-543148,None,USD,41422362,2800224,None,1846129,11392430,30029932,None,None,6553,13187655,None,None,None,371920,11392430,6203570,None,5230579,21833143,16788995,None,27229708,None,8514573,None,6056373,5188860,None,None,6553,None,13187655,None,None,None,None,24633367,None,None,None,None,None,None,None,11605145,41422362,371920,None,6553289,USD,None,-754550,None,None,-45875,-45875,None,None,-543148,-62797,-16922,152838,291316,None,None,1027044,None,None,0,-190422,146,-62651,0.741,0.7489
17,2015-09-30,USD,2621274,291674,2248147,373127,98202,-6519,None,None,-6430,None,291674,16749,81453,None,104632,None,None,None,None,None,None,89,None,None,-6519,-6519,None,USD,44813173,2874172,None,654950,13025822,31787351,None,None,6553,14487671,None,None,None,304854,13025822,6452831,None,5687982,25626049,16312952,None,28913179,None,8121502,None,7231646,6572991,None,None,6553,None,14487671,None,None,None,None,28500221,None,None,None,None,None,None,None,11605145,44813173,304854,None,6553289,USD,None,969052,-722148,None,170177,170177,None,None,-6519,66223,618194,699322,344791,None,None,-786617,None,None,722148,-601835,-22738,43485,1.23,0.741
18,2015-06-30,USD,1309729,356041,963099,346630,-8062,-120004,None,None,-119928,None,356041,1349,-9411,None,111866,None,None,None,None,None,None,76,None,None,-120004,-120004,None,USD,47597169,3016208,None,1386527,14396226,33200943,None,None,6553,14494190,None,None,None,2232201,14396226,8532059,None,7095055,26345961,18235000,None,30184735,None,7877745,None,6738527,5864167,None,None,6553,None,14494190,None,None,None,None,29362169,None,None,None,None,None,None,None,11605145,47597169,2232201,None,6553289,USD,None,-31001,3472,None,-8179,-8179,None,None,-120004,-4362,345,-60662,355207,None,None,-310875,None,None,3472,167680,4807,445,1.55,1.23
19,2015-03-31,USD,1181075,282306,894527,286548,16060,-86051,None,None,-85843,None,282306,11818,4242,None,101903,None,None,None,None,None,None,208,None,None,-86051,-86051,None,USD,45630087,3023075,None,1322972,14139640,31490447,None,None,5719,14614194,None,None,None,260924,14139640,6547609,None,6982888,26600204,16006808,None,28467372,None,8015052,None,6407860,7592031,None,None,5719,None,14614194,None,None,None,None,29623279,None,None,None,None,None,None,None,9887646,45630087,260924,None,5719147,USD,None,-970778,-174141,None,None,None,None,None,-86051,-1048106,-873965,-450593,232455,None,None,-740436,None,None,174141,1141438,4900,-1043206,1.75,1.55
