,fiscalDateEnding,reportedCurrency_x,totalRevenue,totalOperatingExpense,costOfRevenue,grossProfit,ebit,netIncome_x,researchAndDevelopment,effectOfAccountingCharges,incomeBeforeTax,minorityInterest,sellingGeneralAdministrative,otherNonOperatingIncome,operatingIncome,otherOperatingExpense,interestExpense,taxProvision,interestIncome,netInterestIncome,extraordinaryItems,nonRecurring,otherItems,incomeTaxExpense,totalOtherIncomeExpense,discontinuedOperations,netIncomeFromContinuingOperations,netIncomeApplicableToCommonShares,preferredStockAndOtherAdjustments,reportedCurrency_y,totalAssets,intangibleAssets,earningAssets,otherCurrentAssets,totalLiabilities,totalShareholderEquity,deferredLongTermLiabilities,otherCurrentLiabilities,commonStock,retainedEarnings,otherLiabilities,goodwill,otherAssets,cash,totalCurrentLiabilities,shortTermDebt,currentLongTermDebt,otherShareholderEquity,propertyPlantEquipment,totalCurrentAssets,longTermInvestments,netTangibleAssets,shortTermInvestments,netReceivables,longTermDebt,inventory,accountsPayable,totalPermanentEquity,additionalPaidInCapital,commonStockTotalEquity,preferredStockTotalEquity,retainedEarningsTotalEquity,treasuryStock,accumulatedAmortization,otherNonCurrrentAssets,deferredLongTermAssetCharges,totalNonCurrentAssets,capitalLeaseObligations,totalLongTermDebt,otherNonCurrentLiabilities,totalNonCurrentLiabilities,negativeGoodwill,warrants,preferredStockRedeemable,capitalSurplus,liabilitiesAndShareholderEquity,cashAndShortTermInvestments,accumulatedDepreciation,commonStockSharesOutstanding,reportedCurrency,investments,changeInLiabilities,cashflowFromInvestment,otherCashflowFromInvestment,netBorrowings,cashflowFromFinancing,otherCashflowFromFinancing,changeInOperatingActivities,netIncome_y,changeInCash,operatingCashflow,otherOperatingCashflow,depreciation,dividendPayout,stockSaleAndPurchase,changeInInventory,changeInAccountReceivables,changeInNetIncome,capitalExpenditures,changeInReceivables,changeInExchangeRate,changeInCashAndCashEquivalents,clossingVal,nextClossingVal
0,2020-06-30,USD,53441000,-24291000,-19869000,73310000,4064000,1351000,None,None,1350000,-6279000,-4068000,44000,4020000,49523000,2714000,-1000,None,-2714000,None,-102000,None,-1000,-1149000,None,1351000,1372000,-21000,USD,287037000,12715000,None,26609000,314981000,-35678000,2964000,6868000,342651000,None,4307000,6728000,3036000,1042000,43082000,3589000,None,-35678000,222947000,31977000,None,-40659000,None,22530000,267592000,None,3303000,None,None,None,None,None,None,None,1194000,None,236856000,9887000,267592000,1343000,271899000,None,None,None,None,287037000,1042000,None,None,USD,-2178000,689000,-2178000,None,-4000000,8106000,-841000,3557000,1351000,9457000,1351000,None,6166000,8106000,None,None,-1748000,5122000,3786000,None,None,9457000,1.4,
1,2020-03-31,USD,79110000,-24939000,-42475000,121585000,3407000,6279000,None,None,8000,-6279000,-3540000,558000,2849000,76076000,3399000,8000,-3399000,-3399000,None,185000,None,8000,-4749000,None,0,6279000,None,USD,290072000,13402000,None,8723000,311167000,-29242000,1792000,6254000,348984000,None,4154000,6728000,3344000,671000,35421000,None,None,-29242000,226398000,29851000,None,-41225000,None,20457000,271592000,None,3992000,None,None,None,None,None,None,None,11600000,None,2093000,10471000,271592000,2362000,275746000,None,None,None,None,290072000,671000,None,41000000,USD,-15096000,1024000,-15096000,-12196000,16000000,8137000,-766000,-9111000,0,8137000,7874000,None,6094000,8082000,55000,None,4201000,5415000,2900000,None,None,8137000,0.88,1.4
2,2019-12-31,USD,89433000,-252459000,-165818000,255251000,8213000,4340000,None,None,4364000,-6279000,-125429000,268000,7945000,236077000,3581000,24000,0,-3581000,None,-2726000,None,24000,-1472000,None,4340000,4629000,-289000,USD,301940000,14088000,None,28522000,312585000,-21323000,2344000,2627000,356777000,None,4136000,6728000,2763000,558000,54576000,None,None,-21323000,232777000,34076000,None,-24733000,None,24826000,255592000,None,3125000,None,None,None,None,None,None,None,1169000,None,248034000,10920000,255592000,2417000,258009000,None,None,None,None,301940000,558000,None,41000000,USD,-1997000,-3556000,-1997000,8410000,-3000000,8083000,-820000,206000,4340000,12423000,4340000,None,6322000,8083000,176000,None,2197000,1862000,3318000,None,None,12423000,1.13,0.88
3,2019-09-30,USD,91756000,-25168000,-51663000,143419000,10962000,6959000,None,None,6973000,-6278000,-3840000,None,10962000,80754000,3989000,14000,0,-3989000,None,40000,None,14000,-123000,None,6959000,6849000,110000,USD,313975000,14775000,None,36518000,309302000,-17901000,2595000,3352000,360144000,None,16811000,6728000,3104000,2777000,47002000,None,None,-17901000,238818000,38337000,None,-2055000,None,27786000,258592000,None,4036000,None,None,None,None,None,None,None,1348000,None,246894000,11447000,258592000,3708000,262300000,None,None,None,None,313975000,2777000,None,41000000,USD,-2450000,-2096000,-2450000,7089000,-3000000,8187000,-808000,3568000,6959000,15146000,6959000,None,6240000,8084000,103000,None,12000,522000,3188000,None,None,15146000,1.12,1.13
4,2019-06-30,USD,94425000,86922000,56931000,94425000,7235000,3356000,None,None,3369000,-6279000,28877000,None,7235000,20510000,4134000,13000,0,-4134000,None,1114000,None,13000,-765000,None,3356000,3409000,-53000,USD,316262000,15461000,None,7477000,312048000,-17168000,2846000,26176000,360861000,None,16801000,6728000,3380000,1542000,45187000,None,None,-17168000,241130000,36801000,None,-17975000,None,27782000,261592000,None,19011000,None,None,None,None,None,None,None,13296000,None,2846000,12084000,261592000,5269000,266861000,None,None,None,None,316262000,1542000,None,40714857,USD,-3392000,-9076000,-3392000,6351000,9000000,8079000,-745000,-1311000,3356000,11435000,3356000,None,6237000,8079000,73000,None,2636000,1380000,3439000,None,None,11435000,1.16,1.12
5,2019-03-31,USD,95456000,87416000,55361000,95456000,8040000,3757000,None,None,3769000,-6279000,86297000,None,8040000,None,4271000,12000,-4271000,-4271000,None,1119000,None,12000,605000,None,3757000,3862000,-105000,USD,319656000,16147000,None,7127000,312590000,-12739000,3098000,36399000,365220000,None,15829000,6728000,3660000,1209000,54671000,2768000,2768000,-12739000,243063000,37833000,None,-15809000,None,29497000,252592000,None,18272000,None,None,None,None,None,None,None,12787000,None,3098000,11703000,252592000,5327000,257919000,None,None,None,None,319656000,1209000,None,40714857,USD,3503000,10099000,3503000,6304000,-13000000,9815000,-597000,-5312000,3757000,13572000,3757000,None,6734000,9742000,73000,None,4480000,-387000,2801000,None,None,13572000,1.03,1.16
6,2018-12-31,USD,123224000,169895000,114492000,123224000,-46522000,-50682000,0,0,-50699000,-6279000,117458000,None,-46522000,0,-29543000,None,None,None,0,52288000,0,-17000,-56765000,0,-50682000,-51492000,810000,USD,323304000,16834000,None,9345000,320181000,-6896000,3349000,21725000,370972000,None,15743000,6700000,3955000,1455000,48865000,None,None,-6896000,248261000,47526000,None,-3577000,None,36726000,269602000,None,27140000,None,None,None,None,None,None,None,17440000,None,3349000,None,269602000,1714000,271316000,None,None,None,None,323304000,1455000,None,40424372,USD,2225000,2660000,-4496000,73855000,-6151000,9744000,-832000,-6079000,-50682000,-40938000,-50682000,None,7414000,9744000,208000,None,13878000,52345000,4840000,None,None,-40938000,1.15,1.03
7,2018-09-30,USD,133095000,126432000,122095000,133095000,6663000,2408000,0,0,2573000,-6279000,126417000,None,6663000,0,4090000,None,None,None,0,15000,0,165000,-4168000,0,2408000,2447000,-39000,USD,386239000,18169000,None,11980000,333202000,53037000,3600000,26517000,429959000,0,4471000,6728000,3600000,1926000,57139000,None,None,53037000,295272000,62470000,None,46309000,0,48564000,275318000,0,30622000,0,0,0,253923000,0,0,None,18169000,None,3600000,None,275318000,745000,276063000,None,None,None,None,386239000,1926000,None,40387006,USD,None,416000,81917000,93245000,-78000000,9754000,-814000,11740000,2408000,12162000,2408000,None,7166000,9754000,0,0,-15648000,818000,7435000,None,None,12162000,2.1,1.15
8,2018-06-30,USD,84092000,77262000,72776000,84092000,6830000,1785000,0,0,1806000,-6279000,77262000,None,6830000,0,5024000,None,None,None,0,-616000,0,21000,-4425000,0,1785000,1813000,-28000,USD,390506000,18919000,None,14809000,403871000,-13365000,3802000,23802000,436416000,0,4675000,6728000,20659000,1193000,49604000,349592000,349592000,-13365000,312568000,48489000,None,-20093000,0,32487000,353307000,0,25802000,0,0,0,253923000,0,0,None,18919000,None,3802000,None,353307000,960000,354267000,None,None,None,None,390506000,1193000,None,40326571,USD,None,-1307000,-13695000,3893000,15000000,12651000,-1038000,23340000,1785000,14436000,1785000,None,7412000,12651000,0,0,-20869000,108000,17562000,None,None,14436000,3.4,2.1
9,2018-03-31,USD,44424000,38609000,33772000,44424000,8040000,4442000,0,0,4471000,-6278000,37993000,2225000,5815000,0,3569000,None,None,None,0,616000,0,29000,-2196000,0,4442000,4673000,-231000,USD,361591000,19654000,None,10488000,364736000,-3145000,4186000,11675000,446471000,0,4638000,6728000,5722000,2081000,25506000,334592000,334592000,-3145000,305952000,25071000,None,-9873000,0,12502000,338234000,0,13831000,0,0,0,253923000,0,0,None,19654000,None,4186000,None,338234000,996000,339230000,None,None,None,None,361591000,2081000,None,40321442,USD,2225000,4138000,-24271000,26000,27000000,12770000,-1107000,-1773000,4442000,17212000,4442000,None,7367000,12587000,183000,0,-2811000,-1447000,4563000,None,None,17212000,4.25,3.4
10,2017-12-31,USD,44248000,187778000,26680000,49327000,27823000,361000,0,0,380000,-703653000,4112000,None,5903000,0,3244000,None,None,None,0,51000,0,19000,-12004000,0,19413000,-9377000,None,USD,340869000,13309000,None,10447000,336185000,4684000,4442000,7691000,454358000,0,4950000,3900000,21225000,2469000,23643000,307817000,307817000,4684000,296069000,23575000,None,784000,0,10659000,311490000,0,15952000,0,0,0,253923000,0,0,None,12913000,None,4442000,None,311490000,1052000,312542000,None,None,None,None,340869000,2469000,None,40158342,USD,26489000,2025000,17071000,9297000,-16408000,-72400000,-8483000,1471000,361000,-835000,54494000,None,31139000,-49163000,0,0,-24000,-1439000,18715000,None,None,None,5.1,4.25
11,2017-09-30,USD,47367000,35148000,23374000,47367000,13331000,9771000,0,0,9831000,-6279000,35148000,1112000,12219000,0,3500000,None,None,None,0,2388000,0,60000,0,0,9771000,10083000,-312000,USD,338057000,4746000,None,10048000,29717000,9664000,633000,11021000,0,0,4762000,4746000,22902000,2648000,26039000,61000,61000,9664000,292574000,22581000,None,303594000,0,9885000,297592000,0,14957000,0,0,0,253923000,0,0,None,13494000,None,4662000,None,297592000,451000,3678000,None,None,None,None,338057000,2648000,None,38242025,USD,1112000,-1020000,22326000,9202000,-6000000,12303000,-1312000,2403000,9771000,22074000,9771000,None,0,12303000,0,0,352000,-589000,13312000,None,None,22074000,5.7,5.1
12,2017-06-30,USD,43123000,36618000,24440000,43123000,10677000,6371000,0,0,6412000,-6279000,36601000,4172000,6505000,0,4265000,None,None,None,0,17000,0,41000,0,0,6371000,6627000,-256000,USD,346096000,4746000,None,10336000,29318000,11651000,0,12030000,0,0,4907000,4746000,23266000,3274000,25946000,304564000,304564000,11651000,298345000,24485000,None,312032000,0,10875000,304564000,0,13916000,0,0,0,253923000,0,0,None,13761000,None,4759000,None,304564000,563000,3372000,None,None,None,None,346096000,3274000,None,38155434,USD,25324000,1027000,23467000,8474000,-26408000,12298000,-4861000,3768000,6371000,18669000,6371000,None,0,12298000,0,0,1785000,-2723000,10331000,None,None,18669000,6.25,5.7
13,2017-03-31,USD,46215000,39658000,26979000,46215000,6618000,3542000,0,0,3588000,-6279000,39630000,61000,6557000,0,3030000,None,None,None,0,28000,0,46000,0,0,3542000,3751000,-209000,USD,374067000,4746000,None,10316000,357138000,16929000,0,10928000,0,0,4959000,4746000,46169000,2807000,22179000,331195000,331195000,16929000,306225000,26038000,None,12183000,0,12915000,334377000,0,11251000,0,0,0,253923000,0,0,None,35343000,None,1715000,None,334377000,582000,334959000,None,None,None,None,374067000,2807000,None,38155434,USD,25324000,61000,-1202000,2850000,6000000,12356000,-773000,-166000,3542000,15898000,3542000,None,0,12252000,104000,0,3806000,-793000,4052000,None,None,15898000,6.75,6.25
14,2016-12-31,USD,46020000,143450000,25745000,52173000,-10139000,1951000,0,0,2012000,-699527000,5188000,None,6714000,0,1812000,None,None,None,0,67993000,0,61000,-38524000,0,-54122000,-35539000,None,USD,375663000,15721000,None,13749000,350087000,25576000,2050000,7012000,471180000,0,5546000,4746000,41872000,3304000,20541000,325947000,325947000,25576000,307334000,26457000,20561000,20830000,0,9404000,328906000,0,13529000,0,0,0,253923000,0,0,None,14515000,None,2050000,None,328906000,640000,329546000,None,None,None,None,375663000,3304000,None,38003397,USD,26489000,-1618000,-159563000,0,79000000,106980000,-1714000,1355000,1951000,266000,52849000,None,30820000,-47219000,0,0,1351000,25320000,19995000,None,None,None,6.85,6.75
15,2016-09-30,USD,47043000,33645000,21156000,47043000,13703000,11419000,0,0,11528000,-6279000,33645000,305000,13398000,0,2175000,None,None,None,0,-64806000,0,109000,0,0,11419000,11760000,-341000,USD,354006000,4746000,None,11461000,283305000,70701000,0,9827000,0,0,6985000,4746000,41598000,4285000,22320000,None,None,70701000,286829000,25579000,20164000,65955000,0,9833000,260933000,0,12493000,0,0,0,204599000,0,0,None,14299000,None,2389000,None,260933000,52000,260985000,None,None,None,None,354006000,4285000,None,37122607,USD,25324000,-923000,-33144000,1488000,-25000000,32036000,91000,1306000,11419000,43959000,11923000,None,0,11223000,20813000,0,950000,504000,15643000,None,None,43959000,6.09,6.85
16,2016-06-30,USD,43439000,58787000,23688000,43439000,-15191000,-18936000,0,0,-18888000,-5389000,36213000,157000,-15348000,0,3697000,None,None,None,0,22574000,0,48000,0,0,-18936000,-19131000,195000,USD,358374000,4746000,None,12372000,309571000,48803000,0,9841000,0,0,7774000,4746000,41008000,3034000,22797000,None,None,48803000,289733000,27633000,19859000,44057000,0,12227000,286713000,0,12956000,0,0,0,204599000,0,0,None,14625000,None,1778000,None,286713000,61000,286774000,None,None,None,None,358374000,3034000,None,33213513,USD,None,1548000,-29333000,1233000,6000000,10657000,-1719000,460000,-18936000,-7617000,-18274000,None,0,10657000,0,0,1950000,662000,11577000,None,None,-7617000,5.22,6.09
17,2016-03-31,USD,40976000,35963000,23812000,40976000,5637000,726000,0,0,767000,-5391000,35692000,624000,5013000,0,4870000,None,None,None,0,271000,0,41000,0,0,726000,870000,-144000,USD,381271000,4746000,None,6037000,303575000,77696000,0,10847000,0,0,7420000,4746000,41377000,2016000,23155000,None,None,77696000,319641000,20253000,19702000,72950000,0,12200000,280350000,0,12308000,0,0,0,204599000,0,0,None,14948000,None,1981000,None,280350000,70000,280420000,None,None,None,None,381271000,2016000,None,33198339,USD,None,None,-22374000,884000,None,10747000,None,None,726000,11626000,879000,None,0,10593000,154000,0,2098000,153000,4269000,None,None,11626000,4.79,5.22
18,2015-12-31,USD,43882000,148616000,25107000,50389000,31413000,-8127000,0,0,-7348000,-611204000,4590000,None,7098000,0,657000,None,None,None,0,21996000,0,27000,-24694000,0,6396000,-23978000,None,USD,364746000,8157000,None,5781000,277527000,87219000,2201000,21640000,493824000,0,5651000,4387000,32452000,3038000,26876000,248103000,248103000,87219000,312934000,19360000,19078000,483040000,0,10541000,245000000,0,5236000,0,0,0,204599000,0,0,None,None,None,None,None,None,None,None,None,None,None,None,None,None,None,33000000,USD,3268000,2805000,-44605000,14687000,29000000,-15550000,-4229000,6003000,5842000,377000,60532000,None,27228000,-41600000,0,0,1010000,18943000,41609000,None,None,None,5.62,4.79
19,2015-09-30,USD,53430000,36420000,24921000,53430000,18409000,13967000,0,0,14066000,-5391000,36420000,1399000,17010000,0,4343000,None,None,None,0,0,0,99000,0,0,13967000,14343000,-376000,USD,383030000,10727000,None,6545000,269019000,114011000,0,7863000,0,0,9086000,10727000,36134000,1136000,27933000,None,None,114011000,326435000,20461000,19684000,103284000,0,12780000,240997000,0,20070000,0,0,0,204599000,0,0,None,3293000,None,2430000,None,240997000,89000,241086000,None,None,None,None,383030000,1136000,None,33018206,USD,None,None,-27737000,13540000,None,10649000,None,None,13969000,25345000,14696000,None,0,10463000,186000,0,867000,727000,30044000,None,None,25345000,5.65,5.62
