,fiscalDateEnding,reportedCurrency_x,totalRevenue,totalOperatingExpense,costOfRevenue,grossProfit,ebit,netIncome_x,researchAndDevelopment,effectOfAccountingCharges,incomeBeforeTax,minorityInterest,sellingGeneralAdministrative,otherNonOperatingIncome,operatingIncome,otherOperatingExpense,interestExpense,taxProvision,interestIncome,netInterestIncome,extraordinaryItems,nonRecurring,otherItems,incomeTaxExpense,totalOtherIncomeExpense,discontinuedOperations,netIncomeFromContinuingOperations,netIncomeApplicableToCommonShares,preferredStockAndOtherAdjustments,reportedCurrency_y,totalAssets,intangibleAssets,earningAssets,otherCurrentAssets,totalLiabilities,totalShareholderEquity,deferredLongTermLiabilities,otherCurrentLiabilities,commonStock,retainedEarnings,otherLiabilities,goodwill,otherAssets,cash,totalCurrentLiabilities,shortTermDebt,currentLongTermDebt,otherShareholderEquity,propertyPlantEquipment,totalCurrentAssets,longTermInvestments,netTangibleAssets,shortTermInvestments,netReceivables,longTermDebt,inventory,accountsPayable,totalPermanentEquity,additionalPaidInCapital,commonStockTotalEquity,preferredStockTotalEquity,retainedEarningsTotalEquity,treasuryStock,accumulatedAmortization,otherNonCurrrentAssets,deferredLongTermAssetCharges,totalNonCurrentAssets,capitalLeaseObligations,totalLongTermDebt,otherNonCurrentLiabilities,totalNonCurrentLiabilities,negativeGoodwill,warrants,preferredStockRedeemable,capitalSurplus,liabilitiesAndShareholderEquity,cashAndShortTermInvestments,accumulatedDepreciation,commonStockSharesOutstanding,reportedCurrency,investments,changeInLiabilities,cashflowFromInvestment,otherCashflowFromInvestment,netBorrowings,cashflowFromFinancing,otherCashflowFromFinancing,changeInOperatingActivities,netIncome_y,changeInCash,operatingCashflow,otherOperatingCashflow,depreciation,dividendPayout,stockSaleAndPurchase,changeInInventory,changeInAccountReceivables,changeInNetIncome,capitalExpenditures,changeInReceivables,changeInExchangeRate,changeInCashAndCashEquivalents,clossingVal,nextClossingVal
0,2020-06-30,USD,4830828,2870223,None,4830828,1960605,1501023,None,None,1960605,None,1981490,None,1960605,334199,76005,459582,4203211,4127206,None,None,None,459582,None,None,1501023,1501023,None,USD,542621550,None,None,None,488660695,53960855,None,473697177,None,7131796,1962252,None,307393587,96231430,475688921,None,None,2054528,17133155,206470620,108906662,53960855,108906662,1332528,None,None,1991744,None,None,None,None,7131796,-2515472,None,14568686,None,336150930,12971774,None,12971774,12971774,None,None,None,47290003,542621550,205138092,None,5530682,USD,-46754411,0,-46754411,None,None,40349296,41315644,170554,1501023,-10924694,-4519579,None,106136,-884858,-81490,None,-98944,-6198348,3183,-98944,None,-10924694,16.79,
1,2020-03-31,USD,4834985,2856521,None,4834985,1978464,1521131,None,None,1978464,None,1931165,None,1978464,400049,94072,457333,4301426,4207354,None,None,None,457333,None,None,1521131,1521131,None,USD,499720200,None,None,None,447293973,52426227,None,432381533,None,6515681,1785294,None,276205976,107156124,434202673,None,None,1083830,17355634,200805546,92415838,52426227,92415838,1233584,None,None,1821140,None,None,None,None,6515681,-2325225,None,14935829,None,298914654,13091300,None,13091300,13091300,None,None,None,47151941,499720200,199571962,None,5530363,USD,4382818,0,4382818,None,None,52309567,53189878,377465,1521131,58061705,1369320,None,104638,-884800,4489,None,76188,-710102,78537,76188,None,58061705,15.0,16.79
2,2019-12-31,USD,5067096,-13179227,None,349263,13528490,1773531,None,None,2296079,None,2939204,None,13528490,516545,112311,522548,4578390,4466079,None,None,None,522548,None,None,1773531,1773531,None,USD,445012520,None,144832880,6372170,393844488,51168032,None,379191655,None,5879409,1404868,None,271596323,49094419,380635271,None,None,482814,17499652,150854147,100449956,51168032,100449956,1309772,None,None,1443616,None,None,None,None,5879409,-2325225,None,14736738,None,294158373,13209217,None,13209217,13209217,None,None,None,47131034,445012520,149544375,None,5530001,USD,-1655152,0,-1655152,22083920,None,-9450491,-8012692,-213122,1773531,-9321040,1784603,-241520,59687,-1437799,138290,None,-241520,406027,691919,None,None,-9321040,18.78,15.0
3,2019-09-30,USD,5209878,2581823,None,5199878,2618055,2014791,None,None,2618055,None,1664631,None,2618055,497727,213876,603264,4827684,4613808,None,None,None,603264,None,None,2014791,2014791,None,USD,453060365,None,154483680,6286832,402739874,50320491,None,387204347,None,4990680,2162130,None,273076111,58415459,389414082,None,None,544147,16983995,158064828,98297968,50320491,98297968,1351401,None,None,2209735,None,None,None,None,4990680,-2325225,None,15016034,None,294995537,13325792,None,13325792,13325792,None,None,None,47110889,453060365,156713427,None,5530001,USD,10732516,0,10732516,23047150,None,2548285,3394442,-295300,2014791,13318968,38167,235374,61558,-884044,37887,None,235374,-1978256,1030447,None,None,13318968,18.7,18.78
4,2019-06-30,USD,5160858,2634782,0,5025858,2391076,1840847,0,0,2391076,0,1664436,0,2391076,543099,245226,550229,4813345,4568119,0,0,0,550229,0,0,1840847,1840847,0,USD,442374445,0,139558770,4440127,392979830,49394615,0,383809905,0,4413687,1887479,0,281498906,45096491,385761186,0,0,253296,2689314,148092599,101430963,49394615,101430963,1565145,0,0,1951281,0,0,0,0,4413687,-2314107,0,9000468,0,294281846,7218644,0,7218644,7218644,0,0,0,47041739,442374445,146527454,0,5525278,USD,8106393,112218,8106393,11284190,0,7598181,8431723,112218,1840847,17774553,2069979,312768,57159,-882676,49134,0,312768,-320983,396712,0,0,17774553,18.88,18.7
5,2019-03-31,USD,9540691,-2659361,0,9540691,12200052,1689264,0,0,2188497,0,-2659361,0,12200052,615705,-243758,499233,4692833,4449075,0,0,0,499233,0,0,1689264,1689264,0,USD,431823822,0,140139010,3936259,384492591,47331231,0,375378182,0,3456884,1775395,0,273537421,27321938,377215877,0,0,-785269,2349761,146222506,273546272,47331231,117401729,1498839,7276714,0,1837695,0,0,0,0,3456884,-2268264,0,9705283,0,285601316,7276714,0,7276714,7276714,0,0,0,46927880,431823822,144723667,0,5516725,USD,2714557,487408,2714557,2781084,0,-7775579,-7000206,487408,1689264,-4510303,550719,-528022,124733,-826638,51265,0,-528022,-1222664,66527,0,0,-4510303,18.23,18.88
6,2018-12-31,USD,23052826,-2970411,0,23052826,26023237,1806194,0,0,1945504,0,-2970411,0,26023237,474390,-694386,None,None,None,0,0,0,139310,0,0,1806194,1806194,0,USD,429135198,0,None,2761353,383672637,45462561,0,382378388,0,2650296,1130373,0,272537523,31832241,383672637,0,0,-1777205,2335207,153063030,271649374,45462561,119668874,1561915,0,0,1294249,0,0,0,0,2650296,-2268264,0,2087587,0,276072168,0,0,0,0,0,0,0,46857734,429135198,151501115,0,5510917,USD,333000,-191403,236971,309937,0,-2040599,-662870,-191403,1806194,2071220,3874848,223188,127446,-1377729,193570,0,0,1909423,72966,0,0,2071220,18.21,18.23
7,2018-09-30,USD,4828845,-2816474,0,4828845,7645319,1778153,0,0,2012371,0,-2816474,0,7645319,797319,0,None,None,None,0,0,0,234218,-33476,0,1778153,1778153,0,USD,428377382,0,None,4332595,385077848,43299534,0,383041258,0,1295509,1887411,0,273366561,29761021,385077848,0,0,-2566563,2314004,149835590,273383100,43299534,118603201,1471368,0,0,2036590,0,0,0,0,1295509,-2268264,0,2844688,0,278541792,0,0,0,0,0,0,0,46838852,428377382,148364222,0,5510312,USD,604927,277697,4373266,4458493,0,-32321,701649,277697,1778153,7496682,3155737,97446,125141,-825092,91122,0,0,877300,85227,0,0,7496682,20.3,18.21
8,2018-06-30,USD,4764266,-2651515,0,4764266,7415781,1726357,0,0,2112751,0,-2651515,None,7415781,628867,0,None,None,None,0,0,0,386394,-24137,0,1726357,1726357,None,USD,426770905,0,None,5219964,383546171,43224734,0,382339609,0,894779,1071816,0,276764419,22264339,383546171,0,0,-2133748,2279016,143664478,277748223,43224734,119831325,1568814,0,411842,1206562,0,0,0,0,894779,-2268264,None,3079188,None,283106427,None,None,None,None,None,None,None,46731967,426770905,142095664,None,5500616,USD,-12010376,-223163,-4552441,7537426,0,-9010905,-8345955,-223163,1726357,-12156033,1407313,152106,120395,-748629,83679,0,0,-130165,79491,None,None,-12156033,20.7,20.3
9,2018-03-31,USD,4603124,-2641834,165000,4603124,7244958,1612230,0,0,1961290,0,-2641834,None,7244958,685782,96782,None,None,None,0,0,0,349060,0,0,1612230,1612230,None,USD,434649189,0,None,5008643,392032340,42616849,0,390685564,46608000,8471780,1228332,0,266624990,34420372,392032340,None,None,-1744294,2244811,161703524,267808301,42616849,125914894,1368258,0,435479,1346776,0,0,0,0,0,-2247415,None,2892553,None,272945665,None,None,None,None,None,None,None,46608558,434649189,160335266,None,5489967,USD,2032326,431940,13953356,11970377,None,-12932363,-12202736,431940,1612230,1900153,879160,None,126469,-748395,18768,0,0,-1529696,49347,238217,None,1900153,20.1,20.7
10,2017-12-31,USD,4753211,2696005,112000,4753211,2057206,848699,0,0,2057206,0,2696005,None,2057206,3851161,327532,None,None,None,0,0,0,1208507,-92652,0,848699,848699,None,USD,446566498,0,None,3814643,403801863,42764635,0,402888300,37236000,8471780,914000,0,142968000,32520219,403801863,None,None,-696296,2244525,173491389,268398965,42764635,139250250,1720920,0,2529000,913563,0,0,0,0,8471780,-2247415,None,2431619,None,273075109,None,None,None,None,None,None,None,37236566,446566498,171770469,None,4989279,USD,-15584740,-304237,-15537517,89355,None,15640091,16341262,46412,848699,2351022,2248448,40321,138438,-747672,46501,2292000,0,1889015,42132,-363788,None,2351022,19.31,20.1
11,2017-09-30,USD,4468289,2484538,132000,4468289,1983751,1440653,0,0,1983751,0,2484538,None,1983751,-1986623,3480,None,None,None,0,0,0,543098,0,0,1440653,1440653,None,USD,431474309,0,None,4446372,387764841,43709468,0,386547038,37173000,8558442,1218000,0,130121000,30169197,387764841,None,None,225673,2252832,157994623,268363502,43709468,126496884,1328542,0,3685000,1217803,0,0,0,0,8558442,-2247415,None,2863352,None,273479686,None,None,None,None,None,None,None,37172768,431474309,156666081,None,4984479,USD,-23464670,207456,-3263125,20231265,None,-301531,254769,207456,1440653,-2458743,1105913,None,142177,-695784,139484,1268000,0,-907188,29720,222815,None,-2458743,19.15,19.31
12,2017-06-30,USD,4493242,2590123,136000,4493242,1903119,1386385,0,0,1903119,0,2590123,None,1903119,639855,-1151,None,None,None,0,0,0,516734,0,0,1386385,1386385,None,USD,430303999,0,None,3783558,387251040,43052959,0,386292269,37015000,7865149,959000,0,136395000,32627940,387251040,None,None,419803,2270977,166839678,258534431,43052959,132660381,1551357,0,2708000,958771,0,0,0,0,7865149,-2247415,None,2658913,None,263464321,None,None,None,None,None,None,None,37015422,430303999,165288321,None,4969889,USD,-7195244,-228593,-7249825,0,None,-325971,327530,-228593,1386385,-5648020,1927776,46143,147816,-695169,41668,2154000,0,950092,54581,-374067,None,-5648020,20.25,19.15
13,2017-03-31,USD,4244013,2471630,99000,4244013,1772383,1226088,0,0,1772383,0,2471630,None,1772383,2500,94139,None,None,None,0,0,0,546295,0,0,1226088,1226088,None,USD,428796627,0,None,4701936,387151488,41645139,0,385964739,36956000,7174548,1187000,0,132623000,38275960,387151488,None,None,-238041,2263872,168767238,255111632,41645139,129313988,1177290,0,4047000,1186749,0,0,0,0,7174548,-2247415,None,2653885,None,260029389,None,None,None,None,None,None,None,36956047,428796627,167589948,None,4971539,USD,-3712638,371786,-3727404,0,None,12861214,13441888,371786,1226088,12033630,2899820,None,145946,-693864,113190,861000,0,719288,14766,436712,None,12033630,20.8,20.25
14,2016-12-31,USD,4244920,2728597,270000,4244920,1516323,1312879,0,0,1516323,0,2728597,None,1516323,2623617,184299,None,None,None,0,0,0,203444,-16691,0,1312879,1312879,None,USD,413949636,0,None,6000212,373336662,40612974,0,372522851,36824000,6643476,814000,0,123779000,26242330,373336662,None,None,-607109,2296624,147835276,261110708,40612974,119978944,1614002,0,4908000,813811,0,0,0,0,6643476,-2247415,None,2707028,None,266114360,None,None,None,None,None,None,None,36824022,413949636,146221274,None,4956139,USD,-12838050,-1287613,-2860643,10104688,None,6495493,7116297,-543083,1312880,4479182,844332,None,76395,-692849,72045,1434000,0,85057,127281,657613,None,4479182,20.9,20.8
15,2016-09-30,USD,4410262,2584268,307000,4410262,1825994,1426338,0,0,1825994,0,2584268,None,1825994,0,95122,None,None,None,0,0,0,399656,0,0,1426338,1426338,None,USD,409566425,0,None,None,367506934,42059491,0,365406554,36734000,6024488,2100000,0,117461000,21763148,367506934,None,None,1548858,2218255,137863877,267601512,42059491,115082608,1018121,0,5485000,2100380,0,0,0,0,6024488,-2247415,None,1882781,None,271702548,None,None,None,None,None,None,None,36733560,409566425,136845756,None,4948719,USD,-32318397,844404,-6249643,26113399,None,-17385000,-16815726,None,1426337,-19949140,3685503,None,175399,-642432,73158,857000,0,1668200,44645,-428837,None,-19949140,18.54,20.9
16,2016-06-30,USD,4267253,2436881,233000,4267253,1830372,1312110,0,0,1830372,0,2436881,None,1830372,0,99579,None,None,None,0,0,0,518262,0,0,1312110,1312110,None,USD,424944857,0,None,None,383427869,41516988,0,382222280,36642000,5290971,1206000,0,107204000,41712288,383427869,None,None,1831459,2218154,148472583,273288095,41516988,105358942,1401353,0,7022000,1205589,0,0,0,0,5290971,-2247415,None,966025,None,276472274,None,None,None,None,None,None,None,36641973,424944857,147071230,None,4941789,USD,-14350279,-491748,-14350279,85000,None,20161786,20552978,None,1312110,3586269,-2225238,None,94662,-639276,248084,0,0,-2570203,25000,-570059,None,3586269,15.84,18.54
17,2016-03-31,USD,4285505,2522698,139000,4285505,1762807,1195736,0,0,1762807,0,2522698,None,1762807,0,0,None,None,None,0,0,0,567071,0,0,1195736,1195736,None,USD,403693992,0,None,None,363363482,40330510,0,361669302,36373000,4621294,1694000,0,108963000,38126019,363363482,None,None,1583843,2265079,146520500,253818410,40330510,107353804,1040677,0,4451000,1694180,0,0,0,0,4621294,-2247415,None,1090003,None,257173492,None,None,None,None,None,None,None,36372788,403693992,145479823,None,4917507,USD,2808669,391874,2869012,85001,None,2323994,2950690,None,1195736,8931233,3738227,None,93487,-639158,12462,1891000,0,1779796,24658,277334,None,8931233,15.77,15.84
18,2015-12-31,USD,4205666,2402221,218000,4205666,1803445,1226971,0,0,1803445,0,2402221,None,1803445,2151720,402000,None,None,None,0,0,0,576474,-5284,0,1226971,1226971,None,USD,399172512,0,None,7104302,360020800,39151712,0,358718612,36342000,4064834,1302000,0,122044000,29194786,360020800,None,None,992549,2289228,150476434,245025117,39151712,119997585,1284063,0,6440000,1302188,0,0,0,0,4064834,-2247415,None,1381733,None,248696078,None,None,None,None,None,None,None,36341744,399172512,149192371,None,4916600,USD,-6120387,-26028,-6160186,0,-481141,13855529,14966108,176898,1226972,10209839,2514496,None,84091,-639130,9692,1505000,0,1173259,39799,56202,None,10209839,16.06,15.77
19,2015-09-30,USD,4122980,2372742,109000,4122980,1750238,1198919,0,0,1750238,0,2372742,None,1750238,0,0,None,None,None,0,0,0,551319,0,0,1198919,1198919,None,USD,384559093,0,None,None,345561732,38997361,0,343752504,36312000,3477121,1328000,0,117677000,18984947,345561732,481141,None,1455647,2297831,136104890,244979119,38997361,116001867,1118076,0,7638000,1328087,0,0,0,0,3477121,-2247415,None,1177253,None,248454203,None,None,None,None,None,None,None,36312008,384559093,134986814,None,4915610,USD,-13070220,-24172,-13078446,0,31,13220636,13801577,None,1198919,980832,838642,None,74056,-580972,0,307000,0,-535719,8226,125558,None,980832,16.09,16.06
