,fiscalDateEnding,reportedCurrency_x,totalRevenue,totalOperatingExpense,costOfRevenue,grossProfit,ebit,netIncome_x,researchAndDevelopment,effectOfAccountingCharges,incomeBeforeTax,minorityInterest,sellingGeneralAdministrative,otherNonOperatingIncome,operatingIncome,otherOperatingExpense,interestExpense,taxProvision,interestIncome,netInterestIncome,extraordinaryItems,nonRecurring,otherItems,incomeTaxExpense,totalOtherIncomeExpense,discontinuedOperations,netIncomeFromContinuingOperations,netIncomeApplicableToCommonShares,preferredStockAndOtherAdjustments,reportedCurrency_y,totalAssets,intangibleAssets,earningAssets,otherCurrentAssets,totalLiabilities,totalShareholderEquity,deferredLongTermLiabilities,otherCurrentLiabilities,commonStock,retainedEarnings,otherLiabilities,goodwill,otherAssets,cash,totalCurrentLiabilities,shortTermDebt,currentLongTermDebt,otherShareholderEquity,propertyPlantEquipment,totalCurrentAssets,longTermInvestments,netTangibleAssets,shortTermInvestments,netReceivables,longTermDebt,inventory,accountsPayable,totalPermanentEquity,additionalPaidInCapital,commonStockTotalEquity,preferredStockTotalEquity,retainedEarningsTotalEquity,treasuryStock,accumulatedAmortization,otherNonCurrrentAssets,deferredLongTermAssetCharges,totalNonCurrentAssets,capitalLeaseObligations,totalLongTermDebt,otherNonCurrentLiabilities,totalNonCurrentLiabilities,negativeGoodwill,warrants,preferredStockRedeemable,capitalSurplus,liabilitiesAndShareholderEquity,cashAndShortTermInvestments,accumulatedDepreciation,commonStockSharesOutstanding,reportedCurrency,investments,changeInLiabilities,cashflowFromInvestment,otherCashflowFromInvestment,netBorrowings,cashflowFromFinancing,otherCashflowFromFinancing,changeInOperatingActivities,netIncome_y,changeInCash,operatingCashflow,otherOperatingCashflow,depreciation,dividendPayout,stockSaleAndPurchase,changeInInventory,changeInAccountReceivables,changeInNetIncome,capitalExpenditures,changeInReceivables,changeInExchangeRate,changeInCashAndCashEquivalents,clossingVal,nextClossingVal
0,2020-06-30,USD,189181000,185892000,168099000,21082000,7139000,1286000,None,None,1091000,None,17793000,None,3289000,None,2406000,765000,27000,-2379000,None,None,None,765000,181000,None,1286000,1286000,None,USD,390055000,52404000,None,9459000,451983000,-61928000,None,13425000,3000,-45405000,83542000,18825000,5015000,12538000,152104000,None,9900000,-55174000,110457000,191408000,11946000,-133157000,None,13694000,211467000,155717000,95538000,None,None,None,None,None,None,None,1133000,None,198647000,5902000,None,13251000,299879000,None,None,None,None,None,None,None,None,USD,-2473000,-20897000,-2473000,None,12211000,11021000,-935000,2004000,1286000,-21548000,-30096000,None,3642000,None,0,-11775000,-6612000,2256000,2473000,None,None,None,14.99,
1,2020-03-31,USD,255412000,19858000,231243000,24169000,4491000,-639000,None,None,-1167000,None,19858000,180000,4311000,None,5658000,-817000,0,-5658000,None,None,None,817000,180000,None,-1984000,-639000,None,USD,396100000,53176000,None,13257000,461163000,-65063000,14777000,39279000,3000,-46691000,83498000,18825000,4119000,34086000,173531000,9900000,9900000,-55501000,104541000,198367000,10986000,-137064000,None,7082000,198715000,143942000,124352000,None,None,3000,None,-46691000,-50282000,None,6314000,None,3891000,6153000,198715000,74140000,287632000,None,None,None,87408000,396100000,34086000,None,27027272,USD,-4964000,42853000,-4964000,150000,-7475000,-6429000,-2822000,-5649000,-639000,26386000,37779000,None,3629000,None,3868000,-5315000,-1164000,38418000,4964000,None,None,26386000,10.93,14.99
2,2019-12-31,USD,153217000,20495000,131917000,21300000,999000,-403000,None,None,-898000,None,20495000,194000,805000,None,1897000,-326000,0,-1897000,None,None,None,326000,194000,None,-1224000,-403000,None,USD,360934000,53948000,None,11853000,428790000,-67856000,14591000,40816000,3000,-46052000,84847000,18825000,4008000,7700000,134236000,9900000,9900000,-55827000,104341000,164098000,11275000,-140629000,None,5918000,205973000,138627000,83520000,None,None,3000,None,-46052000,-50282000,None,4722000,None,3725000,4458000,205973000,73990000,294554000,None,None,None,84302000,360934000,7700000,None,26511641,USD,-9137000,-25071000,-9137000,150000,32525000,31866000,-1031000,-10519000,-403000,-63259000,-85988000,None,3457000,None,372000,-59797000,4619000,-85585000,9287000,None,None,-63259000,22.92,10.93
3,2019-09-30,USD,343532000,325349000,296904000,46628000,20863000,11592000,11500000,None,15248000,None,28445000,787000,18183000,None,2638000,4740000,0,-2638000,None,None,None,4740000,-297000,None,11592000,11592000,None,USD,365413000,54720000,None,85310000,433224000,-67811000,15581000,48355000,3000,-45649000,78737000,18825000,3975000,82065000,169682000,9900000,9900000,-56154000,100058000,172091000,11106000,-67811000,None,14512000,173226000,78830000,111427000,None,None,3000,None,-45649000,-50282000,None,4638000,None,104696000,4637000,173226000,74735000,263542000,None,None,None,84271000,365413000,82065000,None,26476336,USD,-5313000,-36111000,-5313000,47000,-27608000,-27622000,-935000,-5918000,11592000,41884000,74819000,None,2977000,0,0,61858000,29692000,10729000,5360000,None,None,41884000,19.035,22.92
4,2019-06-30,USD,308774000,20996000,266992000,41782000,21218000,14601000,11500000,None,17007000,None,20996000,432000,20786000,None,3369000,3248000,0,-3369000,None,None,None,3248000,-410000,None,13759000,14601000,None,USD,408378000,55492000,None,12036000,469564000,-61186000,16265000,52262000,3000,-57241000,54013000,18825000,5025000,29075000,207072000,9900000,9900000,-36855000,94727000,222028000,12281000,-135503000,None,40229000,200479000,140688000,144910000,None,None,3000,None,-57241000,-50282000,None,466000,None,4559000,None,200479000,45748000,262492000,None,None,None,83189000,408378000,29075000,None,26460456,USD,-7448000,26051000,-7448000,None,2525000,3264000,-20000,10041000,14601000,3475000,7659000,None,2562000,0,0,-14748000,-31957000,1109000,7448000,None,None,3475000,19.69,19.035
5,2019-03-31,USD,211642000,208616000,185688000,25954000,5402000,-673000,11500000,None,-1247000,None,22928000,120000,3026000,None,3998000,-179000,0,-3998000,None,None,None,-179000,-275000,None,-673000,-673000,None,USD,355370000,56279000,None,11624000,432960000,-77590000,14732000,6023000,3000,-71842000,52896000,18825000,4906000,25600000,174135000,9900000,9900000,-37379000,92485000,171436000,11439000,-152694000,None,8272000,197729000,125940000,112886000,None,None,3000,None,-71842000,-50261000,None,412000,None,183934000,None,197729000,13225000,258825000,None,None,None,81889000,355370000,25600000,None,27000000,USD,-11919000,44677000,-11919000,None,-2475000,-2735000,-380000,10963000,-673000,6782000,21436000,None,2651000,0,-21000,-41723000,2002000,22109000,11919000,None,None,6782000,16.93,19.69
6,2018-12-31,USD,154926000,17273000,135816000,19110000,1418000,-1220000,11500000,None,-1377000,None,17273000,-419000,1837000,None,2874000,-236000,None,None,None,None,None,-236000,-3293000,None,-1141000,-1220000,None,USD,297705000,54969000,None,10854000,377416000,-79711000,14471000,31546000,3000,-71169000,53002000,18825000,7017000,18818000,115895000,9900000,9900000,-38717000,81586000,124163000,11045000,-153505000,None,10274000,199976000,84217000,74449000,None,None,3000,None,-71169000,-50261000,None,2629000,None,4488000,None,199976000,47074000,261521000,None,None,None,80433000,297705000,18818000,None,26351588,USD,None,-28299000,-10787000,None,67525000,17553000,-50592000,-10030000,-1220000,-41442000,-48208000,None,2193000,None,620000,-26884000,13793000,-46988000,10787000,None,None,-41442000,18.19,16.93
7,2018-09-30,USD,331613000,23146000,288914000,42699000,18196000,14932000,8400000,0,17279000,0,23146000,-1357000,19553000,0,1549000,None,None,None,0,0,0,8282000,-1579000,0,8997000,14751000,181000,USD,307430000,55472000,None,82480000,335766000,-28336000,15229000,34035000,3000,-69235000,54619000,18825000,6113000,71383000,148857000,9900000,9900000,-38427000,66054000,149843000,11123000,-37636000,0,30180000,132239000,57333000,104922000,-28336000,70023000,3000,9300000,-69235000,0,None,None,None,66054000,None,132239000,39441000,186909000,None,None,None,70023000,307430000,71383000,None,27259262,USD,None,-38863000,-16544000,2000,-3896000,-6451000,-1640000,8973000,14932000,18336000,41331000,None,2717000,-181000,-734000,54658000,-1498000,26399000,16546000,None,None,18336000,24.5,18.19
8,2018-06-30,USD,314186000,20950000,277213000,36973000,16240000,21891000,8400000,0,14008000,0,20950000,217000,16023000,0,1834000,None,None,None,0,0,0,-7485000,-1617000,0,21493000,21709000,182000,USD,331538000,55974000,None,14311000,376015000,-44477000,14885000,32040000,2000,-84167000,57175000,18825000,3742000,41924000,181043000,8000000,8000000,-41974000,48910000,191831000,12256000,-128576000,0,22569000,137797000,113027000,141003000,0,0,2000,9300000,-84167000,0,None,522000,None,3220000,None,137797000,42290000,194972000,None,None,None,72362000,331538000,41924000,None,26898267,USD,None,32808000,-8539000,12000,-2041000,35000,-2006000,-7861000,21891000,31575000,40079000,None,2152000,-182000,2258000,-7640000,-10380000,18188000,8551000,None,None,31575000,22.35,24.5
9,2018-03-31,USD,216628000,18741000,194960000,21668000,4133000,1836000,8400000,0,2123000,0,18741000,1206000,2927000,0,1826000,None,None,None,0,0,0,471000,-620000,0,1652000,1073000,763000,USD,277215000,56476000,None,12883000,347167000,-69952000,13257000,26203000,2000,-106058000,69325000,18825000,11120000,10349000,138234000,8000000,8000000,-42643000,38126000,140809000,11859000,-185253000,0,12190000,139608000,105387000,104031000,0,0,2000,40000000,-106058000,0,None,991000,None,10129000,None,139608000,56068000,208933000,None,None,None,38747000,277215000,10349000,None,23912188,USD,None,35436000,-3572000,3300000,-2039000,-10038000,-571000,-2388000,1836000,-12859000,751000,None,2076000,-763000,-6665000,-31055000,-5911000,-1085000,3572000,None,None,-12859000,23.7,22.35
10,2017-12-31,USD,162549000,25918000,141901000,20648000,-5035000,-7839000,0,0,-6537000,0,25918000,235000,-5270000,0,1452000,None,None,None,0,0,0,1352000,-1217000,0,-7889000,-8609000,770000,USD,248837000,56979000,None,9980000,314153000,-65316000,12387000,25842000,2000,-107894000,70111000,18825000,98853000,23208000,102624000,8000000,8000000,-43312000,36185000,113799000,11675000,-181120000,0,6279000,141418000,74332000,68782000,0,0,2000,40000000,-107894000,0,None,1091000,None,10283000,None,141418000,57724000,211529000,None,None,None,45888000,248837000,23208000,None,23914310,USD,None,-26285000,-3449000,1500000,-2038000,-2151000,-2006000,-10276000,-7839000,-39408000,-33808000,None,2097000,-770000,657000,1823000,3869000,-25969000,3449000,None,None,-39408000,19.9,23.7
11,2017-09-30,USD,312687000,19049000,273176000,39511000,21837000,14544000,7000000,0,19077000,0,19049000,1375000,20462000,0,1450000,None,None,None,0,0,0,9046000,-13945000,-96000,10031000,7136000,1317000,USD,295816000,57481000,None,11528000,354326000,-58510000,12519000,34852000,2000,-100055000,72125000,18825000,100661000,62616000,138756000,8000000,8000000,-43875000,34708000,160447000,11625000,-174816000,0,10148000,143224000,76155000,95904000,-58510000,45418000,2000,40000000,-100055000,0,None,975000,11755000,135369000,None,143224000,59827000,215570000,None,None,None,45418000,295816000,62616000,None,23739344,USD,None,8404000,-2058000,1000,-2038000,-27527000,-32000,-4181000,14544000,12305000,41890000,None,8039000,-1317000,-24140000,-22349000,10167000,27346000,2059000,None,None,12305000,20.6,19.9
12,2017-06-30,USD,332604000,16331000,287594000,45010000,29754000,20032000,0,0,27320000,0,16331000,1075000,28679000,0,1398000,None,None,None,0,0,0,7295000,0,95000,20025000,19058000,974000,USD,366780000,57984000,None,12074000,426412000,-59632000,12022000,38622000,2000,-114599000,91029000,18825000,109457000,50311000,190355000,8000000,153028000,-55795000,34156000,223167000,13455000,-186441000,0,34180000,145028000,126602000,143733000,0,0,2000,50000000,-114599000,0,None,904000,None,18289000,None,145028000,79007000,236057000,None,None,None,60760000,366780000,50311000,None,23730211,USD,None,25710000,-2033000,1000,-2066000,-1164000,-28000,5928000,20032000,11879000,15076000,None,0,-974000,1876000,72796000,13701000,-4956000,2034000,None,None,11879000,17.0,20.6
13,2017-03-31,USD,208651000,19259000,184002000,24649000,5632000,2748000,0,0,3705000,0,19259000,242000,5390000,0,1715000,None,None,None,0,0,0,123000,0,123000,3582000,1731000,1017000,USD,309328000,58486000,None,7315000,391521000,-82193000,10750000,29248000,2000,-134631000,90541000,18825000,112935000,38432000,154122000,8000000,8000000,-56776000,33351000,163042000,13905000,-209504000,0,6871000,146858000,110424000,116874000,0,0,2000,50000000,-134631000,0,None,861000,20858000,146286000,None,146858000,79791000,237399000,None,None,None,59212000,309328000,38432000,None,23552859,USD,None,42856000,-2157000,46000,-2098000,4709000,-368000,-1089000,2748000,25433000,22881000,None,0,-1017000,8192000,56618000,13444000,20133000,2203000,None,None,25433000,17.15,17.0
14,2016-12-31,USD,136660000,18192000,118462000,18198000,-9380000,-8523000,0,0,-12817000,0,18192000,-9386000,6000,0,2688000,None,None,None,0,0,0,-4632000,0,-81000,-8185000,-9476000,953000,USD,257826000,59024000,None,6327000,350944000,-93118000,10156000,27102000,2000,-137379000,91846000,18825000,114683000,12999000,110378000,8000000,8000000,-57736000,33000000,110143000,13693000,-220967000,0,18952000,148720000,71865000,75276000,0,0,2000,50000000,-137379000,0,None,833000,22308000,147683000,None,148720000,81690000,240566000,None,None,None,51995000,257826000,12999000,None,22813578,USD,None,-16546000,-2956000,2700000,-5372000,-4148000,-613000,-23000,-8523000,-39310000,-32206000,None,0,-953000,2790000,18059000,1363000,-23683000,2956000,None,None,-39310000,15.45,17.15
15,2016-09-30,USD,286414000,21382000,247733000,38681000,18655000,10777000,5400000,0,13596000,0,21382000,1356000,17299000,0,3676000,None,None,None,0,0,0,13357000,-30556000,-315000,239000,9814000,963000,USD,277866000,59491000,None,6104000,364840000,-86974000,10521000,30153000,2000,-128856000,93575000,18825000,104254000,52309000,130521000,11750000,11750000,-58891000,33466000,140146000,12944000,-215290000,0,27927000,140366000,53806000,88618000,-86974000,50771000,2000,50000000,-128856000,0,None,1526000,11468000,137720000,None,140366000,83432000,234319000,None,None,None,50771000,277866000,52309000,None,22518058,USD,None,-830000,-3072000,16400000,-2991000,8835000,974000,-6931000,10777000,9607000,3844000,None,8046000,-964000,11816000,-4626000,-6564000,-6933000,3072000,None,None,9607000,14.61,15.45
16,2016-06-30,USD,323055000,45505000,276247000,46808000,2006000,-2934000,0,0,-2730000,0,45505000,703000,1303000,0,4040000,None,None,None,0,0,0,110000,0,-13000,-2840000,-3898000,964000,USD,310252000,58976000,None,9006000,409303000,-99051000,10284000,39045000,2000,-139633000,78900000,18825000,99325000,42702000,187826000,11750000,11750000,-49717000,30672000,180255000,11561000,-226852000,0,27135000,142577000,101412000,137031000,0,0,2000,50000000,-139633000,0,None,2586000,7377000,129997000,None,142577000,68616000,221477000,None,None,None,40297000,310252000,42702000,None,21449954,USD,None,50332000,-2574000,12700000,-29112000,-17971000,12105000,-1774000,-2934000,14087000,34632000,None,0,-964000,0,52232000,6003000,37566000,2574000,None,None,14087000,11.9,14.61
17,2016-03-31,USD,191208000,18745000,166094000,25114000,6835000,1394000,0,0,2005000,0,18745000,466000,6369000,0,4453000,None,None,None,0,0,0,195000,0,0,1810000,441000,953000,USD,279359000,59444000,None,4987000,398514000,-119155000,9090000,34741000,2000,-136288000,76754000,18825000,109290000,28615000,150860000,11750000,None,-50434000,29376000,140693000,13303000,-247424000,0,14233000,170900000,92858000,104369000,0,0,2000,50000000,-136288000,0,None,2559000,15159000,138666000,None,170900000,67664000,247654000,None,None,None,17565000,279359000,28615000,None,20992033,USD,None,None,-2266000,8700000,-12993000,-13946000,None,None,1394000,11983000,28195000,None,0,-953000,0,43678000,7684000,26801000,2266000,None,None,11983000,10.85,11.9
18,2015-12-31,USD,131333000,17079000,112580000,18753000,2133000,-2337000,0,0,-2531000,0,17079000,459000,1674000,0,4243000,None,None,None,0,0,0,-569000,0,0,-1962000,-3335000,998000,USD,250969000,59911000,None,3683000,372499000,-121530000,9183000,27029000,2000,-137682000,77365000,18825000,108974000,16632000,111984000,11750000,None,-50996000,28471000,113524000,12926000,-250266000,0,21721000,183150000,71488000,73205000,0,0,2000,50000000,-137682000,0,None,2342000,14970000,137445000,None,183150000,68182000,260515000,None,None,None,17146000,250969000,16632000,None,20983777,USD,None,None,-1671000,4200000,7008000,7008000,None,None,-2337000,-36229000,-41566000,None,0,0,0,22308000,1345000,-39229000,1671000,None,None,-36229000,10.14,10.85
19,2015-09-30,USD,307624000,869506000,264255000,83733000,55272000,15972000,5200000,0,20531000,0,17748000,None,23477000,0,4605000,None,None,None,0,0,0,4434000,-30119000,0,20711000,15099000,None,USD,267903000,79203000,None,13110000,389133000,-171230000,900000,42118000,2000,-135345000,78682000,18825000,110073000,52861000,133415000,11750000,11750000,-51774000,28933000,128897000,12505000,-250433000,0,13746000,177036000,49180000,79333000,0,0,0,50000000,0,0,None,None,None,None,None,None,None,None,None,None,None,None,None,None,None,None,USD,None,-12905000,-5190000,19100000,-36892000,-26452000,10440000,-14502000,15972000,-8276000,23366000,None,8790000,-2881000,0,22120000,7435000,-5514000,5190000,None,None,None,9.96,10.14
