,fiscalDateEnding,reportedCurrency_x,totalRevenue,totalOperatingExpense,costOfRevenue,grossProfit,ebit,netIncome_x,researchAndDevelopment,effectOfAccountingCharges,incomeBeforeTax,minorityInterest,sellingGeneralAdministrative,otherNonOperatingIncome,operatingIncome,otherOperatingExpense,interestExpense,taxProvision,interestIncome,netInterestIncome,extraordinaryItems,nonRecurring,otherItems,incomeTaxExpense,totalOtherIncomeExpense,discontinuedOperations,netIncomeFromContinuingOperations,netIncomeApplicableToCommonShares,preferredStockAndOtherAdjustments,reportedCurrency_y,totalAssets,intangibleAssets,earningAssets,otherCurrentAssets,totalLiabilities,totalShareholderEquity,deferredLongTermLiabilities,otherCurrentLiabilities,commonStock,retainedEarnings,otherLiabilities,goodwill,otherAssets,cash,totalCurrentLiabilities,shortTermDebt,currentLongTermDebt,otherShareholderEquity,propertyPlantEquipment,totalCurrentAssets,longTermInvestments,netTangibleAssets,shortTermInvestments,netReceivables,longTermDebt,inventory,accountsPayable,totalPermanentEquity,additionalPaidInCapital,commonStockTotalEquity,preferredStockTotalEquity,retainedEarningsTotalEquity,treasuryStock,accumulatedAmortization,otherNonCurrrentAssets,deferredLongTermAssetCharges,totalNonCurrentAssets,capitalLeaseObligations,totalLongTermDebt,otherNonCurrentLiabilities,totalNonCurrentLiabilities,negativeGoodwill,warrants,preferredStockRedeemable,capitalSurplus,liabilitiesAndShareholderEquity,cashAndShortTermInvestments,accumulatedDepreciation,commonStockSharesOutstanding,reportedCurrency,investments,changeInLiabilities,cashflowFromInvestment,otherCashflowFromInvestment,netBorrowings,cashflowFromFinancing,otherCashflowFromFinancing,changeInOperatingActivities,netIncome_y,changeInCash,operatingCashflow,otherOperatingCashflow,depreciation,dividendPayout,stockSaleAndPurchase,changeInInventory,changeInAccountReceivables,changeInNetIncome,capitalExpenditures,changeInReceivables,changeInExchangeRate,changeInCashAndCashEquivalents,clossingVal,nextClossingVal
0,2020-06-30,USD,578459000,509613000,180758000,397701000,-111331000,-92256000,None,None,-128207000,-172000,233333000,581000,-111912000,251321000,16639000,-35779000,None,-16639000,None,24959000,None,-35951000,-24615000,None,-92256000,-92256000,None,USD,3433575000,463036000,None,81489000,3404377000,21110000,3262000,293627000,875000,-886248000,142008000,271395000,204363000,182531000,810838000,32354000,32354000,-217130000,930032000,327583000,None,-713321000,None,33894000,1178438000,63563000,484857000,None,None,875000,None,-886248000,None,None,1312022000,None,129507000,1248941000,1178438000,1411839000,2593539000,None,None,None,1123613000,3433575000,182531000,None,87533599,USD,-13203000,0,-13203000,5773000,-218612000,-172678000,-354000,12218000,-92428000,-217485000,-31604000,29432000,50618000,0,46288000,None,None,-19226000,18976000,None,None,-217485000,10.66,
1,2020-03-31,USD,1008337000,730212000,319693000,688644000,-42361000,-34611000,None,None,-54069000,197000,331357000,-793000,-41568000,357537000,11708000,-19655000,None,-11708000,None,41318000,None,-20122000,-42111000,None,-33947000,-38107000,3496000,USD,3766601000,468082000,None,100964000,3666458000,91950000,9151000,289085000,874000,-793992000,131025000,282628000,173380000,403395000,838030000,29367000,29367000,-189013000,996091000,572446000,None,-658760000,None,40107000,1389273000,68087000,519578000,None,None,874000,None,-793992000,None,None,1351484000,None,95870000,1281372000,1389273000,1430004000,2828428000,None,None,None,1074081000,3766601000,403395000,None,87416867,USD,-34798000,0,-34798000,-569000,363642000,342333000,-2565000,-63471000,-34414000,335826000,28291000,-44218000,57992000,-17480000,-1264000,None,None,48931000,34229000,None,None,335826000,7.14,10.66
2,2019-12-31,USD,1022184000,666347000,312659000,709525000,43180000,28004000,None,None,30808000,1282000,316055000,2000,43178000,348124000,12372000,1522000,None,-12372000,None,2168000,None,2873000,-2166000,None,27935000,28004000,None,USD,3592683000,470615000,None,186462000,3415202000,170342000,13777000,369282000,869000,-755089000,135002000,288439000,166247000,67145000,962021000,26411000,26411000,-169776000,1036077000,340468000,None,-588712000,None,141112000,1022293000,86861000,566328000,None,None,869000,None,-755089000,None,None,1383658000,73426000,3252215000,1279051000,1022293000,1417111000,2453181000,None,None,None,1094338000,3592683000,67145000,None,86945869,USD,-37581000,16402000,-37581000,6867000,-74160000,-82915000,-4250000,62911000,29286000,16181000,136677000,68230000,57408000,-8693000,-62000,-15388000,None,-19261000,44448000,None,None,16181000,22.07,7.14
3,2019-09-30,USD,967144000,644811000,300375000,666769000,21969000,9248000,None,None,8713000,125000,306942000,11000,21958000,336478000,13256000,-660000,None,-13256000,None,1391000,None,-363000,-1380000,None,9076000,9248000,None,USD,3468947000,473043000,None,86797000,3317373000,144283000,14835000,217211000,869000,-783093000,138157000,290042000,181828000,51408000,790805000,26548000,26548000,-168875000,1050002000,211583000,None,-618802000,None,44858000,1093391000,73378000,547046000,None,None,869000,None,-783093000,None,None,1377651000,66626000,3257364000,1273904000,1093391000,1418342000,2526568000,None,None,None,1095382000,3468947000,51408000,None,86856165,USD,-19856000,0,-19856000,16849000,-33381000,-43029000,-5086000,-33517000,9373000,-14402000,48483000,-14798000,53400000,-8674000,-974000,-15388000,None,508000,36705000,None,None,-14402000,18.93,22.07
4,2019-06-30,USD,1021930000,665791000,312679000,709251000,43472000,29021000,None,None,31024000,788000,312850000,12000,43460000,351001000,12448000,1215000,-12448000,-12448000,None,1940000,None,2111000,-1928000,None,28913000,29021000,None,USD,3511726000,476470000,None,97821000,3353133000,150779000,13668000,237304000,868000,-792341000,139983000,294292000,172824000,66840000,786584000,26706000,26706000,-157346000,1058938000,233899000,None,-619983000,None,45701000,1122189000,69238000,522574000,None,None,868000,None,-792341000,None,None,1391628000,56499000,3277827000,1284574000,1122189000,1430692000,2566549000,None,None,None,1099598000,3511726000,66840000,None,86826650,USD,-31834000,0,-31834000,4229000,81095000,-32036000,-12245000,-60345000,29809000,-15310000,48560000,-42063000,56091000,-9227000,-103904000,-15388000,None,4723000,36063000,None,None,-15310000,18.91,18.93
5,2019-03-31,USD,1128131000,693526000,352111000,776020000,82326000,64300000,None,None,71145000,1349000,321443000,-168000,82494000,368497000,11181000,5496000,None,-11181000,None,3586000,None,6753000,-3754000,None,64392000,64300000,None,USD,3552547000,479744000,None,93909000,3300184000,244184000,14730000,250703000,916000,-714425000,155506000,297784000,169390000,82766000,821975000,26680000,26680000,-141653000,1079494000,249824000,None,-533344000,None,39698000,1037630000,73149000,544592000,None,None,916000,None,-714425000,None,None,1395935000,49766000,3302723000,1285073000,1037630000,1425849000,2478209000,None,None,None,1099346000,3552547000,82766000,None,91646542,USD,-42020000,0,-42020000,2690000,-16988000,-31379000,-7625000,-66730000,65649000,10484000,83883000,-48916000,58523000,-9140000,-5251000,-15388000,None,8627000,44710000,None,None,10484000,20.45,18.91
6,2018-12-31,USD,1013113000,989581000,2111000,1011002000,21416000,10907000,0,0,9708000,1518000,311835000,-5000,21421000,656473000,11708000,None,None,None,0,21273000,0,-1337000,-26677000,0,11045000,10907000,None,USD,2464774000,503972000,None,190848000,2409957000,45730000,181817000,342708000,913000,-920010000,541610000,295427000,189810000,71823000,791039000,27190000,28583000,-142755000,1115929000,335483000,None,-753669000,None,122374000,1054449000,72812000,421141000,None,None,913000,None,-920010000,None,None,120973000,92990000,2129291000,None,1067585000,369516000,1618918000,None,None,None,1107582000,2464774000,71823000,None,91271825,USD,4828000,-35108000,-52993000,4115000,-62511000,-87392000,-7954000,115081000,12425000,-7507000,132878000,122517000,57827000,-8234000,-16647000,-24707000,None,-40000,61936000,None,None,-7507000,17.89,20.45
7,2018-09-30,USD,965021000,644991000,307493000,657528000,12536000,4072000,0,0,936000,181000,301435000,-1000,12537000,339594000,11600000,None,None,None,0,3962000,0,-2894000,-17229000,0,3830000,4072000,None,USD,2350794000,505855000,None,101324000,2290652000,50354000,179547000,202277000,919000,-915925000,545979000,291822000,171118000,78615000,620649000,26767000,26767000,-143276000,1129347000,228454000,None,-747323000,0,35123000,1124024000,48515000,391605000,60142000,1108636000,919000,0,-915925000,0,None,119080000,76236000,2122340000,None,1124024000,366432000,1670003000,None,None,None,1108636000,2350794000,78615000,None,91853854,USD,6637000,0,-42359000,4764000,6037000,-18657000,-5870000,-12447000,4253000,-5903000,55113000,-12447000,56145000,-8344000,-16350000,-24707000,0,7162000,53760000,None,None,-5903000,19.79,17.89
8,2018-06-30,USD,1031814000,676100000,322790000,709024000,32918000,26721000,0,0,21599000,2000,314508000,-6000,32924000,352703000,11319000,None,None,None,0,8889000,0,-4764000,-18724000,0,26363000,26721000,None,USD,2389866000,511442000,None,113208000,2298396000,81229000,361061000,221926000,924000,-902038000,553461000,298615000,190390000,86215000,631170000,25964000,25964000,-126672000,1141355000,248064000,None,-728828000,4521000,46175000,1113765000,48641000,383280000,91470000,1109015000,924000,0,-902038000,0,None,122445000,67945000,2141802000,None,1113765000,192400000,1667226000,None,None,None,1109015000,2389866000,86215000,None,92437047,USD,4695000,0,-35734000,3752000,-9154000,-29221000,-6354000,-49180000,26723000,-16407000,48548000,-49180000,57231000,-8363000,-11704000,-24707000,0,13774000,44181000,None,None,-16407000,20.1,19.79
9,2018-03-31,USD,1116465000,374900000,663194000,453271000,78372000,65398000,0,0,68062000,739000,322041000,1000,78371000,50120000,10310000,None,None,None,0,2739000,0,2646000,0,0,65416000,65398000,None,USD,2454268000,519147000,None,115269000,2345833000,97657000,364673000,235731000,914000,-898768000,544724000,310824000,1016017000,105840000,667380000,25620000,25620000,-96636000,1166960000,271291000,None,-732314000,0,None,1116570000,50182000,406029000,108435000,1092147000,914000,0,-898768000,0,None,127619000,58427000,2182977000,None,1116570000,197210000,1678453000,None,None,None,1092147000,2454268000,105840000,None,91415604,USD,2137000,None,-46210000,2137000,18961000,-29082000,None,-80748000,66137000,-23757000,51535000,-80748000,60178000,-8371000,-39672000,0,0,5968000,48347000,None,None,-23757000,24.28,20.1
10,2017-12-31,USD,1087642000,411403000,644613000,443029000,31777000,16367000,3900000,0,18965000,893000,347523000,151000,31626000,49803000,12003000,None,None,None,0,14077000,0,2667000,0,0,16298000,16367000,None,USD,2572907000,522290000,None,179402000,2523436000,38582000,365059000,378227000,919000,-944951000,553878000,310234000,1039284000,129543000,860863000,26335000,26335000,-99199000,1173414000,360209000,None,-793942000,1280000,None,1091769000,51264000,456301000,49471000,1081813000,919000,0,-944951000,0,None,135261000,71499000,2212698000,None,1091769000,205745000,1662573000,None,None,None,1081813000,2572907000,129543000,None,91912546,USD,14974000,130758000,-60580000,1215000,1099948000,-97299000,-1193719000,-1768000,17260000,28108000,185987000,62716000,58652000,-3153000,-375000,-682000,0,-1303000,76769000,None,None,26136000,21.34,24.28
11,2017-09-30,USD,948899000,363760000,581957000,366942000,10713000,4336000,0,0,8000,-290000,297356000,7531000,3182000,47826000,10705000,None,None,None,0,18578000,0,-4344000,0,0,4352000,4336000,None,USD,2472954000,527743000,None,105261000,2435743000,25654000,363089000,248627000,912000,-961318000,559351000,315264000,1029993000,102432000,716762000,58826000,58826000,-91547000,1184251000,258710000,None,-816776000,3735000,None,1141866000,51017000,409309000,36634000,1077607000,912000,0,-961318000,0,None,127185000,59801000,2214244000,None,1141866000,214026000,1718981000,None,577000,None,1077607000,2472954000,102432000,None,91164470,USD,34086000,37597000,-37946000,-4468000,69925000,-12956000,-1193719000,-33967000,4046000,-11022000,39880000,-33967000,53203000,-7369000,-75512000,0,0,16598000,67564000,None,970000,-10052000,17.6,21.34
12,2017-06-30,USD,1032982000,369841000,620987000,411995000,49435000,35630000,0,0,39632000,699000,321180000,7281000,42154000,48063000,9543000,None,None,None,0,598000,0,4060000,0,0,35572000,35630000,None,USD,2480921000,529677000,None,97047000,2379137000,90227000,353712000,269854000,950000,-891648000,556297000,312890000,1033300000,103474000,724231000,44497000,44497000,-98824000,1194467000,253154000,None,-751784000,0,None,1082041000,52633000,409880000,101228000,1079749000,950000,0,-891648000,0,None,134181000,56552000,2227767000,None,1082041000,219153000,1654906000,None,556000,None,1079749000,2480921000,103474000,None,95008173,USD,11004000,37597000,-12214000,34801000,122922000,-28895000,-1193719000,-35042000,36329000,5829000,46938000,-123900000,54550000,-8054000,-143763000,0,0,-1455000,58019000,None,-738000,5091000,21.23,17.6
13,2017-03-31,USD,1143823000,385547000,689146000,454677000,69079000,43910000,0,0,59938000,1013000,319881000,-51000,69130000,46590000,9141000,None,None,None,0,19076000,0,15940000,0,0,43998000,43910000,None,USD,2510976000,535313000,None,89850000,2291331000,207134000,350420000,284081000,1015000,-781673000,573516000,316498000,1074707000,99188000,746788000,48756000,48756000,-89681000,1194969000,241300000,None,-644180000,805000,None,953620000,52262000,413951000,219148000,1077473000,1015000,0,-781673000,0,None,166792000,56104000,2269676000,None,953620000,240503000,1544543000,None,497000,None,1077473000,2510976000,99188000,None,101480260,USD,38776000,-93161000,-12375000,7086000,-88303000,-154355000,-1193719000,94452000,44923000,-30533000,136197000,94452000,55496000,-8254000,-57798000,11747000,0,22740000,58237000,None,1740000,-28793000,19.73,21.23
14,2016-12-31,USD,1004149000,408362000,599932000,404217000,-4595000,-4283000,5200000,0,-16927000,1584000,304286000,-450000,-4145000,48632000,12332000,None,None,None,0,55444000,0,-13655000,0,0,-3272000,-4283000,None,USD,2642279000,535523000,None,190226000,2446379000,182699000,349535000,388543000,1039000,-786780000,551856000,310055000,1014612000,135062000,823408000,35079000,35079000,-111143000,1237148000,390519000,None,-662332000,7886000,None,1054406000,65231000,399786000,195353000,1079583000,1039000,0,-786780000,0,None,130270000,38764000,2251760000,None,1054406000,219030000,1622971000,None,547000,None,1079583000,2642279000,135062000,None,103922110,USD,210397000,183902000,133141000,-2259000,-143858000,-212169000,1038000,-4600000,-2699000,37997000,117025000,-105802000,59526000,-3153000,-66196000,762000,0,-18664000,74997000,None,-2295000,35702000,18.03,19.73
15,2016-09-30,USD,1005387000,361541000,612112000,393275000,33813000,20733000,0,0,23178000,495000,308247000,2079000,31734000,48551000,10217000,None,None,None,0,4743000,0,4459000,0,0,18719000,20733000,None,USD,2660024000,542240000,None,91563000,2394374000,226761000,174197000,242442000,1052000,-747472000,511105000,314566000,991138000,91474000,674006000,39551000,39551000,-94984000,1418532000,250354000,None,-630045000,803000,None,1186057000,66514000,392013000,239558000,1068165000,1052000,0,-747472000,0,None,130663000,3669000,2409670000,None,1186057000,360114000,1720368000,None,26092000,None,1068165000,2660024000,92277000,None,112000000,USD,157925000,-71779000,106006000,22578000,-19993000,-161338000,836000,121508000,20733000,-37192000,18140000,7173000,55185000,-8358000,-133823000,2206000,0,4127000,76262000,None,4397000,-10600000,17.24,18.03
16,2016-06-30,USD,1078588000,409289000,655966000,422622000,13332000,-9177000,0,0,3030000,1112000,319009000,-1000,13333000,49004000,10302000,None,None,None,0,41276000,0,13915000,0,0,-10885000,-9177000,None,USD,2784379000,541690000,None,125590000,2450980000,296611000,185263000,283291000,1119000,-633205000,477506000,304613000,989889000,102074000,724845000,28288000,28288000,-140060000,1498342000,296148000,None,-549692000,802000,None,1210370000,67682000,413266000,309265000,1068757000,1119000,0,-633205000,0,None,143244000,342000,2488231000,None,1210370000,330502000,1726135000,None,24134000,None,1068757000,2784379000,102876000,None,113000000,USD,151005000,-20405000,88687000,2302000,-93280000,-169837000,297000,-10175000,-8065000,-6459000,74691000,-10175000,56430000,-7978000,-67249000,6279000,0,50627000,65753000,None,1894000,-26760000,17.87,17.24
17,2016-03-31,USD,1164188000,379411000,698093000,466095000,86665000,34475000,0,0,47210000,1408000,328596000,-19000,86684000,47651000,12875000,None,None,None,0,3164000,0,13433000,0,0,33777000,34475000,None,USD,2885454000,541444000,None,94187000,2497245000,354146000,197622000,279596000,1150000,-559017000,429850000,297884000,993441000,132134000,803104000,113381000,None,-157097000,1591337000,300676000,None,-464175000,3300000,None,1212381000,74355000,410127000,0,0,1150000,0,-559017000,0,None,146457000,7656000,2584778000,None,1212381000,284138000,1694141000,None,21007000,None,1069110000,2885454000,132134000,None,115024911,USD,8459000,-106433000,-18553000,16554000,455233000,-114634000,-478825000,None,35883000,-2462000,130725000,131202000,58599000,-8238000,-82804000,5806000,0,5668000,43566000,None,-1041000,-3503000,16.87,17.87
18,2015-12-31,USD,1049299000,387661000,629723000,419576000,32332000,17702000,6500000,0,16754000,1315000,313626000,417000,31915000,49083000,15260000,None,None,None,0,24952000,0,-2141000,0,0,18895000,17702000,None,USD,3032569000,546837000,None,198831000,2587143000,408326000,193304000,382586000,1192000,-518360000,434420000,300861000,1019465000,139109000,814166000,31853000,31853000,-147367000,1594460000,418644000,None,-415846000,6772000,None,1285011000,80704000,399727000,0,0,1192000,0,-518360000,0,None,164136000,7631000,2613925000,None,1285011000,294662000,1772977000,None,23526000,None,1072861000,3032569000,139109000,None,119214522,USD,15080000,152219000,-45705000,-17305000,-87352000,-106775000,-325000,-8775000,19017000,-2344000,150136000,-106666000,58046000,-3875000,-15223000,-1617000,0,29137000,43480000,None,-909000,-3253000,16.89,16.87
19,2015-09-30,USD,1026721000,362369000,625628000,401093000,38458000,16811000,0,0,23607000,594000,313232000,-266000,39963000,47455000,14851000,None,None,None,0,1682000,0,-5178000,0,0,28785000,16811000,None,USD,3093187000,553615000,None,95333000,2650897000,410293000,314659000,238947000,1198000,-526023000,442822000,306306000,1029437000,135590000,652762000,21731000,None,-140306000,1622954000,440796000,None,-424856000,4895000,125416000,1377942000,79562000,392084000,0,0,1198000,0,-526023000,0,None,164571000,4945000,2652391000,None,1377942000,305534000,1998135000,None,24772000,None,1075424000,3093187000,140485000,None,125000000,USD,-877000,-35104000,-45617000,7792000,69560000,4892000,-214000,None,16811000,9142000,49867000,11534000,53432000,-10643000,-53811000,-8566000,0,11166000,52532000,None,-6324000,2818000,18.18,16.89
