,fiscalDateEnding,reportedCurrency_x,totalRevenue,totalOperatingExpense,costOfRevenue,grossProfit,ebit,netIncome_x,researchAndDevelopment,effectOfAccountingCharges,incomeBeforeTax,minorityInterest,sellingGeneralAdministrative,otherNonOperatingIncome,operatingIncome,otherOperatingExpense,interestExpense,taxProvision,interestIncome,netInterestIncome,extraordinaryItems,nonRecurring,otherItems,incomeTaxExpense,totalOtherIncomeExpense,discontinuedOperations,netIncomeFromContinuingOperations,netIncomeApplicableToCommonShares,preferredStockAndOtherAdjustments,reportedCurrency_y,totalAssets,intangibleAssets,earningAssets,otherCurrentAssets,totalLiabilities,totalShareholderEquity,deferredLongTermLiabilities,otherCurrentLiabilities,commonStock,retainedEarnings,otherLiabilities,goodwill,otherAssets,cash,totalCurrentLiabilities,shortTermDebt,currentLongTermDebt,otherShareholderEquity,propertyPlantEquipment,totalCurrentAssets,longTermInvestments,netTangibleAssets,shortTermInvestments,netReceivables,longTermDebt,inventory,accountsPayable,totalPermanentEquity,additionalPaidInCapital,commonStockTotalEquity,preferredStockTotalEquity,retainedEarningsTotalEquity,treasuryStock,accumulatedAmortization,otherNonCurrrentAssets,deferredLongTermAssetCharges,totalNonCurrentAssets,capitalLeaseObligations,totalLongTermDebt,otherNonCurrentLiabilities,totalNonCurrentLiabilities,negativeGoodwill,warrants,preferredStockRedeemable,capitalSurplus,liabilitiesAndShareholderEquity,cashAndShortTermInvestments,accumulatedDepreciation,commonStockSharesOutstanding,reportedCurrency,investments,changeInLiabilities,cashflowFromInvestment,otherCashflowFromInvestment,netBorrowings,cashflowFromFinancing,otherCashflowFromFinancing,changeInOperatingActivities,netIncome_y,changeInCash,operatingCashflow,otherOperatingCashflow,depreciation,dividendPayout,stockSaleAndPurchase,changeInInventory,changeInAccountReceivables,changeInNetIncome,capitalExpenditures,changeInReceivables,changeInExchangeRate,changeInCashAndCashEquivalents,clossingVal,nextClossingVal
0,2020-06-30,USD,26188000,None,None,None,None,7406000,None,None,10047000,None,9394000,None,None,1797000,622000,2641000,24997000,24375000,None,None,None,2641000,None,None,7406000,7406000,None,USD,3181540000,4258000,555556000,None,2829300000,352240000,None,None,128633000,211613000,19180000,30140000,2139741000,397699000,None,None,None,11994000,28368000,None,555556000,317842000,431108000,76186000,2883000,None,21977000,None,None,None,None,None,None,None,None,None,None,24574000,2743000,None,None,None,None,None,None,None,None,None,None,USD,-248738000,0,-248738000,None,-45000,470060000,472756000,3517000,7406000,241425000,20103000,None,739000,-3121000,0,None,-2467000,3061000,96000,None,None,None,33.33,
1,2020-03-31,USD,27239000,None,None,None,None,7228000,None,None,9570000,None,10940000,None,None,1583000,1265000,2342000,25384000,24119000,None,None,None,2342000,None,None,7228000,7228000,None,USD,2697738000,4471000,580008000,None,2351798000,345940000,None,None,127684000,207328000,15312000,30140000,1875410000,156274000,None,None,None,10928000,27933000,None,580008000,311329000,450210000,73936000,2910000,None,18052000,None,None,None,None,None,None,None,None,None,None,23726000,2910000,None,None,None,None,None,None,None,None,None,14000000,USD,-1540000,0,-1540000,-941000,-45000,-35099000,-29379000,-701000,7228000,-27114000,9525000,None,739000,-3127000,-3333000,None,293000,1949000,146000,None,None,None,30.0,33.33
2,2019-12-31,USD,26212000,13097000,None,25150000,None,9079000,None,None,12386000,None,9219000,None,12053000,1400000,1339000,3307000,25233000,23894000,None,None,None,3307000,333000,None,9079000,9079000,None,USD,2707280000,4684000,569673000,12538000,2370492000,336788000,None,None,129058000,203227000,17156000,30140000,1878791000,183388000,2342441000,None,None,4503000,17072000,191120000,569673000,301964000,434067000,75714000,2920000,None,18468000,None,None,None,None,None,None,None,None,None,None,12615000,2920000,None,None,None,None,None,None,None,None,None,14000000,USD,-116229000,0,-116229000,428000,-43000,107399000,111965000,1372000,9079000,902000,9732000,None,749000,-2851000,-1783000,None,-2616000,1131000,123000,None,None,None,45.05,30.0
3,2019-09-30,USD,26872000,13977000,None,26472000,None,9448000,None,None,12272000,None,9987000,None,12495000,1331000,1181000,2824000,25332000,24151000,None,None,None,2824000,-223000,None,9448000,9448000,None,USD,2592071000,4906000,500937000,17052000,2259006000,333065000,None,None,130220000,196999000,16148000,30140000,1832257000,182486000,2226292000,None,None,5846000,18408000,189523000,500937000,298019000,364051000,72744000,2946000,None,17871000,None,None,None,None,None,None,None,None,None,None,13665000,2946000,None,None,None,None,None,None,None,None,None,14000000,USD,-7446000,0,-7446000,-616000,-42000,116882000,122484000,829000,9448000,123729000,14293000,None,795000,-2865000,-2824000,None,2870000,334000,175000,None,None,None,41.49,45.05
4,2019-06-30,USD,26063000,14521000,None,26063000,None,8235000,None,None,11147000,None,10711000,None,11542000,1299000,1152000,2912000,24941000,23789000,None,None,None,2912000,-395000,None,8235000,8235000,None,USD,2463987000,5128000,527010000,17780000,2136320000,327667000,None,None,132151000,190416000,15744000,30140000,1799394000,58757000,2103273000,None,None,5100000,19387000,66828000,527010000,292399000,384219000,74521000,2971000,None,16977000,None,None,None,None,None,None,None,None,None,None,14332000,2971000,None,None,None,None,None,None,None,None,None,14000000,USD,85590000,0,102921000,103165000,-42000,-84851000,-79983000,-974000,8235000,7118000,6379000,None,793000,-2612000,-5815000,None,-2224000,532000,177000,None,None,None,41.02,41.49
5,2019-03-31,USD,25617000,15127000,None,25617000,None,7479000,None,None,10089000,None,10989000,None,10490000,1644000,1085000,2610000,24931000,23846000,None,None,None,2610000,-401000,None,7479000,7479000,None,USD,2534076000,5349000,595790000,18784000,2213412000,320664000,None,None,137125000,184793000,16732000,30140000,1808064000,51639000,2179365000,None,None,-1254000,19702000,59491000,595730000,285175000,449834000,74795000,2966000,None,17468000,None,None,None,None,None,None,None,None,None,None,14349000,2966000,None,None,None,None,None,None,None,None,None,14000000,USD,17331000,0,17331000,-1892000,-7041000,-10442000,3789000,-1157000,7479000,17418000,10529000,None,778000,-2630000,-4640000,None,1641000,1771000,67000,None,None,None,40.69,41.02
6,2018-12-31,USD,26695000,13509000,1745000,26695000,0,9662000,0,0,12990000,0,12081000,None,13186000,1428000,1745000,None,None,None,0,0,0,3328000,-196000,0,9662000,9662000,None,USD,2520892000,5571000,None,8292000,2204485000,316407000,None,None,140565000,179944000,19526000,30140000,1799761000,34221000,2182319000,None,None,-4102000,7376000,42674000,635370000,280696000,None,None,2640000,None,2174840000,None,None,None,None,None,None,None,None,None,None,None,2640000,None,None,None,None,None,None,None,None,None,14000000,USD,-42596000,0,-76215000,956000,2863000,-43105000,-38006000,1445000,9662000,-108497000,10823000,None,749000,-2441000,-6278000,None,None,-403000,292000,None,None,None,41.24,40.69
7,2018-09-30,USD,25775000,13696000,669000,25775000,0,8680000,0,0,11804000,0,12186000,None,12079000,1510000,669000,None,None,None,0,0,0,3124000,-275000,0,8680000,8680000,None,USD,2545715000,5802000,None,7366000,2237112000,308603000,0,None,145498000,172723000,18280000,30140000,1766394000,142718000,2213001000,None,None,-9618000,7602000,150084000,585693000,272661000,0,None,5831000,0,2212846000,0,0,0,0,0,0,None,None,None,None,None,None,None,None,None,None,None,None,None,None,None,14000000,USD,-13688000,0,-25337000,956000,2863000,71683000,75123000,-1907000,8680000,58863000,12517000,None,762000,-2238000,0,0,0,1106000,169000,None,None,None,83.9,41.24
8,2018-06-30,USD,25080000,14103000,566000,25080000,0,7891000,0,0,10571000,0,12589000,None,10977000,1514000,566000,None,None,None,0,0,0,2680000,-406000,0,7891000,7891000,None,USD,2465042000,6032000,None,7814000,2160844000,304198000,0,None,146195000,166281000,17152000,30140000,1754447000,83855000,2137890000,6078000,6078000,-8278000,7965000,91669000,574789000,268026000,0,None,5802000,0,2137723000,0,0,0,0,0,0,None,None,None,None,None,None,None,None,None,None,None,None,None,None,None,14000000,USD,12079000,0,-33992000,956000,2863000,-51068000,-48871000,-1924000,7891000,-75492000,9568000,None,776000,-2166000,0,0,0,1409000,214000,None,None,None,80.85,83.9
9,2018-03-31,USD,24133000,15381000,556000,24133000,0,6389000,0,0,8052000,0,10524000,None,12832000,1495000,556000,None,None,None,0,0,0,1663000,-700000,0,6389000,6389000,None,USD,2510043000,36402000,None,7087000,2211579000,298464000,0,2186594000,145282000,153182000,19213000,30140000,686430000,159347000,2186766000,5772000,5772000,-7374000,8297000,166434000,588995000,262062000,0,77133000,5772000,0,2186594000,0,0,0,0,0,0,None,None,None,None,None,None,None,None,None,None,None,None,None,None,None,14000000,USD,-96549000,0,-89759000,0,None,36362000,37924000,3288000,6389000,-44198000,9199000,None,777000,-2015000,0,0,0,1051000,232000,None,None,None,68.95,80.85
10,2017-12-31,USD,82620000,75480000,1011000,82620000,-20586000,1110000,0,0,6526000,0,9261000,None,11686000,6891000,1321000,None,None,None,0,0,0,5416000,-2840000,0,12758000,1110000,None,USD,2468154000,36632000,None,7501000,2171129000,297025000,0,2148670000,143967000,153058000,16720000,30140000,592751000,203545000,2149601000,6479000,6479000,-2486000,8612000,211120000,496699000,260393000,0,72620000,5739000,0,2148670000,0,0,0,0,0,0,None,None,None,None,None,None,None,None,None,None,None,None,None,None,None,13000000,USD,6235000,0,7813000,414000,None,119981000,126084000,1023000,1110000,154741000,26947000,None,2470000,-6896000,0,0,0,7538000,1434000,None,None,None,68.0,68.95
11,2017-09-30,USD,0,-37007000,423000,0,41172000,5132000,0,0,7818000,0,8708000,None,11539000,-950000,24000,None,None,None,0,0,0,2686000,0,0,11676000,5132000,None,USD,2155901000,8662000,None,5978000,1910852000,245049000,0,1890970000,90052000,154997000,14179000,6436000,489110000,0,0,6612000,6612000,-1230000,8230000,0,None,236387000,0,67472000,5703000,238000,1890970000,0,0,0,0,0,0,None,None,None,None,None,None,None,None,None,None,None,None,None,None,None,12000000,USD,-12532000,0,-34069000,170000,None,113945000,118270000,663000,5132000,11218000,20444000,None,0,-5103000,0,0,0,1439000,1143000,None,None,None,68.5,68.0
12,2017-06-30,USD,0,12469000,399000,0,-27448000,5186000,0,0,7769000,0,8667000,None,11152000,-611000,-12000,None,None,None,0,0,0,2583000,0,0,-13006000,5186000,None,USD,2100716000,8780000,None,6003000,1859983000,240733000,0,1840540000,88949000,151784000,13777000,6436000,477929000,0,0,5666000,5666000,-1099000,8390000,0,None,231953000,0,67499000,5666000,238000,1840540000,0,0,0,0,0,0,None,None,None,None,None,None,None,None,None,None,None,None,None,None,None,12000000,USD,13137000,0,11599000,170000,None,65290000,67840000,254000,5186000,64744000,12213000,None,0,-3315000,0,0,0,413000,814000,None,None,None,61.55,68.5
13,2017-03-31,USD,0,0,411000,0,6862000,4548000,0,0,6725000,0,8794000,None,10343000,481000,411000,None,None,None,0,0,0,2177000,0,0,4548000,4548000,None,USD,2033708000,8898000,None,5721000,1798722000,234986000,0,1779269000,87911000,147075000,13825000,6436000,489621000,0,0,5628000,5628000,-2282000,8336000,0,None,226088000,0,67005000,5628000,238000,1779269000,0,0,0,0,0,0,None,None,None,None,None,None,None,None,None,None,None,None,None,None,None,12000000,USD,12544000,-674000,12417000,170000,None,4973000,6569000,145000,4548000,24358000,6968000,None,0,-1655000,0,0,0,406000,297000,None,None,None,64.35,61.55
14,2016-12-31,USD,84172000,46867000,132000,84172000,12978000,5687000,0,0,8984000,0,7858000,None,12269000,8076000,1816000,None,None,None,0,0,0,3297000,-825000,0,30681000,5687000,None,USD,2023493000,9016000,None,6319000,1792930000,230563000,0,1772700000,87392000,143171000,14644000,6436000,494587000,48804000,1773767000,6519000,6519000,-3293000,8520000,55586000,429718000,221547000,0,68961000,5586000,408000,1772700000,0,0,0,0,0,0,None,None,None,None,None,None,None,None,None,None,None,None,None,None,None,12000000,USD,61287000,0,24318000,-3924000,-67000000,-27303000,44474000,-578000,5687000,22461000,25446000,None,2355000,-6223000,0,0,324000,-351000,1040000,None,None,None,69.75,64.35
15,2016-09-30,USD,0,0,-827000,0,-21061000,6964000,0,0,11135000,0,7958000,None,14505000,-2865000,-374000,None,None,None,0,0,0,4171000,0,0,-12384000,6964000,None,USD,2054821000,9149000,None,None,1823041000,231780000,0,1801469000,86926000,144854000,16032000,6436000,496922000,0,0,None,None,2427000,8611000,0,None,222631000,0,62762000,5540000,408000,1801469000,0,0,0,0,0,0,None,None,None,None,None,None,None,None,None,None,None,None,None,None,None,12000000,USD,-61999000,3740000,47347000,0,None,2925000,73243000,1339000,6964000,41492000,20315000,None,0,-4573000,0,0,998000,-1601000,652000,None,None,None,49.73,69.75
16,2016-06-30,USD,0,0,827000,0,8083000,4837000,0,0,7570000,0,7899000,None,11113000,441000,270000,None,None,None,0,0,0,2733000,0,0,4837000,4837000,None,USD,1950452000,9282000,None,None,1724000000,226452000,0,1705615000,86569000,139883000,12892000,6436000,452644000,0,0,None,None,2891000,8650000,0,None,217170000,0,61918000,5493000,408000,1705615000,0,0,0,0,0,0,None,None,None,None,None,None,None,None,None,None,None,None,None,None,None,12000000,USD,11252000,-2854000,110028000,0,-19350000,-91428000,24382000,1552000,4837000,15668000,10495000,None,0,-3044000,0,0,676000,-153000,239000,None,None,None,48.37,49.73
17,2016-03-31,USD,0,0,557000,0,0,5646000,0,0,8791000,0,8029000,None,12186000,0,557000,None,None,None,0,0,0,3145000,0,0,0,5646000,None,USD,1943602000,9416000,None,None,1721956000,221646000,0,None,86133000,135513000,15815000,6436000,467691000,0,0,None,None,None,8909000,0,None,None,0,None,24795000,421000,1681346000,0,0,0,0,0,0,None,None,None,None,None,None,None,None,None,None,None,None,None,None,None,12000000,USD,None,10000,100822000,0,None,-94993000,None,None,5646000,None,7598000,None,0,-1518000,0,0,724000,None,57000,None,None,None,49.22,48.37
18,2015-12-31,USD,75880000,45952000,1052000,75880000,0,4925000,0,0,7706000,0,7319000,None,10911000,5387000,1689000,None,None,None,0,0,0,2781000,-997000,0,18441000,4925000,None,USD,2031134000,9549000,None,6643000,1816661000,214473000,0,1728226000,84727000,129746000,16040000,6436000,558836000,26343000,1782071000,74053000,74053000,193000,9305000,33410000,498524000,204924000,0,62284000,20395000,421000,1728226000,0,0,0,0,0,0,None,None,None,None,None,None,None,None,None,None,None,None,None,None,None,12000000,USD,-175103000,0,-263278000,-136000,52000000,224572000,176607000,1138000,4925000,-15024000,23682000,None,2587000,-5390000,0,0,0,1240000,1418000,None,None,None,53.4,49.22
19,2015-09-30,USD,0,0,562000,0,0,4773000,0,0,7543000,0,7646000,None,10939000,0,7000,None,None,None,0,0,0,2770000,0,0,0,4773000,None,USD,1882794000,9704000,None,None,1670840000,211954000,0,None,84272000,127682000,15015000,6436000,488778000,0,0,None,None,None,9537000,0,None,None,0,None,20343000,421000,1635482000,0,0,0,0,0,0,None,None,None,None,None,None,None,None,None,None,None,None,None,None,None,12000000,USD,None,None,-104131000,0,None,80989000,83863000,None,4773000,None,17090000,None,0,-3936000,0,0,303000,None,1194000,None,None,None,47.99,53.4
