,fiscalDateEnding,reportedCurrency_x,totalRevenue,totalOperatingExpense,costOfRevenue,grossProfit,ebit,netIncome_x,researchAndDevelopment,effectOfAccountingCharges,incomeBeforeTax,minorityInterest,sellingGeneralAdministrative,otherNonOperatingIncome,operatingIncome,otherOperatingExpense,interestExpense,taxProvision,interestIncome,netInterestIncome,extraordinaryItems,nonRecurring,otherItems,incomeTaxExpense,totalOtherIncomeExpense,discontinuedOperations,netIncomeFromContinuingOperations,netIncomeApplicableToCommonShares,preferredStockAndOtherAdjustments,reportedCurrency_y,totalAssets,intangibleAssets,earningAssets,otherCurrentAssets,totalLiabilities,totalShareholderEquity,deferredLongTermLiabilities,otherCurrentLiabilities,commonStock,retainedEarnings,otherLiabilities,goodwill,otherAssets,cash,totalCurrentLiabilities,shortTermDebt,currentLongTermDebt,otherShareholderEquity,propertyPlantEquipment,totalCurrentAssets,longTermInvestments,netTangibleAssets,shortTermInvestments,netReceivables,longTermDebt,inventory,accountsPayable,totalPermanentEquity,additionalPaidInCapital,commonStockTotalEquity,preferredStockTotalEquity,retainedEarningsTotalEquity,treasuryStock,accumulatedAmortization,otherNonCurrrentAssets,deferredLongTermAssetCharges,totalNonCurrentAssets,capitalLeaseObligations,totalLongTermDebt,otherNonCurrentLiabilities,totalNonCurrentLiabilities,negativeGoodwill,warrants,preferredStockRedeemable,capitalSurplus,liabilitiesAndShareholderEquity,cashAndShortTermInvestments,accumulatedDepreciation,commonStockSharesOutstanding,reportedCurrency,investments,changeInLiabilities,cashflowFromInvestment,otherCashflowFromInvestment,netBorrowings,cashflowFromFinancing,otherCashflowFromFinancing,changeInOperatingActivities,netIncome_y,changeInCash,operatingCashflow,otherOperatingCashflow,depreciation,dividendPayout,stockSaleAndPurchase,changeInInventory,changeInAccountReceivables,changeInNetIncome,capitalExpenditures,changeInReceivables,changeInExchangeRate,changeInCashAndCashEquivalents,clossingVal,nextClossingVal
0,2019-03-31,USD,4361000,2426000,2433000,1928000,-245500,-375000,None,None,-375000,None,2506000,None,-486000,-43500,-69500,None,111000,None,None,None,None,None,58000,None,-187500,-187500,None,USD,22486000,2338000,None,102000,7337000,15149000,None,17000,17000,-6492000,692000,None,153000,7527000,4155000,445000,445000,1923000,9591000,10404000,None,12811000,102000,600000,3177000,829000,443000,None,None,None,None,None,-2773000,None,12082000,None,12082000,33000,5000,692000,3182000,None,None,None,22474000,None,7527000,None,None,USD,None,0,None,None,None,None,None,None,-187500,None,None,None,None,None,None,None,None,None,0,None,None,None,2.9163,
1,2018-12-31,USD,2180500,2426000,1216500,964000,-245500,-187500,None,None,-187500,None,1253000,None,-245500,-43500,-69500,None,None,None,None,None,None,None,58000,None,-187500,-187500,None,USD,22486000,2338000,None,None,7337000,15149000,None,17000,17000,-6492000,692000,None,153000,7527000,4155000,None,None,1923000,9591000,10404000,None,12811000,102000,1946000,2485000,829000,443000,None,None,None,None,None,None,None,None,None,None,None,None,None,None,None,None,None,None,None,None,None,None,USD,None,0,None,None,None,None,None,None,-187500,None,None,None,None,None,None,None,None,None,0,None,None,None,2.01,2.9163
2,2018-09-30,USD,5631000,2842500,3602000,2029000,-27000,-88000,None,None,-88000,None,2099000,None,-54000,-8000,-69500,None,-34000,None,None,None,None,0,-17000,None,-44000,-88000,None,USD,22774000,2410000,None,None,7459000,15315000,None,None,17000,-6117000,738000,None,151000,8400000,4456000,682000,None,1612000,9442000,10771000,None,12905000,None,1216000,2248000,681000,582000,None,None,None,None,None,-2671000,None,None,None,None,None,17000,None,None,None,None,None,22474000,None,8400000,None,None,USD,None,0,None,None,None,None,None,None,-44000,None,None,None,None,None,None,None,None,None,0,None,None,None,2.7939,2.01
3,2018-06-30,USD,2815500,2842500,1801000,1014500,-27000,-44000,None,None,-44000,None,1049500,None,-27000,-8000,-69500,None,None,None,None,None,None,0,-17000,None,-44000,-44000,None,USD,22774000,2410000,None,None,7459000,15315000,None,None,17000,-6117000,738000,None,151000,8400000,4456000,None,None,1612000,9442000,10771000,None,12905000,None,1690000,2248000,681000,582000,None,None,None,None,None,None,None,None,None,None,None,None,None,None,None,None,None,None,None,None,None,None,USD,None,0,None,None,None,None,None,None,-44000,None,None,None,None,None,None,None,None,None,0,None,None,None,3.33,2.7939
4,2018-03-31,USD,5306000,2935500,2442000,2864000,-282500,-684000,-35000,0,-684000,0,4544000,None,-577000,393500,-33000,None,-107000,None,0,0,0,0,-59500,0,-342000,-684000,None,USD,24755000,2787000,None,78000,7666000,17089000,None,3318000,17000,-6029000,738000,None,149000,8751000,4369000,99000,67000,3036000,10434000,11385000,None,14302000,78000,794000,2527000,1012000,924000,None,None,None,None,None,-2409000,None,None,None,None,None,32000,None,None,None,None,None,22474000,None,8751000,None,None,USD,140000,0,-216000,4000,2108000,1536000,2330000,1844000,-342000,5006000,2786000,None,1099000,None,None,-563000,498000,585000,364000,None,None,None,3.13,3.33
5,2017-12-31,USD,2653000,2935500,1221000,1432000,-282500,-342000,-35000,0,-342000,0,1356000,None,-282500,393500,-33000,None,None,None,0,0,0,0,-59500,0,-342000,-342000,None,USD,24755000,2787000,None,None,7666000,17089000,None,73000,17000,-6029000,738000,None,149000,8751000,4369000,67000,67000,3036000,10434000,11385000,None,14302000,78000,1544000,2527000,1012000,924000,None,None,None,None,None,None,None,None,None,None,None,None,None,None,None,None,None,None,None,None,None,None,USD,None,0,None,None,None,None,None,None,-342000,None,None,None,None,None,None,None,None,None,0,None,None,None,2.45,3.13
6,2017-09-30,USD,7210000,0,4481000,2729000,0,688000,70000,0,688000,0,2062000,None,815000,0,6000,None,-127000,None,0,0,0,0,0,0,0,688000,None,USD,22382000,2761000,None,1006000,5893000,16489000,None,4786000,17000,-5345000,None,None,2907000,7044000,5859000,154000,181000,1429000,10252000,9223000,None,13728000,None,973000,34000,200000,873000,None,None,None,None,None,-2120000,None,None,None,None,None,34000,None,None,None,None,None,22508000,None,7044000,None,None,USD,None,0,None,None,None,None,None,None,688000,None,None,None,None,None,None,None,None,None,0,None,None,None,2.22,2.45
7,2017-06-30,USD,3108500,2701000,2258000,850500,407500,344000,35000,0,344000,0,978500,None,407500,-570500,-3000,None,None,None,0,0,0,0,-63500,0,344000,344000,None,USD,22382000,2761000,None,None,5893000,16489000,None,None,17000,-5345000,None,None,146000,7044000,5859000,181000,181000,1429000,10252000,9223000,None,13728000,None,1979000,None,200000,873000,None,None,None,None,None,None,None,None,None,None,None,None,None,None,None,None,None,None,None,None,None,None,USD,None,0,None,None,None,None,None,None,344000,None,None,None,None,None,None,None,None,None,0,None,None,None,2.48,2.22
8,2017-03-31,USD,7313000,-9686500,3709000,-2016500,-425500,1697000,55000,0,2251000,0,2661000,None,943000,2153500,13000,None,None,None,0,0,0,554000,-165000,0,-798500,1697000,None,USD,20966000,2785000,None,1646000,5371000,15595000,None,3207000,17000,-6033000,67000,None,2929000,3745000,5244000,135000,135000,974000,10294000,7743000,144000,12810000,167000,2813000,60000,1018000,1183000,None,None,None,None,None,-1929000,None,None,None,None,None,127000,None,None,None,None,None,22566000,None,3745000,None,None,USD,-17000,-1318000,-410000,-224000,-1646000,-2014000,None,-324000,1697000,198000,3145000,None,1046000,None,-368000,649000,-300000,110000,289000,None,None,None,2.57,2.48
9,2016-12-31,USD,18901000,43801500,12363500,16008500,5588500,2495500,182000,0,2841500,0,5491500,None,3367500,-4248500,-90500,None,None,None,0,0,0,346000,685000,0,5789500,2495500,None,USD,20966000,2785000,None,None,5371000,15595000,None,533000,17000,-6033000,None,None,144000,3745000,5244000,583000,583000,974000,10294000,7743000,None,12810000,167000,2813000,67000,1018000,1183000,None,None,None,None,None,None,None,None,None,None,None,None,None,None,None,None,None,None,None,None,None,None,USD,None,0,None,None,None,None,None,None,848500,None,None,None,None,None,None,None,None,None,0,None,None,None,2.19,2.57
10,2016-09-30,USD,10163000,-22872500,7006000,-7892500,-2535000,1098000,103000,0,1144000,0,2964000,None,193000,2052500,24000,None,None,None,0,0,0,46000,-325000,0,-2745000,1098000,None,USD,21571000,3007000,None,1292000,6597000,14974000,None,3628000,17000,-7730000,135000,None,3147000,3322000,6382000,1346000,1346000,1708000,10975000,7449000,None,11967000,None,3403000,80000,724000,1441000,None,None,None,None,None,-1587000,None,None,None,None,None,None,None,None,None,None,None,None,None,None,None,None,USD,None,0,None,None,None,None,None,None,1098000,None,None,None,None,None,None,None,None,None,0,None,None,None,1.69,2.19
11,2016-06-30,USD,5081500,4574500,3503000,1578500,507000,549000,51500,0,572000,0,1430500,None,507000,-410500,-12000,None,None,None,0,0,0,23000,65000,0,549000,549000,None,USD,21571000,3007000,None,None,6597000,14974000,None,477000,17000,-7730000,None,None,140000,3322000,6382000,1346000,1346000,1708000,10975000,7449000,None,11967000,None,3403000,135000,724000,1441000,None,None,None,None,None,None,None,None,None,None,None,None,None,None,None,None,None,None,None,None,None,None,USD,None,0,None,None,None,None,None,None,549000,None,None,None,None,None,None,None,None,None,0,None,None,None,1.375,1.69
12,2016-03-31,USD,11059000,22504000,6960000,8289000,2866000,2717000,3000,0,3022000,0,3300000,None,799000,-724000,36000,None,None,None,0,0,0,305000,315000,0,2871000,2717000,None,USD,23021000,3292000,None,1180000,8443000,14578000,None,3527000,17000,-8828000,202000,None,3697000,3547000,8137000,135000,135000,2384000,11717000,7607000,405000,11286000,144000,2093000,104000,1823000,2501000,None,None,None,None,None,-1561000,None,None,None,None,None,None,None,None,None,None,None,None,None,None,None,None,USD,257000,-2290000,581000,342000,-3628000,-3727000,None,484000,2717000,520000,3855000,None,1047000,None,-99000,1268000,294000,-456000,823000,None,None,None,1.3801,1.375
13,2015-09-30,USD,12833000,0,9516000,0,0,154000,197000,0,159000,0,3784000,None,0,0,77000,None,None,None,0,0,0,5000,0,0,0,154000,None,USD,24486000,3971000,None,397000,11493000,12993000,None,3375000,17000,None,381000,None,4107000,1596000,11078000,None,None,None,12386000,None,None,None,None,None,34000,2242000,5415000,None,None,None,None,None,-1462000,None,None,None,None,None,None,None,None,None,None,None,None,None,None,None,None,USD,None,None,None,None,None,None,None,None,154000,None,None,None,None,None,None,None,None,None,0,None,None,None,1.2699,1.3801
14,2015-03-31,USD,14365000,28580000,10849000,5852000,364000,1280000,27000,0,243000,0,4434000,None,364000,-1973000,199000,None,None,None,0,0,0,-1037000,-291000,0,1110000,1280000,None,USD,25777000,4119000,None,1584000,13922000,11855000,None,3402000,17000,-11699000,448000,None,4255000,3027000,13429000,135000,135000,3234000,12484000,9038000,136000,7736000,391000,2499000,45000,3121000,4791000,None,None,None,None,None,-1462000,None,None,None,None,None,None,None,None,None,None,None,None,None,None,None,None,USD,659000,-5622000,-132000,-224000,176000,176000,471000,1122000,1280000,2911000,2647000,None,1082000,None,-99000,3737000,1174000,644000,1105000,None,None,None,1.3401,1.2699
