,fiscalDateEnding,reportedCurrency_x,totalRevenue,totalOperatingExpense,costOfRevenue,grossProfit,ebit,netIncome_x,researchAndDevelopment,effectOfAccountingCharges,incomeBeforeTax,minorityInterest,sellingGeneralAdministrative,otherNonOperatingIncome,operatingIncome,otherOperatingExpense,interestExpense,taxProvision,interestIncome,netInterestIncome,extraordinaryItems,nonRecurring,otherItems,incomeTaxExpense,totalOtherIncomeExpense,discontinuedOperations,netIncomeFromContinuingOperations,netIncomeApplicableToCommonShares,preferredStockAndOtherAdjustments,reportedCurrency_y,totalAssets,intangibleAssets,earningAssets,otherCurrentAssets,totalLiabilities,totalShareholderEquity,deferredLongTermLiabilities,otherCurrentLiabilities,commonStock,retainedEarnings,otherLiabilities,goodwill,otherAssets,cash,totalCurrentLiabilities,shortTermDebt,currentLongTermDebt,otherShareholderEquity,propertyPlantEquipment,totalCurrentAssets,longTermInvestments,netTangibleAssets,shortTermInvestments,netReceivables,longTermDebt,inventory,accountsPayable,totalPermanentEquity,additionalPaidInCapital,commonStockTotalEquity,preferredStockTotalEquity,retainedEarningsTotalEquity,treasuryStock,accumulatedAmortization,otherNonCurrrentAssets,deferredLongTermAssetCharges,totalNonCurrentAssets,capitalLeaseObligations,totalLongTermDebt,otherNonCurrentLiabilities,totalNonCurrentLiabilities,negativeGoodwill,warrants,preferredStockRedeemable,capitalSurplus,liabilitiesAndShareholderEquity,cashAndShortTermInvestments,accumulatedDepreciation,commonStockSharesOutstanding,reportedCurrency,investments,changeInLiabilities,cashflowFromInvestment,otherCashflowFromInvestment,netBorrowings,cashflowFromFinancing,otherCashflowFromFinancing,changeInOperatingActivities,netIncome_y,changeInCash,operatingCashflow,otherOperatingCashflow,depreciation,dividendPayout,stockSaleAndPurchase,changeInInventory,changeInAccountReceivables,changeInNetIncome,capitalExpenditures,changeInReceivables,changeInExchangeRate,changeInCashAndCashEquivalents,clossingVal,nextClossingVal
0,2020-06-30,USD,13438000,8270000,None,13438000,5204000,3847000,None,None,5168000,None,8270000,36000,5168000,1179000,1214000,1321000,14997000,13783000,None,None,None,1321000,None,None,3847000,3847000,None,USD,1711896000,4426000,406332000,None,1542341000,169555000,None,1494307000,58749000,103658000,14518000,11671000,1230859000,155762000,1494307000,None,None,7148000,15466000,155762000,1468856000,153458000,280200000,None,10000000,None,None,None,None,58749000,None,103658000,None,None,53070000,None,2645000,None,10000000,10000000,20000000,None,None,None,None,1711896000,155762000,None,16738685,USD,-151298000,48000,-147740000,3776000,None,250659000,251920000,3523000,3847000,111822000,8903000,-656000,4547000,-838000,-423000,None,None,1117000,218000,None,None,111822000,7.58,
1,2020-03-31,USD,11028000,9783000,None,11028000,1375000,916000,None,None,1245000,None,9783000,130000,1245000,1970000,1359000,329000,14345000,12986000,None,None,None,329000,None,None,916000,916000,None,USD,1455880000,4618000,307890000,None,1290222000,165658000,None,1242387000,59067000,100644000,14121000,11671000,1081277000,43940000,1242387000,None,None,5947000,15452000,43940000,1324392000,149369000,285077000,None,10000000,None,None,None,None,59067000,None,100644000,None,None,52658000,None,3149000,None,10000000,10000000,20000000,None,None,None,None,1455880000,43940000,None,16796262,USD,-18189000,976000,-12394000,5880000,10000000,-28037000,-24904000,-502000,916000,-36664000,3767000,-1991000,859000,-903000,-12230000,None,None,3007000,85000,None,None,-36664000,7.87,7.58
2,2019-12-31,USD,14335000,8421000,None,14335000,6045000,4369000,None,None,5914000,None,8421000,131000,5914000,1343000,1494000,1545000,14808000,13314000,None,None,None,1545000,None,None,4369000,4369000,None,USD,1479616000,4809000,346216000,6928000,1305138000,174478000,None,1267171000,71311000,100566000,11814000,11671000,1052143000,80604000,1267171000,None,None,2601000,15906000,80604000,1309819000,157998000,286950000,4678000,10000000,35000,1267171000,None,None,71311000,None,100566000,None,None,52254000,None,4553000,3855000,10000000,17700000,27700000,None,None,None,None,1479616000,80604000,None,18137167,USD,-19806000,-941000,-14365000,5576000,10000000,3127000,5032000,-356000,4369000,-8000000,3238000,-1011000,758000,-907000,-998000,None,None,63000,135000,None,None,-8000000,11.57,7.87
3,2019-09-30,USD,14728000,8300000,None,14728000,6559000,4642000,None,None,6428000,None,8300000,131000,6428000,1411000,1479000,1786000,15201000,13722000,None,None,None,1786000,217000,None,4642000,4642000,None,USD,1472427000,16672000,328440000,None,1300790000,171637000,None,1262139000,72200000,97100000,14334000,11700000,1065012000,88604000,1262139000,None,None,2337000,16084000,88604000,1295176000,154965000,272341000,None,10000000,58000,1262139000,None,None,72200000,None,97100000,None,None,51073000,None,4818000,None,10000000,18396000,28396000,None,None,None,None,1472427000,88604000,None,18211568,USD,16718000,0,16718000,95277000,10000000,25715000,26621000,712000,4642000,47979000,5546000,253000,506000,-906000,40000,None,None,-326000,561000,None,None,47979000,10.89,11.57
4,2019-06-30,USD,14595000,9140000,None,14595000,5108000,3644000,None,None,4984000,None,6042000,124000,5455000,1713000,1632000,1340000,15127000,13495000,None,None,None,1340000,-471000,None,3644000,3644000,None,USD,1441986000,16900000,305138000,None,1274133000,167853000,None,1235518000,72087000,93363000,14378000,11700000,4791000,40625000,1235518000,None,None,2403000,19405000,40625000,285819000,150953000,285819000,None,20243000,None,1235518000,None,None,72087000,None,93363000,None,None,51731000,None,4791000,None,20243000,18372000,28372000,None,None,None,None,1441986000,40625000,None,18000000,USD,9591000,0,76736000,77998000,-22596000,-36097000,-86508000,29000,3644000,-21904000,4602000,289000,515000,-725000,40000,None,None,402000,802000,None,None,-21904000,10.69,10.89
5,2019-03-31,USD,14061000,10923000,None,14061000,3259000,2306000,None,None,3138000,None,6561000,121000,3138000,1137000,1423000,832000,14427000,13004000,None,None,None,832000,-2030000,None,2306000,2306000,None,USD,1471491000,17094000,324542000,None,1309393000,162098000,None,1248294000,71966000,90626000,14092000,11700000,1068354000,62529000,1268294000,None,None,-494000,15391000,62563000,294117000,145004000,294117000,None,42827000,34000,1248294000,None,None,71966000,None,90626000,None,None,51898000,None,6072000,None,42827000,18272000,61099000,None,None,None,None,1471491000,62529000,None,18000000,USD,67145000,0,67145000,9279000,19100000,-55243000,-73638000,484000,2306000,15164000,3262000,296000,563000,-651000,40000,None,None,-257000,460000,None,None,15164000,10.55,10.69
6,2018-12-31,USD,13626000,8868000,1256000,13626000,4959000,4839000,0,0,4758000,0,8868000,201000,4758000,1083000,1256000,-81000,13750000,12494000,0,0,0,-81000,-937000,0,4839000,4839000,None,USD,1307104000,1841000,280601000,6459000,1168783000,138321000,None,1131716000,52284000,89045000,10991000,665000,966513000,47365000,1131716000,None,None,-3008000,13119000,47365000,1192845000,136480000,23673000,None,23715000,31000,1131716000,None,None,52284000,None,89045000,None,None,44895000,None,7039000,None,23715000,13352000,37067000,None,None,None,None,1307104000,47365000,None,16333502,USD,-19731000,157000,-34827000,-15026000,-901000,-14578000,-13045000,-742000,4839000,-43871000,5534000,-668000,672000,-651000,19000,None,None,534000,70000,None,None,-43871000,10.96,10.55
7,2018-09-30,USD,13070000,7634000,1304000,13070000,5540000,4032000,0,0,5436000,0,7634000,104000,5436000,1085000,1304000,1404000,13431000,12127000,0,0,0,1404000,-94000,0,4032000,4032000,None,USD,1315469000,1864000,309553000,None,1182500000,132969000,0,1144761000,52191000,84857000,13136000,665000,960091000,91236000,1144761000,24603000,24603000,-4079000,13495000,91236000,1156614000,131105000,0,None,24603000,136000,1144761000,0,0,52191000,0,84857000,0,None,44176000,None,8084000,None,24603000,13136000,37739000,None,None,None,None,1315469000,91236000,None,16329902,USD,13964000,1704000,15822000,1912000,-60900000,28756000,90232000,1890000,4032000,51550000,6972000,272000,975000,-650000,74000,0,0,-11000,54000,None,None,51550000,12.2,10.96
8,2018-06-30,USD,12542000,7671000,1410000,12542000,4966000,3618000,0,0,4871000,0,7671000,95000,4871000,1086000,1410000,1253000,12990000,11580000,0,0,0,1253000,-93000,0,3618000,3618000,None,USD,1281504000,1920000,None,None,1151426000,130078000,0,1054529000,52043000,81475000,11406000,665000,969059000,39686000,1054529000,85491000,85491000,-3440000,13908000,39686000,1173970000,128158000,0,None,85491000,140000,1054529000,0,0,52043000,0,81475000,0,None,44205000,None,7815000,None,85491000,11406000,96897000,None,None,None,None,1281504000,39686000,None,16317902,USD,-32966000,-1449000,-31225000,1920000,29100000,34409000,5786000,-1892000,3618000,6063000,2879000,-173000,908000,-487000,10000,0,0,-25000,179000,None,None,6063000,12.75,12.2
9,2018-03-31,USD,12327000,8033000,1185000,12327000,4374000,3241000,0,0,4294000,0,8033000,80000,4294000,1018000,1185000,1053000,12530000,11345000,0,0,0,1053000,-96000,0,3241000,3241000,None,USD,1245575000,1975000,273293000,None,1117853000,127722000,0,1048751000,51959000,78507000,12723000,665000,307840000,33623000,1048751000,56379000,56379000,-2744000,14214000,33623000,1145815000,125747000,0,None,56379000,60000,1048751000,0,0,51959000,0,78507000,0,None,42425000,None,7523000,None,56379000,12723000,69102000,None,None,None,None,1245575000,33623000,None,16315402,USD,-16193000,682000,-13329000,2912000,29100000,-25365000,-54092000,1166000,3241000,-33347000,5347000,559000,1080000,-486000,113000,0,0,-215000,48000,None,None,-33347000,11.65,12.75
10,2017-12-31,USD,11723000,24035000,1628000,11723000,-12312000,7000,0,0,3810000,0,24035000,None,-12312000,5791000,3406000,None,None,None,0,0,0,3803000,184000,0,7000,7000,None,USD,1269421000,2030000,None,6612000,1142157000,127264000,0,1102732000,51830000,75700000,12157000,665000,318048000,66970000,1102732000,27268000,27268000,-266000,14748000,334924000,869655000,125234000,267954000,None,27268000,35000,1102732000,0,0,51830000,0,75700000,0,None,41559000,None,6505000,None,27268000,12157000,39425000,None,None,None,None,1269421000,334924000,None,16271563,USD,-54338000,-631000,-60895000,-6342000,-603000,38943000,40032000,-1014000,7000,-18661000,3291000,2342000,1157000,-486000,26778000,0,0,416000,215000,None,None,-18661000,11.5,11.65
11,2017-09-30,USD,11579000,7276000,1181000,11579000,4303000,2876000,0,0,4303000,0,7276000,None,4303000,-1267000,36000,None,None,None,0,0,0,1427000,0,0,2876000,2876000,None,USD,1231881000,2086000,None,None,1103476000,128405000,0,1062785000,51755000,76179000,12831000,0,315560000,85631000,1062785000,27860000,27860000,471000,15039000,318125000,846375000,126319000,232494000,None,27860000,699000,1062785000,128405000,0,51755000,0,76179000,0,None,41505000,None,8751000,None,27860000,12831000,40691000,None,None,None,None,1231881000,318125000,None,16264561,USD,-34463000,1334000,-31725000,2784000,-600000,15500000,16560000,1045000,2876000,-11223000,5002000,128000,895000,-485000,25000,0,0,-231000,46000,None,None,-11223000,11.5,11.5
12,2017-06-30,USD,10858000,7714000,1445000,10858000,3144000,2209000,0,0,3144000,0,7714000,None,3144000,-165000,62000,None,None,None,0,0,0,935000,0,0,2209000,2209000,None,USD,1212094000,2141000,None,None,1086142000,125952000,0,1046225000,51651000,73789000,11468000,0,293065000,96854000,1046225000,28449000,28449000,512000,15417000,306463000,838087000,123811000,209609000,None,28449000,1517000,1046225000,125952000,51651000,51651000,0,73789000,0,None,41263000,None,8723000,None,28449000,11468000,39917000,None,None,None,None,1212094000,306463000,None,16260161,USD,-35078000,-1577000,-33314000,1881000,-367000,67744000,41735000,-2207000,2209000,35795000,1365000,-286000,936000,-404000,26780000,0,0,83000,117000,None,None,35795000,11.05,11.5
13,2017-03-31,USD,11076000,-8061000,1283000,11076000,19137000,2252000,0,0,3015000,0,-8061000,None,19137000,200000,1083000,None,None,None,0,0,0,763000,0,0,2252000,2252000,None,USD,1142751000,2196000,None,None,1046288000,96463000,0,1004490000,24800000,72066000,12994000,665000,264976000,61059000,1004490000,None,None,-403000,15903000,242593000,832070000,94267000,181534000,None,28804000,814000,1004490000,96463000,0,24800000,0,72066000,0,None,40626000,None,9363000,None,28804000,12994000,41798000,None,None,None,None,1142751000,242593000,None,13516665,USD,-14223000,-87000,-10550000,3879000,-250000,-694000,-261000,1129000,2252000,-7348000,3896000,719000,928000,-401000,218000,0,0,84000,206000,None,None,-7348000,10.7,11.05
14,2016-12-31,USD,10684000,-7815000,1084000,10684000,18499000,2297000,0,0,2869000,0,-7815000,None,18499000,5570000,3724000,None,None,None,0,1588000,0,572000,-4066000,0,2297000,2297000,None,USD,1140992000,2252000,None,5994000,1046886000,94106000,0,1004666000,24547000,70218000,13177000,665000,261609000,68407000,1004666000,29043000,29043000,-659000,16226000,243581000,825937000,91854000,175174000,None,29043000,759000,1004666000,94106000,0,24547000,0,70218000,0,None,43454000,None,9542000,None,29043000,13177000,42220000,None,None,None,None,1140992000,243581000,None,13440442,USD,-54131000,1365000,-50496000,16757000,-400000,28378000,29173000,-662000,2297000,-16723000,5395000,979000,848000,-401000,6000,0,0,-94000,806000,None,None,-16723000,9.5,10.7
15,2016-09-30,USD,10235000,-7125000,1054000,10235000,17360000,2366000,0,0,3110000,0,-7125000,None,17360000,-1200000,-1586000,None,None,None,0,-1176000,0,744000,0,0,2366000,2366000,None,USD,1111018000,2307000,None,None,1016725000,94293000,0,975493000,24483000,68321000,11798000,665000,240840000,85130000,975493000,None,None,1489000,15930000,241570000,769118000,91986000,156440000,None,29434000,793000,975493000,94293000,0,24483000,0,68321000,0,None,73922000,None,8171000,None,29434000,11798000,41232000,None,None,None,None,1111018000,241570000,None,13439422,USD,-32835000,1337000,-21242000,31000,-260000,37276000,37937000,-1373000,2366000,19090000,3056000,-1252000,789000,-401000,0,0,0,-184000,754000,None,None,19090000,7.2,9.5
16,2016-06-30,USD,9654000,-7668000,1040000,9654000,17322000,1556000,0,0,1986000,0,-7668000,None,17322000,200000,2640000,None,None,None,0,168000,0,430000,0,0,1556000,1556000,None,USD,1070192000,2362000,None,None,977704000,92488000,0,937556000,24421000,66356000,10462000,665000,244423000,66040000,937556000,None,None,1711000,15660000,223946000,744069000,90126000,157906000,None,29686000,765000,937556000,92488000,0,24421000,0,66356000,0,None,76129000,None,8026000,None,29686000,10462000,40148000,None,None,None,None,1070192000,223946000,None,13439422,USD,-13845000,-7749000,-14165000,334000,-262000,-855000,-113000,40000,596000,-19710000,-4690000,1057000,910000,-400000,-80000,0,0,495000,654000,None,None,-19710000,6.6,7.2
17,2016-03-31,USD,9253000,-10001000,1600000,9253000,19254000,-960000,0,0,-748000,0,-10001000,None,19254000,0,0,None,None,None,0,0,0,212000,0,0,-960000,-960000,None,USD,1077083000,2469000,None,None,986365000,90718000,0,937667000,24325000,65201000,18762000,717000,261095000,85750000,937667000,None,None,1192000,15494000,260001000,714744000,88249000,174251000,None,29936000,1011000,937667000,0,0,24325000,0,65201000,0,None,75986000,None,8389000,None,29936000,18762000,48698000,None,None,None,None,1077083000,260001000,None,13441606,USD,-24817000,5353000,117115000,142591000,-75250000,-90680000,-15113000,None,0,34558000,8123000,1724000,750000,-401000,84000,0,0,297000,659000,None,None,34558000,6.35,6.6
18,2015-12-31,USD,8991000,-43194000,1381000,8991000,52185000,1870000,0,0,2375000,0,-43194000,None,52185000,3551000,4983000,None,None,None,0,347000,0,505000,-1064000,0,1870000,1729000,39000,USD,1015441000,0,None,4581000,924919000,90522000,0,803735000,24214000,66562000,16180000,0,245425000,51192000,803735000,75000000,75000000,-254000,11072000,210222000,707752000,90522000,159030000,None,105004000,1423000,803735000,0,0,24214000,0,66562000,0,None,76635000,None,9760000,None,105004000,16180000,121184000,None,None,None,None,1015441000,210222000,None,13385154,USD,-231000,-90000,-342000,247000,19694000,23490000,24197000,-2007000,1870000,25883000,2735000,8424000,670000,-441000,-19960000,0,0,447000,358000,None,None,25883000,6.68,6.35
19,2015-09-30,USD,9263000,5574000,1277000,9263000,3689000,2525000,0,0,3689000,0,5574000,None,3689000,0,0,None,None,None,0,0,0,1164000,0,0,2525000,2475000,50000,USD,990729000,0,None,None,882054000,108675000,0,779505000,24180000,64564000,17239000,0,244423000,25309000,779505000,None,None,-668000,11112000,182618000,709885000,88744000,157309000,None,10310000,1525000,779505000,0,0,24180000,19931000,65232000,0,None,76476000,None,10638000,None,10310000,92239000,102549000,None,None,None,None,990729000,182618000,None,13000000,USD,-16065000,1146000,-15799000,420000,-15000000,4022000,19466000,None,2525000,-7487000,4290000,483000,506000,-450000,6000,0,0,-370000,154000,None,None,-7487000,5.78,6.68
