,fiscalDateEnding,reportedCurrency_x,totalRevenue,totalOperatingExpense,costOfRevenue,grossProfit,ebit,netIncome_x,researchAndDevelopment,effectOfAccountingCharges,incomeBeforeTax,minorityInterest,sellingGeneralAdministrative,otherNonOperatingIncome,operatingIncome,otherOperatingExpense,interestExpense,taxProvision,interestIncome,netInterestIncome,extraordinaryItems,nonRecurring,otherItems,incomeTaxExpense,totalOtherIncomeExpense,discontinuedOperations,netIncomeFromContinuingOperations,netIncomeApplicableToCommonShares,preferredStockAndOtherAdjustments,reportedCurrency_y,totalAssets,intangibleAssets,earningAssets,otherCurrentAssets,totalLiabilities,totalShareholderEquity,deferredLongTermLiabilities,otherCurrentLiabilities,commonStock,retainedEarnings,otherLiabilities,goodwill,otherAssets,cash,totalCurrentLiabilities,shortTermDebt,currentLongTermDebt,otherShareholderEquity,propertyPlantEquipment,totalCurrentAssets,longTermInvestments,netTangibleAssets,shortTermInvestments,netReceivables,longTermDebt,inventory,accountsPayable,totalPermanentEquity,additionalPaidInCapital,commonStockTotalEquity,preferredStockTotalEquity,retainedEarningsTotalEquity,treasuryStock,accumulatedAmortization,otherNonCurrrentAssets,deferredLongTermAssetCharges,totalNonCurrentAssets,capitalLeaseObligations,totalLongTermDebt,otherNonCurrentLiabilities,totalNonCurrentLiabilities,negativeGoodwill,warrants,preferredStockRedeemable,capitalSurplus,liabilitiesAndShareholderEquity,cashAndShortTermInvestments,accumulatedDepreciation,commonStockSharesOutstanding,reportedCurrency,investments,changeInLiabilities,cashflowFromInvestment,otherCashflowFromInvestment,netBorrowings,cashflowFromFinancing,otherCashflowFromFinancing,changeInOperatingActivities,netIncome_y,changeInCash,operatingCashflow,otherOperatingCashflow,depreciation,dividendPayout,stockSaleAndPurchase,changeInInventory,changeInAccountReceivables,changeInNetIncome,capitalExpenditures,changeInReceivables,changeInExchangeRate,changeInCashAndCashEquivalents,clossingVal,nextClossingVal
0,2020-06-30,USD,43203000,14594000,36599000,6604000,-8075000,-5648000,None,None,-8231000,None,12195000,-85000,-7990000,353000,-156000,-2583000,-156000,-156000,None,2046000,None,-2583000,-2131000,None,-5648000,-5648000,None,USD,252017000,4784000,None,8419000,81734000,170283000,2747000,7072000,765000,115576000,11818000,None,10614000,17248000,49891000,3125000,3125000,-26038000,106453000,119111000,None,165499000,None,33684000,9595000,59760000,39694000,None,None,765000,None,115576000,-8521000,None,17512000,None,4157000,None,9595000,19501000,31843000,None,None,None,88501000,252017000,17248000,-69379000,14769310,USD,-2341000,-12532000,-2341000,14000,-865000,-2519000,-84000,-6131000,-5648000,1348000,6208000,-103000,2776000,-1883000,229000,2474000,16968000,2273000,2355000,16968000,None,1348000,27.6,
1,2020-03-31,USD,73564000,18123000,49094000,24470000,6462000,4155000,None,None,6224000,None,16653000,115000,6347000,354000,-238000,2069000,-238000,-238000,None,1116000,None,2069000,-1001000,None,4155000,4155000,None,USD,268940000,5199000,None,9534000,95251000,173689000,3692000,5985000,763000,121224000,12298000,None,8577000,16451000,63093000,3125000,3125000,-26643000,106817000,138441000,None,168490000,None,51011000,10406000,61445000,53983000,None,None,763000,None,121224000,-8487000,None,14581000,None,3902000,None,10406000,18060000,32158000,None,None,None,86832000,268940000,16451000,-66721000,14751242,USD,-5121000,-7496000,-5121000,None,-781000,-3681000,-84000,-4361000,4155000,-3882000,4920000,1338000,2746000,-1866000,-1034000,-8187000,10277000,2087000,5121000,10277000,None,-3882000,23.01,27.6
2,2019-12-31,USD,86367000,29722000,56146000,30221000,-162000,-5288000,None,None,-547000,None,16164000,-661000,499000,355000,2723000,4741000,-385000,-385000,None,13203000,None,4741000,-13864000,None,-5288000,-5288000,None,USD,277421000,5880000,None,9417000,105280000,172141000,3786000,4452000,756000,119002000,12933000,None,8531000,20353000,71423000,3125000,3125000,-25803000,108234000,144353000,None,166261000,None,64691000,11147000,53728000,63846000,None,None,756000,None,119002000,-7453000,None,15118000,None,129232000,None,11147000,18924000,33857000,None,None,None,85639000,277421000,20353000,-66507000,14652675,USD,-4828000,2614000,-4828000,5000,-13911000,-15602000,-84000,-9857000,-5288000,9068000,29498000,-4654000,2541000,-1866000,175000,5686000,11284000,17315000,4833000,11284000,None,9068000,44.94,23.01
3,2019-09-30,USD,100094000,23403000,63870000,36224000,12991000,6915000,None,None,12604000,None,17111000,170000,12821000,394000,-387000,5689000,-387000,-387000,None,5898000,None,5689000,-5728000,None,6915000,6915000,None,USD,275815000,6251000,None,9206000,108739000,167076000,1469000,4379000,756000,126156000,10284000,None,3619000,12183000,63958000,3125000,3125000,-36591000,103670000,152001000,None,160825000,None,71689000,25010000,58923000,56454000,None,None,756000,None,126156000,-7443000,None,10462000,None,3431000,None,25010000,18302000,44781000,None,None,None,84198000,275815000,12183000,-64944000,14645335,USD,-6094000,-5831000,-6094000,1258000,-7782000,-8203000,-84000,-422000,6915000,-2503000,11794000,-4253000,2664000,-298000,-123000,279000,3618000,8402000,6094000,3618000,None,-2503000,43.98,44.94
4,2019-06-30,USD,110954000,17420000,68881000,42073000,24996000,17244000,None,None,24587000,None,16699000,343000,24653000,397000,-409000,7343000,-782000,-409000,None,324000,None,7343000,19000,None,17244000,17244000,None,USD,285184000,7375000,None,6650000,121683000,163501000,458000,4092000,756000,121107000,9101000,None,3830000,14881000,70332000,3125000,3125000,-33895000,105232000,158311000,None,156126000,None,76800000,32744000,59980000,63115000,None,None,756000,None,121107000,-7320000,None,10610000,None,3656000,None,32744000,18149000,51351000,None,None,None,82853000,285184000,14881000,-63946000,14647091,USD,-8628000,11156000,-8628000,1054000,-7530000,-7575000,-300000,-1487000,17244000,102000,16305000,-5755000,2590000,-300000,255000,-8746000,-2401000,2217000,9682000,-2401000,None,102000,63.35,43.98
5,2019-03-31,USD,100135000,15953000,63730000,36405000,20431000,15170000,None,None,20058000,None,15477000,-21000,20452000,398000,-373000,4888000,None,-373000,None,78000,None,4888000,-99000,None,15170000,15170000,None,USD,266106000,7882000,None,7015000,117195000,148911000,880000,12612000,755000,104162000,3876000,None,4156000,14874000,66923000,3125000,3125000,-35433000,99911000,145992000,None,141029000,None,73252000,40239000,50851000,51186000,None,None,755000,None,104162000,-1695000,None,8478000,None,3843000,None,40239000,9153000,50272000,None,None,None,81122000,266106000,14874000,-66576000,14985696,USD,-6397000,-937000,-6397000,204000,1969000,818000,-300000,-5101000,15170000,1418000,6997000,2541000,2243000,-298000,-853000,110000,-13722000,1592000,6601000,-13722000,None,1418000,49.64,63.35
6,2018-12-31,USD,90318000,18376000,58879000,31439000,12898000,15271000,7210000,0,12381000,0,17236000,-165000,13063000,579000,517000,None,None,None,-872000,561000,0,-2890000,-4943000,0,15271000,15271000,None,USD,240418000,8589000,None,8058000,106132000,134286000,379000,9140000,749000,89291000,3337000,None,4473000,13375000,64565000,3125000,3125000,-35014000,95140000,132216000,None,125697000,None,63710000,38230000,51074000,52300000,None,None,749000,None,89291000,-817000,None,472000,None,104201000,None,38230000,2958000,41567000,None,None,None,80077000,240418000,13375000,-65585000,14905776,USD,None,-2567000,-18521000,None,-144000,-232000,-4000,960000,15271000,2340000,21093000,-2095000,2402000,-298000,210000,5008000,5476000,-2402000,18521000,5476000,-63000,2277000,35.12,49.64
7,2018-09-30,USD,87883000,20908000,58155000,29728000,8485000,4910000,0,0,7990000,0,15050000,-335000,8820000,5666000,495000,None,None,None,0,192000,0,3080000,-5919000,0,4910000,4910000,None,USD,229519000,9515000,None,6664000,110129000,119390000,849000,12310000,749000,74318000,3549000,0,346000,11098000,65126000,None,None,-33806000,79782000,139876000,None,109875000,0,65618000,41454000,56496000,52816000,0,0,749000,0,74318000,-815000,None,346000,None,89643000,None,None,44154000,45003000,None,None,None,78944000,229519000,11098000,-64915000,14896043,USD,None,2070000,-10373000,0,6708000,6342000,-179000,7596000,4910000,4093000,8124000,2909000,2441000,-298000,-68000,-2828000,-2687000,1309000,10373000,-2687000,376000,4469000,40.8,35.12
8,2018-06-30,USD,80915000,16546000,54140000,26775000,9903000,6372000,0,0,9766000,0,15538000,-326000,10229000,791000,137000,None,None,None,0,217000,0,3394000,-680000,0,6372000,6372000,None,USD,210782000,10528000,None,6411000,96553000,114229000,606000,8921000,749000,69706000,3560000,0,157000,6629000,58382000,34611000,34611000,-33570000,70527000,129570000,None,103701000,0,62821000,34611000,53709000,49461000,0,0,749000,0,69706000,-745000,None,157000,None,81212000,None,None,37565000,38171000,None,None,None,78089000,210782000,6629000,-63449000,14899727,USD,None,8194000,-10899000,0,5318000,5210000,-131000,3920000,6372000,-4290000,1399000,-2037000,2426000,-298000,190000,-8386000,-6838000,1668000,10899000,-6838000,151000,-4139000,44.9,40.8
9,2018-03-31,USD,67313000,17441000,44560000,22753000,4936000,3920000,0,0,4470000,0,13389000,-376000,5312000,3908000,466000,None,None,None,0,144000,0,550000,-4089000,0,3920000,3920000,None,USD,198419000,12121000,None,10764000,87062000,111357000,265000,11927000,747000,63634000,3070000,0,12272000,10768000,54377000,29350000,29350000,-29214000,60956000,125191000,None,99236000,0,57201000,29350000,46458000,42450000,0,0,747000,0,63634000,-705000,None,151000,None,73228000,None,None,32420000,32685000,None,None,None,76895000,198419000,10768000,-63621000,14876190,USD,None,7052000,-5302000,0,11176000,10538000,-131000,4958000,3920000,2258000,-2978000,705000,2565000,-295000,-343000,-10404000,-7360000,544000,5302000,-7360000,-473000,1785000,26.75,44.9
10,2017-12-31,USD,54490000,17332000,36645000,17845000,104000,-1958000,5168000,0,-345000,0,12481000,-409000,513000,1026000,2120000,None,None,None,0,3825000,0,1613000,-24891000,0,-1958000,-1958000,None,USD,173083000,12861000,None,5763000,67303000,105780000,573000,3609000,741000,60074000,3119000,0,13255000,8983000,45627000,17984000,17984000,-30819000,59872000,99956000,None,92919000,0,49566000,17984000,35742000,42018000,0,0,741000,0,60074000,-362000,None,296000,None,73029000,None,17984000,3119000,21676000,None,None,None,76146000,173083000,8983000,-61467000,14782018,USD,None,8200000,-2887000,0,-4005000,-4158000,-138000,583000,-1961000,-816000,6229000,510000,2533000,-294000,141000,-4073000,-14425000,4698000,2887000,-3678000,938000,122000,25.05,26.75
11,2017-09-30,USD,52161000,29611000,34999000,17162000,-12885000,-14064000,0,0,-13252000,0,10981000,-436000,-12449000,1046000,367000,None,None,None,0,17584000,0,812000,0,0,-14064000,-14064000,None,USD,164866000,13980000,None,5293000,58561000,106305000,1040000,3585000,740000,62330000,2534000,0,14195000,8861000,33029000,21958000,21958000,-31784000,59585000,91086000,None,92325000,0,45443000,21958000,31489000,29444000,0,0,740000,0,62330000,-361000,None,215000,None,73780000,None,None,24492000,25532000,None,None,None,75380000,164866000,8861000,-59167000,14769342,USD,None,2979000,-1132000,0,-2000000,-2372000,-5000,2458000,-14060000,147000,3651000,328000,2720000,-296000,-76000,-152000,10747000,17901000,1132000,-6065000,99000,246000,16.9,25.05
12,2017-06-30,USD,47190000,12036000,33172000,14018000,1033000,189000,0,0,703000,0,10574000,-949000,1982000,1004000,-330000,None,None,None,0,458000,0,514000,0,0,189000,189000,None,USD,173878000,14682000,None,5642000,56889000,116989000,1441000,3593000,740000,76685000,2475000,17167000,31977000,8615000,29046000,23927000,23927000,-34736000,58123000,83778000,None,85140000,0,38628000,23927000,30893000,25453000,0,0,740000,0,76685000,-337000,None,128000,None,90100000,None,None,26402000,27843000,None,None,None,74637000,173878000,8615000,-57357000,14770719,USD,None,1110000,-518000,0,1973000,1795000,-27000,725000,188000,3330000,2053000,771000,2739000,-294000,116000,723000,4682000,892000,518000,-4370000,229000,3559000,13.1,16.9
13,2017-03-31,USD,38962000,12672000,28596000,10366000,-1885000,-3020000,0,0,-2390000,0,11688000,421000,-2306000,984000,-506000,None,None,None,0,458000,0,630000,0,0,-3020000,-3020000,None,USD,165064000,15018000,None,6280000,53817000,111247000,1794000,3547000,738000,76792000,2309000,16218000,31366000,5056000,27789000,21925000,21925000,-39696000,57688000,76010000,None,80011000,0,33637000,21925000,31037000,24242000,0,0,738000,0,76792000,-261000,None,130000,None,89054000,None,None,24234000,26028000,None,None,None,73674000,165064000,5056000,-54606000,14724555,USD,None,98000,-1647000,2000,5894000,5382000,-106000,-1041000,-3020000,-1451000,-5186000,-4044000,2964000,-290000,-222000,-1792000,312000,920000,1649000,-312000,88000,-1363000,12.4,13.1
14,2016-12-31,USD,40173000,11855000,30243000,9930000,-1470000,-2190000,4599000,0,-1714000,0,10867000,455000,-1925000,988000,774000,None,None,None,0,4974000,0,476000,-1636000,0,-2190000,-2190000,None,USD,162555000,15827000,None,5148000,50146000,112409000,1448000,6550000,725000,80107000,2219000,16097000,32063000,6419000,30747000,15732000,15732000,-41514000,57133000,73359000,None,80485000,0,32959000,15732000,28833000,24197000,0,0,725000,0,80107000,-25000,None,139000,None,89196000,None,15732000,2219000,19399000,None,None,None,73116000,162555000,6419000,-52294000,14496359,USD,None,1344000,-1694000,-45000,1000000,838000,-138000,1688000,-2189000,-497000,359000,1397000,2753000,-289000,127000,3429000,2679000,1426000,1649000,-7801000,-535000,-1032000,15.85,12.4
15,2016-09-30,USD,36553000,10899000,28096000,8457000,-2599000,-3136000,0,0,-2864000,0,9517000,-157000,-2442000,1009000,-265000,None,None,None,0,373000,0,272000,0,0,-3136000,-3136000,None,USD,166935000,17521000,None,6597000,48255000,118680000,1556000,6502000,724000,82589000,2036000,17417000,35045000,7451000,29964000,None,None,-36866000,59006000,72884000,None,83742000,0,25970000,14699000,32866000,23462000,0,0,724000,0,82589000,-25000,None,107000,None,94051000,None,None,16735000,18291000,None,None,None,72258000,166935000,7451000,-53752000,14484639,USD,None,1067000,-2848000,-4000,-8250000,-8560000,None,3107000,-3137000,-2011000,9397000,3155000,2809000,-290000,-20000,1100000,10480000,1043000,2844000,3360000,18000,-1993000,10.66,15.85
16,2016-06-30,USD,41317000,10730000,31409000,9908000,-517000,-766000,0,0,-914000,0,8886000,305000,-822000,1015000,397000,None,None,None,0,829000,0,-148000,0,0,-766000,-766000,None,USD,175889000,18539000,None,9713000,55113000,120776000,1421000,6456000,724000,86012000,2064000,17333000,35951000,9444000,28720000,None,None,-37718000,57705000,82233000,None,84904000,0,29235000,22908000,33841000,22264000,0,0,724000,0,86012000,-21000,None,79000,None,93656000,None,None,24972000,26393000,None,None,None,71779000,175889000,9444000,-52006000,14472508,USD,None,-4155000,-745000,46000,-3000,-101000,None,-407000,-766000,3791000,4637000,-327000,2807000,-287000,189000,2625000,7120000,945000,791000,3508000,58000,3849000,10.75,10.66
17,2016-03-31,USD,40532000,10470000,30147000,10385000,-52000,-413000,0,0,-216000,0,9471000,33000,-85000,999000,164000,None,None,None,0,0,0,197000,0,0,-413000,-413000,None,USD,183992000,19977000,None,12302000,61680000,122312000,1739000,6409000,720000,87066000,2048000,17788000,37899000,5595000,35026000,None,None,-36459000,58760000,87333000,None,84547000,0,32858000,22867000,36578000,28617000,0,0,720000,0,87066000,0,None,134000,None,96659000,None,None,24915000,26654000,None,None,None,70985000,183992000,5595000,-50834000,14385491,USD,None,1139000,-415000,20000,-4000000,-4284000,None,None,-413000,-894000,3805000,-3047000,2554000,-284000,0,-325000,3612000,285000,435000,3612000,198000,-696000,6.48,10.75
18,2015-12-31,USD,41850000,21496000,39803000,2047000,-19819000,-16042000,3042000,0,-20864000,0,8370000,-370000,-19449000,996000,1045000,None,None,None,0,12130000,0,-4822000,-24142000,0,-16042000,-16042000,None,USD,182866000,20418000,None,8916000,64445000,118421000,2119000,6374000,711000,87767000,1928000,17190000,38413000,6291000,32898000,26826000,26826000,-40465000,57999000,86454000,None,80813000,0,35798000,27500000,35449000,26524000,0,0,711000,0,87767000,0,None,805000,None,96412000,None,27500000,1928000,31547000,None,None,None,70408000,182866000,6291000,-48524000,14212115,USD,None,3423000,-636000,-15000,-8624000,-9177000,-1222000,-1961000,-16042000,-1781000,8032000,5079000,2355000,-568000,87000,5294000,-2394000,10097000,621000,-2174000,-502000,-2283000,6.99,6.48
19,2015-09-30,USD,39508000,11230000,29219000,10289000,-2404000,-4233000,0,0,-2659000,0,9938000,-1463000,-941000,1007000,255000,None,None,None,0,285000,0,1574000,0,0,-4233000,-4233000,None,USD,209927000,21994000,None,7082000,71665000,138262000,8894000,10548000,710000,104093000,2005000,29757000,52905000,8574000,24804000,4000,None,-36272000,60381000,96641000,None,86511000,0,39420000,35962000,41565000,24800000,0,0,710000,0,104093000,0,None,1154000,None,113286000,None,35962000,2005000,46861000,None,None,None,69731000,209927000,8574000,-47484000,14193682,USD,None,-5309000,-2194000,147000,2199000,1632000,None,None,-4233000,-2259000,-1697000,-262000,2611000,-567000,0,847000,220000,3597000,2341000,1052000,-56000,-2315000,9.54,6.99
