,fiscalDateEnding,reportedCurrency_x,totalRevenue,totalOperatingExpense,costOfRevenue,grossProfit,ebit,netIncome_x,researchAndDevelopment,effectOfAccountingCharges,incomeBeforeTax,minorityInterest,sellingGeneralAdministrative,otherNonOperatingIncome,operatingIncome,otherOperatingExpense,interestExpense,taxProvision,interestIncome,netInterestIncome,extraordinaryItems,nonRecurring,otherItems,incomeTaxExpense,totalOtherIncomeExpense,discontinuedOperations,netIncomeFromContinuingOperations,netIncomeApplicableToCommonShares,preferredStockAndOtherAdjustments,reportedCurrency_y,totalAssets,intangibleAssets,earningAssets,otherCurrentAssets,totalLiabilities,totalShareholderEquity,deferredLongTermLiabilities,otherCurrentLiabilities,commonStock,retainedEarnings,otherLiabilities,goodwill,otherAssets,cash,totalCurrentLiabilities,shortTermDebt,currentLongTermDebt,otherShareholderEquity,propertyPlantEquipment,totalCurrentAssets,longTermInvestments,netTangibleAssets,shortTermInvestments,netReceivables,longTermDebt,inventory,accountsPayable,totalPermanentEquity,additionalPaidInCapital,commonStockTotalEquity,preferredStockTotalEquity,retainedEarningsTotalEquity,treasuryStock,accumulatedAmortization,otherNonCurrrentAssets,deferredLongTermAssetCharges,totalNonCurrentAssets,capitalLeaseObligations,totalLongTermDebt,otherNonCurrentLiabilities,totalNonCurrentLiabilities,negativeGoodwill,warrants,preferredStockRedeemable,capitalSurplus,liabilitiesAndShareholderEquity,cashAndShortTermInvestments,accumulatedDepreciation,commonStockSharesOutstanding,reportedCurrency,investments,changeInLiabilities,cashflowFromInvestment,otherCashflowFromInvestment,netBorrowings,cashflowFromFinancing,otherCashflowFromFinancing,changeInOperatingActivities,netIncome_y,changeInCash,operatingCashflow,otherOperatingCashflow,depreciation,dividendPayout,stockSaleAndPurchase,changeInInventory,changeInAccountReceivables,changeInNetIncome,capitalExpenditures,changeInReceivables,changeInExchangeRate,changeInCashAndCashEquivalents,clossingVal,nextClossingVal
0,2020-06-30,USD,7478000,7843000,6600000,878000,-1353000,-1434000,3000,None,-1434000,None,1240000,None,-365000,None,81000,0,None,-81000,None,None,None,None,-988000,None,-1434000,-1434000,None,USD,23903000,50000,None,None,12558000,11345000,None,56000,None,None,None,4676000,None,447000,9698000,None,1062000,None,None,16853000,None,None,None,8726000,1893000,5972000,6205000,None,None,None,None,None,None,None,126000,None,7050000,1132000,None,None,2860000,None,None,None,None,None,None,None,None,USD,None,None,None,None,None,None,None,None,-1434000,None,None,None,None,None,None,None,None,None,0,None,None,None,2.91,
1,2020-03-31,USD,7468000,7358000,5784000,1684000,110000,54000,18000,None,54000,None,1556000,None,110000,None,56000,0,-56000,-56000,None,None,None,None,None,None,54000,54000,None,USD,24646000,573000,None,237000,12027000,12619000,None,95000,12619000,None,309000,5147000,147000,1065000,9373000,216000,1410000,12619000,2012000,16767000,None,6899000,None,8633000,2001000,5727000,5320000,None,None,None,None,None,None,None,147000,None,7879000,870000,2001000,None,2654000,None,None,None,None,None,1065000,None,4000000,USD,None,0,None,None,None,None,None,None,54000,None,None,None,None,None,None,None,None,None,0,None,None,None,1.782,2.91
2,2019-12-31,USD,9354000,9230000,7450000,1904000,-317000,-335000,None,None,-322000,None,1780000,None,124000,None,5000,13000,-90000,-5000,None,None,None,13000,-441000,None,-335000,-335000,None,USD,25199000,598000,None,129000,12642000,12557000,None,224000,80482000,-69755000,303000,5147000,155000,339000,10009000,664000,664000,-233000,1977000,17322000,None,6812000,None,10063000,2041000,5407000,6503000,None,None,None,None,None,None,None,78000,None,7877000,840000,2041000,None,2633000,None,None,None,None,None,339000,None,4000000,USD,None,0,None,None,None,None,None,None,-335000,None,None,None,None,None,None,None,None,None,0,None,None,None,1.99,1.782
3,2019-09-30,USD,7914000,8024000,6542000,1372000,-724000,-754000,None,None,-835000,None,1482000,None,-110000,None,111000,-81000,-111000,-111000,None,None,None,-81000,-614000,None,-754000,-754000,None,USD,25741000,982000,None,330000,12856000,12885000,None,262000,12885000,None,279000,5147000,153000,1094000,10020000,1002000,1002000,12885000,2095000,17364000,None,6756000,None,9615000,2201000,5048000,6386000,None,None,None,None,None,None,None,153000,None,8377000,892000,2201000,None,2836000,None,None,None,None,None,1094000,None,4000000,USD,None,0,None,None,None,None,None,None,-754000,None,None,None,None,None,None,None,None,None,0,None,None,None,2.3,1.99
4,2019-06-30,USD,8786000,8637000,7054000,1732000,149000,20000,0,None,22000,None,1583000,None,149000,None,127000,2000,-127000,-127000,None,None,None,2000,-127000,None,20000,20000,None,USD,25229000,1015000,None,327000,11622000,13607000,None,57000,80497000,-68666000,274000,5147000,165000,1435000,8608000,634000,634000,-236000,2228000,16674000,None,7445000,None,8945000,2280000,4272000,5527000,None,None,None,None,None,None,None,165000,None,8555000,987000,2280000,None,3014000,None,None,None,None,None,1435000,None,4000000,USD,None,0,None,None,None,None,None,None,20000,None,None,None,None,None,None,None,None,None,0,None,None,None,2.8365,2.3
5,2019-03-31,USD,7763000,7587000,6113000,1650000,176000,156000,None,None,174000,None,1474000,None,176000,None,2000,18000,-2000,-2000,None,None,None,18000,-2000,None,156000,156000,None,USD,22672000,76000,None,325000,10071000,12601000,None,377000,12601000,None,306000,4676000,144000,2177000,7559000,482000,482000,12601000,2012000,15764000,None,7849000,None,8401000,1806000,3565000,5068000,None,None,None,None,None,None,None,144000,None,6908000,777000,1806000,400000,2512000,None,None,None,None,None,2177000,None,4000000,USD,None,0,None,None,None,None,None,None,156000,None,None,None,None,None,None,None,None,None,0,None,None,None,2.91,2.8365
6,2018-12-31,USD,9093000,8683000,7171000,1922000,410000,377000,0,0,325000,0,1512000,None,410000,0,-22000,-52000,None,None,0,0,0,-52000,-85000,0,377000,377000,None,USD,20111000,81000,None,600000,8600000,11511000,None,984000,75317000,-68842000,301000,4676000,177000,1410000,6432000,467000,467000,-333000,1108000,14069000,None,6754000,None,8776000,1867000,2874000,4106000,None,None,None,None,None,None,None,None,None,None,None,1867000,None,None,None,None,None,None,None,1410000,None,4000000,USD,None,0,-689000,None,-469000,-92000,None,-94000,377000,-38000,743000,None,289000,None,None,366000,1180000,-143000,689000,None,None,None,2.17,2.91
7,2018-09-30,USD,7714000,7440000,6110000,1604000,274000,216000,0,0,227000,0,1330000,None,274000,0,-47000,None,None,None,0,0,0,11000,-47000,0,216000,216000,None,USD,19990000,95000,None,310000,8799000,11191000,None,921000,11191000,None,271000,4676000,184000,1420000,6478000,482000,482000,11191000,1091000,13944000,None,6420000,310000,9223000,2050000,2991000,4273000,None,None,None,None,None,None,None,None,None,None,None,2050000,None,None,None,None,None,None,None,1420000,None,4000000,USD,None,0,None,None,None,None,None,None,216000,None,None,None,None,None,None,None,None,None,0,None,None,None,2.4437,2.17
8,2018-06-30,USD,7552000,7319000,5996000,1556000,233000,192000,0,0,195000,0,1323000,None,233000,0,-38000,None,None,None,0,0,0,3000,-38000,0,192000,192000,None,USD,19977000,109000,None,302000,9051000,10926000,None,913000,75317000,-69435000,270000,4676000,181000,1496000,6624000,479000,479000,-293000,1010000,14001000,None,6141000,302000,9452000,2157000,2751000,4249000,None,None,None,None,None,None,None,None,None,None,None,2157000,None,None,None,None,None,None,None,1496000,None,4000000,USD,None,0,None,None,None,136000,None,None,192000,None,360000,None,None,None,None,489000,None,None,464000,None,None,None,2.31,2.4437
9,2018-03-31,USD,8291000,8004000,6630000,1661000,287000,205000,0,0,202000,0,1374000,None,287000,0,-85000,None,None,None,0,0,0,-3000,-85000,0,205000,205000,None,USD,21146000,124000,None,206000,10746000,10400000,None,873000,10400000,None,287000,4676000,226000,943000,8094000,498000,498000,None,900000,15220000,None,5600000,206000,11114000,2365000,2957000,5741000,None,None,None,None,None,None,None,None,None,None,None,None,None,None,None,None,None,None,None,None,None,3000000,USD,None,0,None,None,None,None,None,None,205000,None,None,None,None,None,None,None,None,None,0,None,None,None,2.23,2.31
10,2017-12-31,USD,7925000,6823000,5909000,1985000,406000,328000,0,0,337000,0,1547000,None,406000,0,7000,None,None,None,0,0,0,9000,-31000,0,366000,328000,None,USD,21407000,4814000,None,898000,11189000,10218000,None,1855000,70855000,-69832000,286000,4676000,5034000,1533000,8380000,505000,505000,-220000,651000,15722000,None,5404000,247000,9904000,2523000,3240000,5951000,None,None,None,None,None,None,None,None,None,None,None,None,None,None,None,None,None,None,None,None,None,3000000,USD,-29000,1350000,-315000,24000,-370000,236000,None,405000,328000,298000,355000,None,245000,None,606000,-926000,-1876000,406000,368000,None,None,None,2.1899,2.23
11,2017-09-30,USD,7227000,41849000,5683000,8688000,1394000,132000,0,0,139000,0,1276000,None,204000,0,-558000,None,None,None,0,0,0,7000,-558000,0,829000,132000,None,USD,20601000,4828000,None,1021000,10895000,9706000,None,1688000,9706000,None,206000,4676000,5044000,1662000,8136000,400000,400000,None,573000,14984000,None,4878000,202000,10195000,2553000,2925000,6048000,None,None,None,None,None,None,None,None,None,None,None,None,None,None,None,None,None,None,None,None,None,3000000,USD,None,0,None,None,None,None,None,None,132000,None,None,None,None,None,None,None,None,None,0,None,None,None,1.83,2.1899
12,2017-06-30,USD,6716000,-27652000,5194000,-5776000,-952000,166000,0,0,166000,0,1226000,None,238000,0,383000,None,None,None,0,0,0,0,383000,0,-569000,166000,None,USD,20456000,4843000,None,1025000,10813000,9643000,None,1934000,68108000,-70292000,214000,4676000,5026000,1790000,7943000,3056000,3056000,-113000,458000,14972000,None,4800000,203000,10220000,2656000,2759000,5609000,None,None,None,None,None,None,None,None,None,None,None,None,None,None,None,None,None,None,None,None,None,3000000,USD,None,0,None,12000,None,10000,None,None,166000,None,513000,None,None,None,None,None,None,None,57000,None,None,None,1.78,1.83
13,2017-03-31,USD,7064000,6826000,5556000,1448000,238000,147000,0,0,147000,0,1210000,None,238000,0,-91000,None,None,None,0,0,0,0,-91000,0,147000,147000,None,USD,19714000,4857000,None,1028000,10718000,8996000,None,1715000,8996000,None,214000,4676000,4899000,1026000,7854000,3050000,3050000,None,470000,14345000,None,4139000,197000,10474000,2650000,2648000,5739000,None,None,None,None,None,None,None,None,None,None,None,None,None,None,None,None,None,None,None,None,None,3000000,USD,None,0,None,None,None,None,None,None,147000,None,None,None,None,None,None,None,None,None,0,None,None,None,2.15,1.78
14,2016-12-31,USD,6777000,26899000,5281000,5315000,528000,219000,0,0,219000,0,1124000,None,312000,0,-307000,None,None,None,0,0,0,0,-161000,0,360000,219000,None,USD,18144000,4871000,None,992000,9560000,8584000,15000,1558000,61488000,-70605000,209000,4676000,4914000,1286000,6617000,400000,400000,-275000,514000,12716000,None,3713000,196000,8099000,2734000,2314000,4601000,None,None,None,None,None,None,None,None,None,None,None,None,None,None,None,None,None,None,None,None,None,3000000,USD,10000,-70000,-268000,-129000,-794000,496000,None,-295000,219000,-132000,-360000,None,248000,None,1290000,189000,-857000,65000,139000,None,None,None,2.12,2.15
15,2016-06-30,USD,6308000,0,4923000,0,0,126000,0,0,126000,0,1106000,None,210000,0,0,None,None,None,0,0,0,0,0,0,0,126000,None,USD,17151000,4900000,None,849000,9183000,7968000,None,1647000,55741000,None,393000,4676000,4962000,1538000,5852000,None,None,None,531000,None,None,None,185000,None,2938000,2111000,3805000,None,None,None,None,None,None,None,None,None,None,None,None,None,None,None,None,None,None,None,None,None,3000000,USD,None,None,None,10000,None,164000,None,None,126000,None,142000,None,None,None,None,392000,None,None,65000,None,None,None,3.02,2.12
16,2016-03-31,USD,8067000,0,6439000,0,0,220000,0,0,220000,0,1249000,None,302000,0,0,None,None,None,0,0,0,0,0,0,0,220000,None,USD,17783000,4914000,None,712000,10636000,7147000,None,1835000,None,None,384000,4676000,4966000,723000,6903000,None,None,None,551000,None,None,None,177000,None,3349000,2351000,4668000,None,None,None,None,None,None,None,None,None,None,None,None,None,None,None,None,None,None,None,None,None,2000000,USD,None,None,None,None,None,None,None,None,220000,None,None,None,None,None,None,None,None,None,0,None,None,None,2.03,3.02
17,2015-12-31,USD,7376000,24911000,5794000,5137000,688000,214000,0,0,183000,0,1262000,None,269000,0,86000,None,None,None,0,0,0,-30000,-376000,0,334000,214000,None,USD,16825000,4129000,None,725000,10320000,6505000,40000,1540000,46230000,-70965000,195000,4122000,4432000,1419000,6667000,400000,400000,-259000,480000,11913000,None,2376000,195000,7199000,3458000,2503000,4671000,None,None,None,None,None,None,None,None,None,None,None,None,None,None,None,None,None,None,None,None,None,2000000,USD,275000,203000,-47000,19000,-1127000,-426000,-59000,72000,214000,-103000,370000,None,205000,None,760000,340000,-927000,143000,66000,None,None,None,1.95,2.03
18,2015-09-30,USD,6295000,0,4997000,0,0,115000,0,0,123000,0,1054000,None,192000,0,69000,None,None,None,0,0,0,8000,0,0,0,115000,None,USD,16306000,4145000,None,609000,10263000,6043000,None,1333000,None,None,181000,4122000,4442000,1270000,10063000,None,None,None,508000,None,None,None,322000,None,19000,2921000,4461000,None,None,None,None,None,None,None,None,None,None,None,None,None,None,None,None,None,None,None,None,None,2000000,USD,None,None,None,None,None,None,None,None,115000,None,None,None,None,None,None,None,None,None,0,None,None,None,2.31,1.95
