,fiscalDateEnding,reportedCurrency_x,totalRevenue,totalOperatingExpense,costOfRevenue,grossProfit,ebit,netIncome_x,researchAndDevelopment,effectOfAccountingCharges,incomeBeforeTax,minorityInterest,sellingGeneralAdministrative,otherNonOperatingIncome,operatingIncome,otherOperatingExpense,interestExpense,taxProvision,interestIncome,netInterestIncome,extraordinaryItems,nonRecurring,otherItems,incomeTaxExpense,totalOtherIncomeExpense,discontinuedOperations,netIncomeFromContinuingOperations,netIncomeApplicableToCommonShares,preferredStockAndOtherAdjustments,reportedCurrency_y,totalAssets,intangibleAssets,earningAssets,otherCurrentAssets,totalLiabilities,totalShareholderEquity,deferredLongTermLiabilities,otherCurrentLiabilities,commonStock,retainedEarnings,otherLiabilities,goodwill,otherAssets,cash,totalCurrentLiabilities,shortTermDebt,currentLongTermDebt,otherShareholderEquity,propertyPlantEquipment,totalCurrentAssets,longTermInvestments,netTangibleAssets,shortTermInvestments,netReceivables,longTermDebt,inventory,accountsPayable,totalPermanentEquity,additionalPaidInCapital,commonStockTotalEquity,preferredStockTotalEquity,retainedEarningsTotalEquity,treasuryStock,accumulatedAmortization,otherNonCurrrentAssets,deferredLongTermAssetCharges,totalNonCurrentAssets,capitalLeaseObligations,totalLongTermDebt,otherNonCurrentLiabilities,totalNonCurrentLiabilities,negativeGoodwill,warrants,preferredStockRedeemable,capitalSurplus,liabilitiesAndShareholderEquity,cashAndShortTermInvestments,accumulatedDepreciation,commonStockSharesOutstanding,reportedCurrency,investments,changeInLiabilities,cashflowFromInvestment,otherCashflowFromInvestment,netBorrowings,cashflowFromFinancing,otherCashflowFromFinancing,changeInOperatingActivities,netIncome_y,changeInCash,operatingCashflow,otherOperatingCashflow,depreciation,dividendPayout,stockSaleAndPurchase,changeInInventory,changeInAccountReceivables,changeInNetIncome,capitalExpenditures,changeInReceivables,changeInExchangeRate,changeInCashAndCashEquivalents,clossingVal,nextClossingVal
0,2020-05-31,USD,41660000,40727000,29628000,12032000,1836000,3133000,None,None,1854000,None,10893000,None,933000,None,None,-1279000,None,None,None,None,None,-1279000,921000,None,3133000,3133000,None,USD,146648000,None,None,None,74745000,71903000,None,3736000,9134000,77851000,26581000,None,12793000,12675000,21959000,None,4385000,-23380000,66410000,67445000,None,71903000,None,23043000,25898000,21480000,7788000,None,None,None,None,None,None,None,12793000,None,79203000,415000,None,24642000,52786000,None,None,None,None,None,None,None,None,USD,-3352000,6947000,-3352000,900000,-5430000,-5430000,None,-7006000,3133000,-128000,8654000,None,903000,None,None,1880000,3001000,-204000,4272000,None,None,None,15.76,
1,2020-02-29,USD,42999000,13580000,30089000,12910000,-674000,427000,None,None,-666000,None,13580000,-4000,-670000,None,None,-1093000,None,None,None,None,None,-1093000,-819000,None,427000,427000,None,USD,144217000,None,None,4426000,75447000,68770000,None,3267000,9134000,74718000,23616000,None,13827000,13703000,24656000,8850000,8850000,-23380000,63056000,67334000,None,68770000,None,35625000,26850000,23360000,12539000,None,None,9134000,None,74718000,None,None,9780000,None,4047000,429000,26850000,23941000,50791000,None,None,None,8298000,144217000,13703000,None,9076832,USD,-4807000,169000,-4807000,4000,14008000,14008000,None,1342000,427000,12457000,3256000,1221000,1141000,None,None,2988000,-2780000,98000,4811000,-2780000,None,12457000,17.48,15.76
2,2020-01-31,USD,46642000,44609000,31588000,15054000,3167000,1859000,None,None,2449000,None,13021000,None,2033000,None,None,590000,None,None,None,None,None,590000,416000,None,1859000,1859000,None,USD,129612000,None,None,None,61269000,68343000,None,2730000,9134000,74291000,23388000,None,16745000,1246000,22835000,6976000,6976000,-23380000,59385000,53482000,None,68343000,None,24106000,14703000,26348000,7136000,None,None,None,None,None,None,None,12698000,None,76130000,442000,15046000,23388000,38434000,None,None,None,8298000,None,1246000,None,9000000,USD,-6161000,-857000,-6161000,13000,7918000,7918000,None,-4490000,1859000,-2232000,-3989000,None,1134000,None,None,19000,-1482000,-762000,6174000,None,None,None,19.06,17.48
3,2019-11-30,USD,46642000,12618000,31588000,15054000,2423000,1859000,None,None,2449000,None,12618000,-13000,2436000,None,None,590000,None,None,None,None,None,590000,416000,None,1859000,1859000,None,USD,129612000,None,None,1782000,61269000,68343000,None,2730000,9134000,74291000,24868000,None,16342000,1246000,22835000,7075000,6976000,-23380000,59385000,53482000,None,68343000,None,36804000,14703000,26348000,13030000,None,None,9134000,None,74291000,None,None,12698000,4047000,4047000,343000,15046000,23338000,38384000,None,None,None,8298000,129612000,1246000,None,9076832,USD,-6161000,-3620000,-6161000,13000,7918000,7918000,None,583000,1859000,-2232000,-3989000,-1913000,1134000,None,None,19000,-1482000,40000,6174000,-1482000,None,-2232000,26.78,19.06
4,2019-08-31,USD,59464000,56879000,41270000,18194000,3953000,1283000,None,None,1572000,None,15603000,None,2585000,None,None,289000,None,None,None,None,None,None,-1013000,None,1283000,None,None,USD,123456000,None,None,None,56972000,66484000,None,None,None,72432000,None,None,None,3478000,19940000,None,1943000,None,None,52768000,None,None,None,21875000,11804000,26367000,7993000,None,None,None,None,None,None,None,12295000,None,70688000,455000,None,None,37032000,None,None,None,None,None,None,None,None,USD,-5896000,None,None,None,None,-648000,None,None,1283000,-4339000,2205000,None,1368000,None,None,-2324000,-115000,None,5948000,None,None,None,33.49,26.78
5,2019-05-31,USD,42837000,11819000,29422000,13415000,1587000,1105000,None,None,1605000,None,11819000,-9000,1596000,None,None,500000,None,None,None,None,None,500000,294000,None,1105000,1105000,None,USD,120234000,None,None,545000,49353000,70881000,None,5309000,9134000,71149000,16005000,None,16354000,7817000,20888000,1918000,1918000,-17700000,49644000,54236000,None,70881000,None,34175000,12460000,24043000,13661000,None,None,9134000,None,71149000,None,None,12344000,4010000,53654000,None,12460000,16005000,28465000,None,None,None,8298000,120234000,7817000,None,9076832,USD,-5664000,2299000,-5664000,9000,5110000,5110000,None,1047000,1105000,5019000,5573000,None,840000,None,None,549000,214000,-621000,5673000,None,None,None,29.0,33.49
6,2019-02-28,USD,41443000,11608000,27042000,14401000,2793000,2220000,None,None,2793000,None,11608000,None,2793000,None,None,573000,None,None,None,None,None,573000,439000,None,2220000,2220000,None,USD,111035000,None,None,1333000,41259000,69776000,None,5399000,9134000,70044000,15475000,None,16068000,2798000,19228000,2712000,2712000,-17700000,44811000,50156000,None,69776000,None,33491000,6556000,24592000,11117000,None,None,9134000,None,70044000,None,None,12058000,4010000,48821000,None,6556000,15475000,22031000,None,None,None,8298000,111035000,2798000,None,9076832,USD,-6927000,-637000,-6927000,None,1768000,1768000,None,50000,2220000,-6403000,-1244000,-760000,986000,None,None,-2828000,-251000,26000,6927000,-251000,None,-6403000,23.83,29.0
7,2019-01-31,USD,45041000,13077000,29387000,15654000,3536000,1876000,0,None,2567000,None,13077000,None,2577000,None,0,691000,None,None,None,None,None,691000,-10000,None,1876000,1876000,None,USD,107683000,None,None,895000,40127000,67556000,None,5091000,9134000,67824000,15163000,None,15630000,9201000,18408000,944000,944000,-17700000,38869000,53184000,None,67556000,None,21324000,6556000,21764000,7176000,None,None,9134000,None,67824000,None,None,54499000,4010000,11620000,None,6556000,15163000,21719000,None,None,None,8298000,107683000,9201000,None,9000000,USD,-7191000,-3186000,-7191000,None,7500000,7500000,None,-2984000,1876000,1022000,713000,14000,959000,None,None,1649000,-622000,23000,7191000,-622000,None,1022000,28.25,23.83
8,2018-11-30,USD,45041000,13087000,29387000,15654000,2567000,1876000,0,0,2567000,0,13087000,12231000,2567000,0,0,None,None,None,0,0,0,691000,-38000,0,1876000,1876000,None,USD,107683000,None,None,895000,40127000,67556000,None,5091000,9134000,67824000,17447000,None,15640000,9201000,18408000,944000,None,-17700000,38869000,53184000,None,67556000,None,32944000,6556000,21764000,12373000,None,None,9134000,None,67824000,None,None,None,4010000,42879000,None,6556000,21719000,28275000,None,None,None,8298000,107683000,9201000,None,9078832,USD,None,-3186000,-7191000,None,7500000,7500000,None,-489000,1876000,1022000,713000,14000,959000,None,None,1649000,-2113000,23000,7191000,-622000,None,1022000,17.76,28.25
9,2018-05-31,USD,38468000,10730000,26034000,12434000,1704000,1448000,0,0,1704000,0,10730000,None,1704000,0,0,None,None,None,0,0,0,256000,721000,0,1448000,1448000,None,USD,100341000,0,None,112000,39848000,60493000,0,5995000,9134000,63886000,21272000,0,18741000,13325000,18576000,None,None,-20825000,25676000,55924000,None,60493000,0,29695000,0,24693000,12581000,0,0,9134000,0,63886000,0,None,None,6840000,32516000,None,None,21272000,21272000,None,None,None,8298000,100341000,13325000,None,9076000,USD,None,2624000,-4893000,0,-12000,-12000,None,1648000,1448000,-512000,4393000,None,763000,0,0,-274000,-1855000,212000,4893000,None,None,None,15.1,17.76
10,2018-02-28,USD,37900000,11613000,25840000,12060000,-5548000,4634000,0,0,6442000,0,11613000,-5995000,447000,0,0,None,None,None,0,0,0,1808000,5833000,0,4634000,4634000,None,USD,97093000,0,None,823000,38048000,59045000,0,5741000,9134000,62438000,22448000,0,20317000,13837000,15600000,5741000,5741000,-20825000,21546000,55230000,None,59045000,0,29628000,0,24419000,9859000,0,0,9134000,0,62438000,0,None,None,6840000,28386000,None,None,22448000,22448000,None,None,None,8298000,97093000,13837000,None,9076000,USD,None,408000,4804000,5995000,-35000,-35000,None,1348000,4634000,6616000,1847000,1015000,957000,0,0,-649000,1360000,-2678000,1191000,1360000,None,6616000,19.45,15.1
11,2018-01-26,USD,41192000,11864000,26355000,13959000,2095000,-1627000,0,0,2095000,0,11871000,None,2088000,0,0,None,None,None,0,0,0,3722000,528000,0,-1627000,-1627000,None,USD,92087000,0,None,1559000,37676000,54411000,0,5689000,9134000,57804000,22269000,0,20479000,7221000,15407000,5689000,5689000,-20825000,21313000,50295000,None,54411000,0,31384000,0,23770000,9718000,0,0,9134000,0,57804000,0,None,None,6840000,28153000,None,None,22269000,22269000,None,None,None,8298000,92087000,7221000,None,9000000,USD,None,-3796000,-3613000,7000,-35000,-35000,None,-4091000,-1627000,-4888000,-1240000,-514000,878000,0,0,-754000,1345000,28000,3620000,1345000,None,-4888000,16.3501,19.45
12,2017-11-30,USD,41192000,11864000,27233000,13959000,2095000,-1627000,0,0,2095000,0,11864000,None,2095000,0,0,None,None,None,0,0,0,3722000,1409000,0,-1627000,-1627000,None,USD,92087000,0,None,1559000,37676000,54411000,0,5689000,9134000,57804000,25263000,0,23151000,7221000,15407000,424000,424000,-20825000,21313000,50295000,None,54411000,0,31384000,0,23770000,9718000,0,0,9134000,0,57804000,0,None,None,6840000,28153000,None,None,22269000,22269000,None,None,None,8298000,92087000,7221000,None,9076000,USD,None,-3796000,-3613000,7000,-35000,-35000,None,6038000,-1627000,-4888000,-1240000,-514000,878000,0,0,-754000,-2326000,28000,3620000,1345000,None,-4888000,12.4,16.3501
13,2017-05-31,USD,36609000,10917000,22590000,14019000,3102000,2059000,0,0,3102000,0,10917000,None,3102000,0,0,None,None,None,0,0,0,1043000,0,0,2059000,2059000,None,USD,97520000,0,None,924000,52763000,44757000,0,4867000,9134000,53921000,38188000,0,29034000,10659000,14575000,4867000,4867000,-26596000,17957000,50529000,None,44757000,0,33320000,0,20128000,9708000,0,0,9134000,0,53921000,0,None,None,14532000,32489000,None,None,38188000,38188000,None,None,None,8298000,97520000,10659000,None,9076000,USD,None,171000,-2471000,0,-23000,-137000,None,3629000,2059000,-2882000,13438000,None,0,0,0,3953000,-112000,-5000,9725000,None,None,None,13.94,12.4
14,2017-02-28,USD,34097000,10928000,21140000,12957000,2029000,1315000,0,0,2029000,0,10928000,None,2029000,0,0,None,None,None,0,0,0,714000,0,0,1315000,1315000,None,USD,92601000,0,None,2139000,49903000,42698000,0,4387000,9134000,51862000,36435000,0,28736000,13541000,13468000,4387000,4387000,-26596000,16487000,47378000,None,42698000,0,27575000,0,18327000,9081000,0,0,9134000,0,51862000,0,None,None,14532000,31019000,None,None,36435000,36435000,None,None,None,8298000,92601000,13541000,None,9076000,USD,None,1958000,-6516000,24000,-35000,-35000,None,-764000,1315000,1044000,7595000,-683000,772000,0,0,841000,3370000,-11000,6540000,3403000,None,1044000,12.37,13.94
15,2016-11-30,USD,40081000,11465000,25166000,14915000,3450000,2474000,0,0,3450000,0,11465000,None,3450000,0,0,None,None,None,0,0,0,976000,0,0,2474000,2474000,None,USD,89363000,0,None,1525000,47980000,41383000,0,4444000,9134000,50547000,34998000,0,28586000,12497000,12982000,4444000,4444000,-26596000,10719000,50058000,None,41383000,0,30922000,0,19168000,8538000,0,0,9134000,0,50547000,0,None,None,14532000,25251000,None,None,34998000,34998000,None,None,None,8298000,89363000,12497000,None,9076000,USD,None,-332000,-1040000,4000,-33000,-33000,None,-867000,2474000,5512000,6585000,-1121000,687000,0,0,4913000,-1379000,-3000,1044000,-33000,None,5512000,12.26,12.37
16,2016-08-31,USD,42870000,14077000,25840000,17030000,2953000,2584000,0,0,2953000,0,14077000,None,2953000,0,0,None,None,None,0,0,0,369000,109000,0,2584000,2584000,None,USD,87254000,0,None,937000,48345000,38909000,0,3918000,9134000,48073000,35719000,0,28307000,6985000,12222000,554000,554000,-26596000,10362000,48585000,None,38909000,0,44889000,404000,24081000,8304000,0,0,9134000,0,48073000,0,None,None,None,10362000,None,None,36123000,36123000,None,None,None,8298000,87254000,6985000,None,9076000,USD,None,-2002000,-3241000,0,-103000,-143000,None,2842000,2584000,1143000,4527000,None,3043000,0,0,-4104000,-2587000,-407000,3265000,None,None,None,15.12,12.26
17,2016-05-31,USD,29892000,9862000,17719000,12173000,2311000,1822000,0,0,2311000,0,9862000,None,2311000,0,0,None,None,None,0,0,0,489000,0,0,1822000,1822000,None,USD,84128000,0,None,1045000,43337000,40791000,0,3411000,9134000,45489000,27422000,0,24360000,12286000,15915000,3411000,3411000,-22130000,10594000,49174000,None,40791000,0,14268000,0,21575000,12504000,0,0,9134000,0,45489000,0,None,24360000,None,34954000,None,None,None,27422000,None,None,None,8298000,84128000,12286000,None,9076000,USD,None,3397000,-2471000,0,-24000,-137000,None,-152000,1822000,2020000,9052000,None,0,0,0,1598000,112000,1322000,2486000,None,None,None,12.75,15.12
18,2016-02-29,USD,31145000,9760000,18914000,12231000,2471000,1492000,0,0,2471000,0,9760000,None,2471000,0,0,None,None,None,0,0,0,979000,0,0,1492000,1492000,None,USD,79002000,0,None,1027000,40033000,38969000,0,3230000,9134000,43667000,26245000,0,24226000,10266000,13788000,3230000,3230000,-22130000,9811000,44965000,None,38969000,0,15095000,0,18577000,10558000,0,0,9134000,0,43667000,0,None,24226000,None,34037000,None,None,None,26245000,None,None,None,8298000,79002000,10266000,None,9076000,USD,None,796000,-426000,11000,-37000,-52000,None,-248000,1492000,-2376000,-1898000,-1120000,734000,0,-15000,-2250000,0,-54000,437000,-1496000,None,-2376000,8.77,12.75
19,2015-11-30,USD,36156000,10678000,22377000,13779000,3101000,1872000,0,0,3101000,0,10678000,None,3101000,0,0,None,None,None,0,0,0,1229000,0,0,1872000,1872000,None,USD,76767000,0,None,1017000,39275000,37492000,0,2654000,9135000,42175000,25804000,0,23988000,12642000,13471000,None,None,-22130000,10114000,42665000,None,37492000,0,12679000,0,16327000,10817000,0,0,9135000,0,42175000,0,None,23988000,None,34102000,None,None,None,25804000,None,None,None,8312000,76767000,12642000,None,9077000,USD,None,-347000,-577000,1000,-36000,-61000,None,None,1872000,6800000,7438000,267000,700000,0,-25000,3650000,1379000,-83000,578000,1379000,None,6800000,9.87,8.77
