,fiscalDateEnding,reportedCurrency_x,totalRevenue,totalOperatingExpense,costOfRevenue,grossProfit,ebit,netIncome_x,researchAndDevelopment,effectOfAccountingCharges,incomeBeforeTax,minorityInterest,sellingGeneralAdministrative,otherNonOperatingIncome,operatingIncome,otherOperatingExpense,interestExpense,taxProvision,interestIncome,netInterestIncome,extraordinaryItems,nonRecurring,otherItems,incomeTaxExpense,totalOtherIncomeExpense,discontinuedOperations,netIncomeFromContinuingOperations,netIncomeApplicableToCommonShares,preferredStockAndOtherAdjustments,reportedCurrency_y,totalAssets,intangibleAssets,earningAssets,otherCurrentAssets,totalLiabilities,totalShareholderEquity,deferredLongTermLiabilities,otherCurrentLiabilities,commonStock,retainedEarnings,otherLiabilities,goodwill,otherAssets,cash,totalCurrentLiabilities,shortTermDebt,currentLongTermDebt,otherShareholderEquity,propertyPlantEquipment,totalCurrentAssets,longTermInvestments,netTangibleAssets,shortTermInvestments,netReceivables,longTermDebt,inventory,accountsPayable,totalPermanentEquity,additionalPaidInCapital,commonStockTotalEquity,preferredStockTotalEquity,retainedEarningsTotalEquity,treasuryStock,accumulatedAmortization,otherNonCurrrentAssets,deferredLongTermAssetCharges,totalNonCurrentAssets,capitalLeaseObligations,totalLongTermDebt,otherNonCurrentLiabilities,totalNonCurrentLiabilities,negativeGoodwill,warrants,preferredStockRedeemable,capitalSurplus,liabilitiesAndShareholderEquity,cashAndShortTermInvestments,accumulatedDepreciation,commonStockSharesOutstanding,reportedCurrency,investments,changeInLiabilities,cashflowFromInvestment,otherCashflowFromInvestment,netBorrowings,cashflowFromFinancing,otherCashflowFromFinancing,changeInOperatingActivities,netIncome_y,changeInCash,operatingCashflow,otherOperatingCashflow,depreciation,dividendPayout,stockSaleAndPurchase,changeInInventory,changeInAccountReceivables,changeInNetIncome,capitalExpenditures,changeInReceivables,changeInExchangeRate,changeInCashAndCashEquivalents,clossingVal,nextClossingVal
0,2020-06-30,USD,65176000,39109000,None,65176000,26067000,19571000,None,None,26067000,None,39109000,None,26067000,3268000,17836000,6496000,82124000,64288000,None,None,None,6496000,None,None,19571000,19571000,None,USD,9069667000,3776000,1144529000,None,8143254000,926413000,None,6440233000,852000,237808000,21267000,160427000,7473175300,254916000,6705775000,None,None,256978000,73127000,7543060000,854505000,762210000,856497000,7288144000,1406669000,None,265542000,None,None,852000,None,None,-69572000,None,392089000,None,42683000,24343000,1406669000,30810000,1437479000,None,None,None,738155000,9069667000,254916000,None,None,USD,-672878000,-67148000,-681503000,-7790000,114827000,655072000,549321000,-84170000,19571000,-85852000,-59421000,-15121000,2759000,-9076000,0,None,None,518000,835000,None,None,-85852000,10.08,
1,2020-03-31,USD,16926000,40748000,None,16926000,-23822000,-17276000,None,None,-23822000,None,40748000,None,-23822000,3433000,21810000,-6546000,83522000,61712000,None,None,None,-6546000,None,None,-17276000,-17276000,None,USD,8461591000,4087000,1243799000,None,7549023000,912568000,None,5889938000,852000,227359000,41863000,160427000,6884069000,340768000,6207767000,None,None,243911000,73786000,340768000,7470885000,748054000,764097000,None,1291804000,None,317829000,None,None,852000,None,None,-69617000,None,373497000,None,38141000,24789000,1291804000,49452000,1341256000,None,None,None,737422000,8461591000,340768000,None,80000000,USD,-251400000,173346000,-259353000,-6882000,389016000,429846000,60413000,69179000,-17276000,262978000,92485000,-102824000,2900000,-9173000,-10410000,None,None,36339000,1071000,None,None,262978000,11.28,10.08
2,2019-12-31,USD,68085000,38815000,None,68085000,29270000,22183000,None,None,29270000,None,38815000,None,29270000,3704000,23519000,7087000,87450000,63931000,None,None,None,7087000,-473000,None,22183000,22183000,None,USD,7856853000,4423000,748023000,53000000,6911247000,945606000,None,5830072000,852000,265376000,43975000,160427000,6796931000,77790000,5976390000,599262000,599262000,267226000,74350000,77790000,7262509000,780756000,502576000,None,902749000,2631000,146318000,None,None,852000,None,None,-59073000,None,252337000,None,25017000,24876000,902749000,32108000,934857000,None,None,None,736601000,7856853000,77790000,None,80000000,USD,-126722000,-51114000,-115861000,11636000,-83696000,7957000,100827000,-25403000,22183000,-100740000,7164000,28357000,2667000,-9173000,-1000,None,None,5071000,775000,None,None,-100740000,16.46,11.28
3,2019-09-30,USD,70294000,40191000,None,70294000,30103000,22596000,None,None,30103000,None,40191000,None,30103000,2958000,24670000,7507000,87906000,63236000,None,None,None,7507000,-1600000,None,22596000,22596000,None,USD,7878436000,4843000,791102000,None,6946125000,932311000,None,5729339000,852000,252435000,8872000,160427000,6742942000,178530000,5926432000,None,None,254707000,75229000,178530000,7150188000,767041000,471920000,None,986405000,2132000,197093000,None,None,852000,None,None,-59176000,None,284015000,None,25204000,26216000,986405000,33288000,1019693000,None,None,None,735928000,7878436000,178530000,None,80000000,USD,-119839000,64102000,-122921000,-1450000,55602000,151978000,107032000,26200000,22596000,85734000,56677000,-36443000,2642000,-8786000,-1870000,None,None,3780000,1632000,None,None,85734000,14.73,16.46
4,2019-06-30,USD,66855000,39604000,None,66855000,27251000,20471000,None,None,27251000,None,39604000,None,27251000,3894000,24050000,6780000,87184000,63134000,None,None,None,6780000,-1165000,None,20471000,20471000,None,USD,7636980000,5264000,750831000,1575000,6718512000,918468000,None,5622493000,852000,238625000,8623000,160427000,25629000,92796000,5754997000,None,None,239231000,75373000,92796000,7034338000,752777000,487195000,None,930764000,1966000,132504000,None,None,852000,None,None,-59199000,None,243153000,None,25629000,25928000,930764000,32751000,963515000,None,None,None,737584000,7636980000,92796000,None,80000000,USD,-104369000,34192000,-99439000,6559000,64719000,56997000,1052000,-5409000,20471000,-19543000,22899000,-38161000,2655000,-8775000,1000,None,None,3742000,1629000,None,None,-19543000,15.38,14.73
5,2019-03-31,USD,68276000,38871000,None,68276000,29405000,22467000,None,None,29405000,43000,38871000,None,29405000,3380000,22087000,6895000,85086000,62999000,None,None,None,6895000,-995000,None,22510000,22467000,None,USD,7519130000,5684000,754657000,869000,6618558000,900572000,None,5620633000,852000,226929000,9317000,160427000,6459541000,112339000,5718831000,None,None,221969000,75520000,112339000,6933719000,734461000,493361000,None,866005000,3912000,98198000,None,None,852000,None,None,-59121000,None,204296000,None,27084000,26205000,866005000,33722000,899727000,None,None,None,736872000,7519130000,112339000,None,80000000,USD,-71370000,-1926000,-60801000,11530000,-54576000,67577000,167311000,-14399000,22467000,22755000,15979000,-11430000,2654000,-9306000,-35852000,None,None,4214000,961000,None,None,22755000,14.4,15.38
6,2018-12-31,USD,69497000,40282000,20508000,69497000,29215000,21138000,0,0,29215000,1022000,40282000,None,29215000,4405000,20385000,None,None,None,707000,0,0,7055000,-1790000,0,22160000,21138000,None,USD,7392805000,6086000,None,51247000,6482186000,900140000,None,5454044000,852000,212838000,24041000,160427000,6354246000,89584000,5554218000,603590000,603590000,202779000,76382000,89584000,6865640000,733627000,42042000,None,920542000,4019000,100174000,None,None,852000,None,None,-59120000,None,173191000,None,21495000,None,920542000,7426000,927968000,None,None,None,755629000,7392805000,89584000,None,80000000,USD,-42514000,3573000,-37227000,5319000,-162385000,38961000,219307000,8420000,21138000,35708000,33974000,5533000,3000000,-8451000,-9510000,None,None,730000,32000,None,None,35708000,13.82,14.4
7,2018-09-30,USD,66684000,37310000,21021000,66684000,29374000,22460000,0,0,29374000,774000,37310000,None,29374000,2910000,18304000,None,None,None,0,0,0,6140000,-1405000,0,23234000,22460000,None,USD,7320596000,6623000,None,937000,6420771000,890368000,0,5233611000,852000,200151000,9927000,160427000,6293410000,53876000,5329658000,None,None,183909000,77886000,588664000,6284331000,723318000,534788000,None,1082886000,3934000,96047000,899825000,753941000,852000,0,200151000,-48334000,None,180416000,None,22249000,None,1082886000,8227000,1091113000,None,None,None,753941000,7320596000,588664000,None,81000000,USD,-38742000,13997000,-33107000,6334000,-28077000,-1331000,35191000,5978000,22460000,-1602000,32836000,-10515000,3003000,-8446000,1000,3132000,0,3891000,699000,None,None,-1602000,16.7,13.82
8,2018-06-30,USD,66773000,37702000,16827000,66773000,29071000,20831000,0,0,29071000,898000,37702000,None,29071000,3330000,15357000,None,None,None,0,-2905000,0,7342000,-1387000,0,21729000,20831000,None,USD,7285710000,7160000,None,1034000,6399342000,877283000,0,5198280000,852000,185734000,9622000,160427000,6235007000,55478000,5280297000,1128476000,1128476000,171631000,79194000,614078000,6230997000,709696000,558600000,None,1110923000,4352000,82017000,886368000,756254000,852000,0,185734000,-51454000,None,173026000,None,20826000,None,1110923000,8122000,1119045000,None,None,None,756254000,7285710000,614078000,None,81000000,USD,-66568000,8083000,-65793000,1569000,11453000,9961000,62502000,1012000,20831000,-28978000,26854000,-6681000,2724000,-8813000,-55181000,2537000,0,1897000,794000,None,None,-28978000,18.6,16.7
9,2018-03-31,USD,65018000,39938000,12789000,65018000,25080000,18633000,0,0,25080000,795000,39938000,None,25080000,2839000,12148000,None,None,None,0,2905000,0,5652000,-4007000,0,19428000,18633000,None,USD,7248114000,7697000,None,756000,6373368000,865777000,0,5191520000,852000,161268000,82419000,160896000,1023652000,84456000,5265544000,1113090000,1113090000,160536000,80268000,642813000,6173855000,697184000,558357000,None,1099429000,3991000,74024000,874746000,755843000,852000,0,172934000,-51454000,None,163387000,None,19198000,None,1099429000,8395000,1107824000,None,None,None,755843000,7248114000,642813000,None,78000000,USD,-420515000,6143000,-451895000,-29553000,78570000,445981000,319725000,4492000,18633000,23451000,29365000,1290000,2624000,-7624000,55310000,2164000,0,675000,1827000,None,None,23451000,16.2,18.6
10,2017-12-31,USD,61670000,35152000,12482000,61670000,26518000,6827000,0,0,26518000,979000,35152000,None,26518000,-64115000,29536000,None,None,None,0,-204000,0,18712000,-5826000,0,7806000,6827000,None,USD,6780249000,6044000,None,42628000,5967666000,803830000,0,4871343000,817000,155267000,75504000,137890000,961011000,61005000,4939161000,514314000,514314000,154491000,80283000,601105000,5784445000,659896000,540100000,None,1020819000,5863000,67818000,812583000,699976000,817000,0,161217000,-51454000,None,155397000,None,15061000,None,1020819000,7686000,1028505000,None,None,None,699976000,6780249000,601105000,None,75000000,USD,-129410000,-6679000,-123545000,6818000,34882000,94530000,65137000,-8832000,6827000,-2358000,26657000,4439000,3052000,-6898000,1409000,4648000,0,19018000,953000,None,None,-2358000,15.7,16.2
11,2017-09-30,USD,59905000,35408000,13244000,59905000,24497000,15366000,0,0,24497000,801000,35408000,None,24497000,128938000,730000,None,None,None,0,1230000,0,8330000,0,0,16167000,15366000,None,USD,6686284000,6563000,None,2973000,5873748000,804762000,0,4805683000,817000,158332000,82170000,137890000,961527000,63363000,4879702000,995870000,995870000,157509000,81159000,586273000,5684738000,660309000,522910000,None,985895000,6208000,74019000,812536000,697888000,817000,0,160225000,-51452000,None,161568000,None,28093000,None,985895000,8151000,994046000,None,None,None,697888000,6686284000,586273000,None,77000000,USD,-107649000,2721000,-82482000,27154000,-80789000,8244000,96407000,3882000,15366000,-50232000,24006000,2092000,2762000,-7368000,-6000,3621000,0,1065000,1987000,None,None,-50232000,15.5,15.7
12,2017-06-30,USD,59187000,34795000,10476000,59187000,24392000,14880000,0,0,24392000,753000,34795000,None,24392000,-66969000,350000,None,None,None,0,-820000,0,8759000,0,0,15633000,14880000,None,USD,6658067000,7082000,None,593000,5855008000,795618000,0,4709419000,817000,149584000,78946000,137890000,986558000,113595000,4780651000,1076566000,1076566000,148715000,81052000,654595000,5582441000,650646000,541000000,None,1066643000,3977000,71232000,803059000,699923000,817000,0,151759000,-53837000,None,168049000,None,26982000,None,1066643000,7714000,1074357000,None,None,None,699923000,6658067000,654595000,None,75000000,USD,-117969000,1361000,-106429000,17498000,10331000,141963000,57198000,-8427000,14880000,50852000,15318000,-8750000,2513000,-7575000,82009000,5567000,0,5314000,5958000,None,None,50852000,14.6,15.5
13,2017-03-31,USD,55604000,33756000,22655000,55604000,21848000,13445000,0,0,21848000,568000,33756000,None,21848000,13934000,9253000,None,None,None,0,205000,0,7835000,0,0,14013000,13445000,None,USD,6497721000,7601000,None,None,5786472000,703873000,0,4651903000,757000,140505000,77784000,137890000,960589000,62743000,4721655000,973638000,973638000,139589000,76973000,591143000,5497489000,558382000,528400000,None,1056785000,1770000,69752000,711249000,617364000,757000,0,143766000,-53837000,None,156733000,None,29859000,None,1056785000,8032000,1064817000,None,None,None,617364000,6497721000,591143000,None,71000000,USD,-66294000,-2781000,-71518000,-2565000,13171000,47638000,41214000,1730000,13445000,-4914000,18966000,2811000,2599000,-6865000,118000,4753000,0,2892000,2659000,None,None,-4914000,15.65,14.6
14,2016-12-31,USD,54133000,32671000,12344000,54133000,21462000,13279000,0,0,21462000,659000,32671000,None,21462000,19909000,26803000,None,None,None,0,411000,0,7524000,-5832000,0,13938000,13279000,None,USD,6438129000,8133000,None,43978000,5735380000,695544000,0,4611076000,757000,132853000,80218000,137890000,935402000,67657000,4683649000,651489000,651489000,131890000,76176000,591291000,5445396000,549521000,523634000,None,1044086000,13696000,72573000,702749000,616734000,757000,0,136671000,-53837000,None,153996000,None,25247000,None,1044086000,7645000,1051731000,None,None,None,616734000,6438129000,591291000,None,70000000,USD,-134394000,-9700000,-88875000,48034000,5159566000,61643000,-5091875000,-2376000,13279000,3110000,30342000,17855000,2482000,-6348000,300000,0,0,6426000,2515000,None,None,3110000,16.4,15.65
15,2016-09-30,USD,55464000,33388000,11396000,55464000,22076000,13617000,0,0,22076000,655000,33388000,None,22076000,-12992000,202000,None,None,None,0,0,0,7804000,0,0,14272000,13617000,None,USD,6380312000,8754000,None,None,5677395000,696371000,0,4564906000,757000,134636000,89836000,137890000,945419000,64547000,4646576000,939610000,939610000,133623000,75462000,588847000,5371611000,549727000,524300000,None,1022653000,21476000,81670000,702917000,616142000,757000,0,129740000,-54151000,None,174859000,None,22894000,None,1022653000,8166000,1030819000,None,None,None,616142000,6380312000,588847000,None,70000000,USD,-94805000,1896000,-96529000,-599000,-1538473000,68613000,1613834000,1485000,13617000,-5395000,22521000,2009000,2702000,-6748000,0,1948000,0,2297000,1125000,None,None,-5395000,12.19,16.4
16,2016-06-30,USD,53087000,32250000,11524000,53087000,20837000,12654000,0,0,20837000,718000,32250000,None,20837000,3166000,284000,None,None,None,0,0,0,7465000,0,0,13372000,12654000,None,USD,6296502000,9377000,None,None,5600553000,689656000,0,4485154000,757000,128438000,86960000,137890000,946657000,69942000,4564695000,945418000,945418000,127376000,76131000,602909000,5272955000,542389000,532967000,None,1028439000,1992000,79541000,695949000,617738000,757000,0,122469000,-56215000,None,174939000,None,22301000,None,1028439000,7419000,1035858000,None,None,None,617738000,6296502000,602909000,None,70000000,USD,-114180000,15097000,-113724000,1286000,-1359268000,84832000,1451238000,-12223000,12654000,-3980000,24912000,-11003000,2845000,-7138000,0,2324000,0,5319000,826000,None,None,-3980000,11.03,12.19
17,2016-03-31,USD,53294000,32053000,11073000,53294000,21241000,12812000,0,0,21241000,830000,32053000,None,21241000,0,8695000,None,None,None,0,0,0,7599000,0,0,13642000,12812000,None,USD,6181030000,9998000,None,None,5494236000,680417000,0,4393456000,757000,119503000,72471000,137890000,954543000,73922000,4458022000,None,None,118391000,77128000,610104000,5158438000,532529000,536182000,None,1028309000,3598000,64566000,0,0,757000,0,0,-56208000,None,163291000,None,24181000,None,1028309000,7905000,1036214000,None,None,None,617477000,6181030000,610104000,None,70000000,USD,-130269000,-8332000,-128835000,2226000,-2198353000,126945000,2332088000,None,12812000,-1567000,323000,-9284000,2613000,-6866000,76000,374000,0,2514000,796000,None,None,-1567000,11.01,11.03
18,2015-12-31,USD,54621000,32329000,9890000,54621000,22292000,13326000,0,0,22292000,729000,32329000,None,22292000,11377000,24445000,None,None,None,0,411000,0,8237000,-6421000,0,14055000,13326000,None,USD,6042338000,10633000,None,58883000,5368852000,667485000,0,4306018000,757000,107199000,79805000,137890000,935780000,75489000,4378307000,575749000,575749000,106037000,78156000,588690000,5045941000,518962000,513201000,None,983029000,14112000,72289000,0,0,757000,0,0,-56208000,None,154211000,None,26817000,None,983029000,7516000,990545000,None,None,None,616899000,6042338000,588690000,None,70000000,USD,-465424000,14658000,-183478000,284432000,3347439000,178109000,-3162995000,4736000,13326000,28445000,33814000,285000,2195000,-6335000,0,0,0,3350000,2486000,None,None,28445000,11.5,11.01
19,2015-09-30,USD,51616000,31270000,9855000,51616000,20346000,12888000,0,0,20346000,561000,31270000,None,20346000,0,106000,None,None,None,0,0,0,6897000,0,0,13449000,12888000,None,USD,5839529000,11357000,None,None,5170789000,663468000,0,4144577000,757000,103875000,65992000,137890000,930192000,47044000,4202573000,None,None,102661000,77472000,573808000,4846769000,514221000,526764000,None,960220000,12141000,57996000,0,0,757000,0,0,-56202000,None,166503000,None,25730000,None,960220000,7996000,968216000,None,None,None,616252000,5839529000,573808000,None,70000000,USD,-96829000,8153000,-96497000,1704000,-1505760000,32257000,1544714000,None,12888000,-44832000,19408000,-8914000,2274000,-6697000,0,0,0,5007000,1372000,None,None,-44832000,10.14,11.5
