,fiscalDateEnding,reportedCurrency_x,totalRevenue,totalOperatingExpense,costOfRevenue,grossProfit,ebit,netIncome_x,researchAndDevelopment,effectOfAccountingCharges,incomeBeforeTax,minorityInterest,sellingGeneralAdministrative,otherNonOperatingIncome,operatingIncome,otherOperatingExpense,interestExpense,taxProvision,interestIncome,netInterestIncome,extraordinaryItems,nonRecurring,otherItems,incomeTaxExpense,totalOtherIncomeExpense,discontinuedOperations,netIncomeFromContinuingOperations,netIncomeApplicableToCommonShares,preferredStockAndOtherAdjustments,reportedCurrency_y,totalAssets,intangibleAssets,earningAssets,otherCurrentAssets,totalLiabilities,totalShareholderEquity,deferredLongTermLiabilities,otherCurrentLiabilities,commonStock,retainedEarnings,otherLiabilities,goodwill,otherAssets,cash,totalCurrentLiabilities,shortTermDebt,currentLongTermDebt,otherShareholderEquity,propertyPlantEquipment,totalCurrentAssets,longTermInvestments,netTangibleAssets,shortTermInvestments,netReceivables,longTermDebt,inventory,accountsPayable,totalPermanentEquity,additionalPaidInCapital,commonStockTotalEquity,preferredStockTotalEquity,retainedEarningsTotalEquity,treasuryStock,accumulatedAmortization,otherNonCurrrentAssets,deferredLongTermAssetCharges,totalNonCurrentAssets,capitalLeaseObligations,totalLongTermDebt,otherNonCurrentLiabilities,totalNonCurrentLiabilities,negativeGoodwill,warrants,preferredStockRedeemable,capitalSurplus,liabilitiesAndShareholderEquity,cashAndShortTermInvestments,accumulatedDepreciation,commonStockSharesOutstanding,reportedCurrency,investments,changeInLiabilities,cashflowFromInvestment,otherCashflowFromInvestment,netBorrowings,cashflowFromFinancing,otherCashflowFromFinancing,changeInOperatingActivities,netIncome_y,changeInCash,operatingCashflow,otherOperatingCashflow,depreciation,dividendPayout,stockSaleAndPurchase,changeInInventory,changeInAccountReceivables,changeInNetIncome,capitalExpenditures,changeInReceivables,changeInExchangeRate,changeInCashAndCashEquivalents,clossingVal,nextClossingVal
0,2020-06-30,USD,220350000,73689000,127562000,92788000,19626000,13696000,14004000,None,18816000,None,59714000,527000,19099000,None,810000,5120000,29000,-781000,None,-29000,None,5120000,527000,None,13696000,13696000,None,USD,1503917000,226623000,None,44389000,329064000,1174853000,10613000,31599000,872000,-572659000,43817000,500062000,24642000,256633000,205805000,828000,828000,-189979000,147640000,602011000,2939000,448168000,136000,183167000,49563000,117686000,173378000,None,None,872000,None,-572659000,None,None,168793000,None,3489000,29280000,49563000,63083000,123259000,None,None,None,1936619000,1503917000,256769000,None,73760246,USD,-8515000,-5624000,-8515000,1000000,-732000,-8110000,None,-3824000,13696000,9499000,26124000,8717000,16764000,-7380000,2000,-8601000,-3049000,4221000,8515000,-3049000,None,9499000,44.24,
1,2020-03-31,USD,220227000,75709000,129946000,90281000,13310000,9127000,15322000,None,12592000,None,59809000,-1262000,14572000,None,718000,3400000,137000,-581000,-65000,578000,None,3400000,-1977000,-65000,9192000,9127000,None,USD,1479331000,236095000,None,43379000,318198000,1161133000,12190000,30025000,872000,-578975000,43979000,498502000,60907000,242274000,197035000,828000,828000,-193657000,108744000,572528000,2555000,426536000,162000,179014000,49951000,107699000,166182000,None,None,872000,None,-578975000,-200956000,None,55827000,None,5080000,27233000,49951000,59022000,121163000,None,None,None,1932893000,1479331000,242436000,None,73752753,USD,10033000,16947000,-17266000,-15743000,-320000,-5368000,None,16163000,9127000,-88434000,-65800000,-92490000,16629000,-7378000,2330000,-4759000,-14173000,2919000,11556000,-14173000,None,-88434000,30.5,44.24
2,2019-12-31,USD,210500000,74320000,125514000,84986000,10948000,13057000,14401000,None,10211000,None,59343000,282000,10666000,None,737000,-2963000,699000,-38000,-117000,576000,None,-2963000,-993000,-117000,13174000,13057000,None,USD,1558958000,242248000,None,46560000,400263000,1158695000,13636000,29886000,871000,-580724000,45692000,490370000,27097000,335319000,282952000,827000,827000,-187802000,105296000,663469000,3039000,426077000,11233000,165176000,49918000,105181000,252239000,None,None,871000,None,-580724000,-200956000,None,48532000,None,6004000,20526000,49918000,53757000,117311000,None,None,None,1926350000,1558958000,346552000,None,73618148,USD,22842000,-3319000,13228000,-1000000,-733000,-8102000,None,-2233000,13057000,30869000,25743000,5621000,16544000,-7369000,None,-4335000,1503000,-3328000,9614000,1503000,None,30869000,41.96,30.5
3,2019-09-30,USD,199210000,69543000,119057000,80153000,5586000,412326000,14884000,None,4685000,None,53450000,-5024000,10610000,None,901000,-511000,602000,-300000,401995000,1209000,None,-511000,-6836000,427862000,5196000,412326000,None,USD,1515999000,251168000,None,46332000,377045000,1138954000,20636000,30475000,857000,-586412000,52976000,488602000,25570000,301642000,272270000,829000,829000,-197445000,100669000,647145000,2845000,399184000,34124000,165602000,50315000,99445000,240966000,None,None,857000,None,-586412000,-200956000,None,20506000,None,5064000,None,50315000,33824000,104775000,None,None,None,1921954000,1515999000,335766000,None,72297831,USD,-33936000,44881000,619393000,661642000,-495598000,-500961000,-687000,-2233000,412326000,151089000,32657000,-32165000,14380000,-7237000,1874000,3498000,-4989000,-405274000,8313000,-4989000,None,151089000,37.03,41.96
4,2019-06-30,USD,203880000,67087000,120370000,83510000,16222000,7254000,14235000,None,8181000,None,52596000,-201000,16423000,None,8041000,7260000,108000,-7933000,2033000,256000,None,7260000,-565000,6333000,921000,7254000,None,USD,1492860000,262195000,None,102106000,754734000,738126000,16025000,43619000,857000,-991499000,42334000,490545000,112032000,156852000,174992000,6326000,6326000,-186370000,98330000,526884000,2874000,-14614000,35000,163105000,534748000,104786000,125047000,None,None,857000,None,-991499000,-200956000,None,86687000,None,25345000,None,534748000,28969000,579742000,None,None,None,1915138000,1492860000,156887000,None,72219405,USD,-5872000,494000,-5872000,-392533000,-3013000,-10242000,-687000,1816000,7254000,19898000,36012000,2000,14300000,-7229000,1548000,3561000,3198000,7203000,5872000,3198000,None,19898000,38.75,37.03
5,2019-03-31,USD,198390000,66844000,117874000,80516000,4159000,3421000,14101000,None,-3859000,None,52373000,-9513000,13672000,None,8018000,-1030000,-11533000,-7702000,6250000,370000,None,-1030000,-10199000,6250000,-2829000,3421000,None,USD,1487877000,270793000,None,100061000,757966000,729911000,15978000,38381000,856000,-991525000,41592000,492526000,114334000,137217000,178330000,8114000,8114000,-189104000,97939000,509490000,2795000,-33408000,47000,163653000,535384000,108512000,131835000,None,None,856000,None,-991525000,-200956000,None,86322000,28012000,978387000,None,535384000,28274000,579636000,None,None,None,1909684000,1487877000,137264000,None,72131313,USD,-3610000,-17976000,-3610000,2506000,-5707000,-11380000,-687000,-1993000,3421000,975000,15965000,102000,14822000,-7221000,1548000,2268000,4172000,9156000,6116000,4172000,None,975000,29.33,38.75
6,2018-12-31,USD,179368000,66748000,107287000,72081000,5726000,14415000,13148000,None,436000,None,53541000,393000,5333000,None,5290000,None,None,None,10649000,59000,None,-5830000,-11556000,8149000,6266000,14415000,None,USD,1496731000,279233000,None,110397000,766536000,730195000,15555000,39890000,854000,-987725000,40554000,490525000,107558000,135791000,191080000,9527000,9527000,-185822000,96124000,520802000,2489000,-39563000,28000,164516000,531282000,110070000,141663000,None,None,854000,None,-987725000,-200956000,None,84271000,23287000,975929000,None,531282000,28619000,575456000,None,None,None,1902888000,1496731000,135819000,None,71955169,USD,50171000,2857000,-398599000,-445210000,338630000,331422000,-687000,-3474000,14415000,-60913000,6264000,7986000,12073000,-7208000,None,-12260000,-13826000,-4981000,3560000,-13826000,None,-60913000,26.18,29.33
7,2018-09-30,USD,11492000,37345000,14076000,-2584000,-45248000,10352000,6434000,0,-42995000,-876000,30328000,-5319000,-39929000,0,2678000,None,None,None,0,583000,0,-9531000,-2833000,48747000,-33464000,10352000,None,USD,1095257000,99956000,None,97889000,377425000,717832000,7135000,33931000,841000,-994074000,18737000,255876000,108144000,197708000,164617000,2000000,2000000,-187369000,59988000,564056000,7237000,362000000,46281000,125192000,194071000,96986000,128686000,0,1898434000,841000,0,-994074000,-200956000,None,64346000,43798000,531201000,None,194071000,11602000,212808000,None,None,None,1898434000,1095257000,243989000,None,70702261,USD,-264000,3176000,-6509000,-2778000,-500000,-6152000,-687000,12825000,10352000,18545000,31206000,754000,9953000,-7083000,1431000,-2718000,3674000,5265000,3467000,4424000,-213000,18332000,35.03,26.18
8,2018-06-30,USD,223480000,62542000,134259000,89221000,28381000,22717000,14177000,0,24587000,-111000,48283000,1702000,26679000,0,2465000,None,None,None,0,82000,0,3310000,-4045000,11563000,21277000,22717000,None,USD,1091430000,106195000,None,31432000,378334000,712220000,6545000,24826000,841000,-997342000,18966000,282205000,52028000,179376000,164898000,2000000,2000000,-182583000,61537000,541880000,47585000,323820000,42096000,156678000,194470000,132298000,138072000,0,0,841000,0,-997342000,-200956000,None,5716000,46312000,549550000,None,194470000,12421000,213436000,None,None,None,1891304000,1091430000,221472000,None,70634355,USD,-402000,-9358000,-22036000,-17989000,-500000,-7577000,-687000,-1708000,22606000,-10282000,19331000,12677000,10335000,-7077000,0,-5414000,-15938000,4423000,3645000,-15938000,-4358000,-14640000,32.62,35.03
9,2018-03-31,USD,207260000,60410000,123031000,84229000,25336000,67020000,13125000,0,21718000,876000,47236000,1517000,23819000,0,2196000,None,None,None,0,49000,0,-43880000,-3428000,11563000,65598000,67020000,None,USD,1066541000,102182000,None,26803000,368708000,697833000,6308000,22483000,840000,-1012983000,15422000,275228000,53220000,194016000,158416000,2000000,2000000,-176459000,60700000,529569000,45642000,320423000,40655000,141501000,194870000,126594000,133933000,0,0,840000,0,-1012983000,-200956000,None,5648000,47572000,536972000,None,194870000,9114000,210292000,None,None,None,1886435000,1066541000,234671000,None,70539856,USD,-22685000,21798000,-25574000,86000,-500000,-6173000,None,-5129000,67020000,-11536000,20211000,-21739000,9208000,-7068000,1395000,-10715000,-792000,-44569000,2975000,-792000,3213000,-8323000,27.08,32.62
10,2017-12-31,USD,189328000,54375000,114113000,75215000,21517000,16486000,13200000,0,17156000,876000,41175000,677000,20840000,0,2181000,None,None,None,0,49000,0,2850000,-3304000,11563000,14306000,16486000,None,USD,987677000,105757000,None,24782000,361673000,626004000,8290000,26828000,839000,-1072935000,8702000,272724000,430524000,202339000,149405000,1993000,1993000,-181621000,60294000,496859000,44810000,247523000,15658000,139047000,195276000,115033000,120584000,0,0,839000,0,-1072935000,-200956000,None,5591000,1642000,490818000,None,195276000,8702000,212268000,None,None,None,1879721000,987677000,217997000,None,70429583,USD,-26775000,-5550000,-94349000,-64874000,197236000,190179000,-318000,-8003000,16486000,99046000,3216000,3372000,8643000,-7057000,0,-5518000,-16157000,1940000,2700000,-16157000,1671000,100717000,23.85,27.08
11,2017-09-30,USD,181880000,56984000,107515000,74365000,19748000,17386000,12856000,0,17494000,0,43565000,2367000,17381000,0,122000,None,None,None,0,563000,0,2240000,-5196000,51925000,15254000,17386000,None,USD,766628000,83520000,None,23138000,158984000,607644000,3748000,26000000,833000,-1082364000,8458000,233638000,356155000,101622000,146778000,None,None,-185743000,58462000,352011000,31235000,290486000,28000,120828000,0,106395000,120778000,0,1874918000,833000,0,-1082364000,-200956000,None,6070000,1692000,414617000,None,None,8458000,12206000,None,None,None,1874918000,766628000,101650000,None,69832979,USD,3420000,2129000,-45195000,-39345000,-1000,-5921000,-28000,7384000,17386000,-16273000,34843000,550000,7728000,-7000000,1080000,59000,-11178000,3525000,5850000,3466000,814000,-15459000,30.36,23.85
12,2017-06-30,USD,181717000,52802000,110145000,71572000,21123000,17350000,11958000,0,18500000,0,40016000,2353000,18770000,0,93000,None,None,None,0,828000,0,3680000,0,0,14820000,17350000,None,USD,746771000,75458000,None,22215000,156999000,589772000,2950000,34752000,832000,-1092749000,8790000,210609000,328458000,117081000,145259000,None,None,-185956000,52949000,365364000,35193000,303705000,12000,120752000,0,105304000,110507000,0,0,832000,0,-1092749000,-200956000,None,5738000,1460000,381407000,None,None,8790000,11740000,None,None,None,1867645000,746771000,117093000,None,69754300,USD,3590000,4979000,1676000,-240000,197554000,-6987000,-1000,-390000,17350000,12772000,18083000,-2521000,6915000,-6987000,0,-5510000,0,1842000,1674000,-4972000,370000,13142000,21.69,30.36
13,2017-03-31,USD,169333000,49723000,104809000,64524000,17522000,14005000,11345000,0,14648000,0,37518000,2721000,14801000,0,97000,None,None,None,0,860000,0,3420000,0,0,11228000,14005000,None,USD,722179000,79375000,None,17518000,151565000,570614000,2783000,31109000,831000,-1103112000,9009000,210617000,331679000,103939000,139773000,None,None,10402000,53273000,337227000,34484000,280622000,1495000,115171000,0,99104000,108664000,0,0,831000,0,-1103112000,-200956000,None,5708000,1495000,384952000,None,None,9009000,11792000,None,None,None,1863449000,722179000,105434000,None,69643616,USD,3590000,2986000,-1385000,0,197554000,-6019000,-1000,1260000,14005000,17184000,24588000,1260000,6927000,-6979000,960000,-4411000,9672000,2356000,1385000,1465000,3810000,20994000,22.4,21.69
14,2016-12-31,USD,159955000,43782000,103012000,56943000,16767000,13871000,10845000,0,14729000,0,31962000,3606000,13161000,0,96000,None,None,None,0,975000,0,2800000,0,0,11929000,13871000,None,USD,692307000,83432000,None,15431000,139405000,552902000,2307000,27986000,830000,-1110138000,8834000,210587000,331678000,82945000,128264000,None,None,5063000,54439000,306190000,30512000,258883000,866000,114429000,0,92519000,100278000,0,0,830000,0,-1110138000,-200956000,None,5464000,1683000,386117000,None,None,8834000,11141000,None,None,None,1858103000,692307000,83811000,None,69521108,USD,-170000,17412000,-9284000,-5346000,-27000,-6993000,None,-3516000,13871000,2433000,18710000,-3516000,6831000,-6966000,0,-2930000,11137000,-1821000,3768000,-11137000,-4574000,-2141000,17.07,22.4
15,2016-09-30,USD,157553000,46161000,100989000,56564000,11388000,11775000,12335000,0,10155000,0,31594000,985000,10403000,0,101000,None,None,None,0,2232000,0,760000,-16163000,15981000,11775000,11775000,None,USD,685905000,81843000,None,15265000,132215000,553690000,2913000,20905000,821000,-1117044000,9509000,202138000,331686000,85086000,119793000,None,None,15166000,54885000,299334000,33369000,269709000,39000,106372000,0,92572000,98888000,553690000,1855703000,821000,0,-1117044000,-200956000,None,12354000,1982000,386571000,None,None,9509000,12422000,None,None,None,1855703000,685905000,85125000,None,68758401,USD,-80000,-646000,-458000,3056000,166000,-5784000,-708000,1906000,10546000,17196000,23438000,4288000,6697000,-6890000,940000,6455000,-1796000,756000,3434000,-4658000,1774000,18970000,13.61,17.07
16,2016-06-30,USD,147534000,45669000,93371000,54163000,8821000,8185000,12819000,0,8405000,0,31854000,327000,8494000,0,37000,None,None,None,0,996000,0,220000,0,0,8185000,8185000,None,USD,682321000,85646000,None,23884000,139266000,543055000,6962000,31311000,821000,-1120700000,10255000,202386000,334334000,66116000,122049000,None,None,12598000,54763000,293224000,32598000,255023000,18000,105049000,0,98157000,90738000,0,0,821000,0,-1120700000,-200956000,None,12579000,1125000,389097000,None,None,10255000,17217000,None,None,None,1851292000,682321000,66134000,None,68635989,USD,-1001000,-4178000,-4325000,0,-508000,-7383000,None,-1863000,8565000,4030000,15738000,-1863000,7524000,-6875000,948000,2484000,2862000,-320000,3324000,3526000,-76000,3954000,11.22,13.61
17,2016-03-31,USD,135281000,53139000,88481000,46800000,-5703000,-84629000,13111000,0,-6429000,0,32692000,636000,-6339000,0,16000,None,None,None,0,7336000,0,78200000,0,0,-84629000,-84629000,None,USD,684395000,89495000,None,24696000,146441000,537954000,8052000,41808000,821000,-1122389000,10033000,202347000,333732000,62162000,128356000,None,None,10823000,54957000,295706000,31152000,246112000,66000,108044000,0,100738000,86548000,0,0,821000,0,-1122389000,-200956000,None,9982000,756000,388689000,None,None,10033000,18085000,None,None,None,1849655000,684395000,62228000,None,68616306,USD,2825000,12571000,-779000,0,None,-5946000,None,None,-83939000,6023000,12748000,-349000,7445000,-6894000,948000,-493000,0,78395000,3604000,-882000,567000,6590000,10.4,11.22
18,2015-12-31,USD,119955000,48874000,79401000,40554000,-8015000,-4807000,13278000,0,-8177000,0,34121000,305000,-8320000,0,3000,None,None,None,0,1475000,0,-3370000,0,0,-4807000,-4807000,None,USD,749034000,93287000,None,19725000,128800000,620234000,2917000,29899000,819000,-1031566000,9728000,202347000,397277000,55572000,116155000,None,None,5074000,54719000,297038000,33428000,324600000,41000,121806000,0,99894000,86256000,0,0,819000,0,-1031566000,-200956000,None,9598000,58617000,451996000,None,None,9728000,12645000,None,None,None,1846863000,749034000,55613000,None,68439576,USD,122672000,-13846000,-5312000,-125498000,None,-6844000,None,None,-4648000,-24533000,-12377000,-1697000,6719000,-6844000,0,119000,218000,758000,2486000,218000,-617000,-25150000,10.68,10.4
19,2015-09-30,USD,145765000,42658000,92960000,52805000,7985000,6563000,13231000,0,8054000,0,28425000,-2162000,10147000,0,95000,None,None,None,0,1002000,0,1640000,-7252000,15981000,6250000,6563000,None,USD,759654000,55446000,None,18058000,127609000,1258192000,3196000,19959000,811000,-1020065000,10162000,121408000,344322000,80722000,114251000,None,None,632045000,41855000,373477000,87595000,455191000,70021000,104057000,0,100619000,94292000,0,0,811000,0,-1020065000,-200956000,None,9397000,70476000,386177000,None,None,10162000,13358000,None,None,None,1846357000,759654000,150743000,None,67631183,USD,2429000,-7040000,-4965000,2807000,-8461000,-14284000,-708000,386000,6563000,3007000,22256000,2238000,6507000,-6763000,940000,-4400000,-5134000,4452000,10201000,13936000,-1955000,1052000,11.71,10.68
