,fiscalDateEnding,reportedCurrency_x,totalRevenue,totalOperatingExpense,costOfRevenue,grossProfit,ebit,netIncome_x,researchAndDevelopment,effectOfAccountingCharges,incomeBeforeTax,minorityInterest,sellingGeneralAdministrative,otherNonOperatingIncome,operatingIncome,otherOperatingExpense,interestExpense,taxProvision,interestIncome,netInterestIncome,extraordinaryItems,nonRecurring,otherItems,incomeTaxExpense,totalOtherIncomeExpense,discontinuedOperations,netIncomeFromContinuingOperations,netIncomeApplicableToCommonShares,preferredStockAndOtherAdjustments,reportedCurrency_y,totalAssets,intangibleAssets,earningAssets,otherCurrentAssets,totalLiabilities,totalShareholderEquity,deferredLongTermLiabilities,otherCurrentLiabilities,commonStock,retainedEarnings,otherLiabilities,goodwill,otherAssets,cash,totalCurrentLiabilities,shortTermDebt,currentLongTermDebt,otherShareholderEquity,propertyPlantEquipment,totalCurrentAssets,longTermInvestments,netTangibleAssets,shortTermInvestments,netReceivables,longTermDebt,inventory,accountsPayable,totalPermanentEquity,additionalPaidInCapital,commonStockTotalEquity,preferredStockTotalEquity,retainedEarningsTotalEquity,treasuryStock,accumulatedAmortization,otherNonCurrrentAssets,deferredLongTermAssetCharges,totalNonCurrentAssets,capitalLeaseObligations,totalLongTermDebt,otherNonCurrentLiabilities,totalNonCurrentLiabilities,negativeGoodwill,warrants,preferredStockRedeemable,capitalSurplus,liabilitiesAndShareholderEquity,cashAndShortTermInvestments,accumulatedDepreciation,commonStockSharesOutstanding,reportedCurrency,investments,changeInLiabilities,cashflowFromInvestment,otherCashflowFromInvestment,netBorrowings,cashflowFromFinancing,otherCashflowFromFinancing,changeInOperatingActivities,netIncome_y,changeInCash,operatingCashflow,otherOperatingCashflow,depreciation,dividendPayout,stockSaleAndPurchase,changeInInventory,changeInAccountReceivables,changeInNetIncome,capitalExpenditures,changeInReceivables,changeInExchangeRate,changeInCashAndCashEquivalents,clossingVal,nextClossingVal
0,2020-05-31,USD,63801000,79825000,29452000,34349000,-12408000,-20352000,None,None,-31994000,None,50373000,-765000,-16024000,12184000,None,-11642000,None,None,None,3021000,None,-11642000,-15970000,None,-20352000,-20352000,None,USD,386973000,11870000,None,8432000,234792000,152181000,None,15982000,49977000,103391000,12122000,12146000,12644000,11435000,95807000,None,None,-1187000,221170000,129143000,None,128165000,17673000,17799000,None,62483000,14286000,None,None,49977000,None,103391000,None,None,5094000,None,257830000,155045000,None,1132000,138985000,None,None,None,None,386973000,29108000,None,None,USD,179000,-1262000,179000,-18000,-38000,-429000,2000,-7137000,-20352000,-754000,-504000,4189000,3616000,2000,-475000,2096000,4356000,18179000,451000,4356000,None,-754000,6.4,
1,2020-02-29,USD,112120000,109910000,45270000,66850000,5833000,1210000,None,None,1848000,None,64640000,-362000,2210000,None,None,638000,None,None,None,None,None,638000,-362000,None,1210000,1210000,None,USD,415234000,11964000,None,11173000,241194000,174040000,None,10304000,50173000,125078000,12042000,14117000,12427000,12189000,96308000,None,None,-1211000,244967000,131759000,None,147959000,17677000,23205000,None,67515000,20331000,None,None,50173000,None,125078000,None,None,5304000,None,283475000,161494000,None,1185000,144886000,None,None,None,None,415234000,29866000,None,10000000,USD,-77000,-3558000,-77000,-193000,-12000,-2178000,2000,-3418000,1210000,-7498000,-5243000,-4862000,3623000,-1260000,-766000,-1213000,-1873000,-14000,1340000,-1873000,None,-7498000,9.87,6.4
2,2019-11-30,USD,113637000,112076000,45291000,68346000,-3376000,-5138000,None,None,-6224000,None,66785000,-573000,1561000,4431000,6000,-1086000,562000,None,None,2626000,None,-1086000,-8347000,None,-5138000,-5138000,None,USD,275766000,12059000,None,11983000,97096000,178670000,None,25341000,50581000,129130000,24825000,14117000,11080000,19687000,72271000,None,None,-1236000,101724000,136786000,None,152494000,17436000,21378000,None,66302000,23677000,None,None,50581000,None,129130000,None,None,5336000,None,138980000,None,None,12995000,24825000,None,None,None,195000,275766000,37123000,None,10116290,USD,-5135000,6684000,-5135000,-142000,-12000,-1684000,2000,3003000,-5138000,5049000,11868000,10291000,3408000,-1266000,-500000,-837000,-795000,5543000,6724000,-795000,None,5049000,15.22,9.87
3,2019-08-31,USD,109419000,106019000,42246000,67173000,6757000,2157000,None,None,3102000,None,63519000,-298000,3400000,None,-6000,945000,None,None,None,254000,None,945000,-298000,None,2157000,2157000,None,USD,275416000,12153000,None,13417000,91470000,183946000,None,11821000,50578000,135533000,25756000,16043000,8932000,14638000,65714000,292000,None,-2165000,106485000,131803000,None,155750000,17643000,20640000,None,65465000,20363000,None,None,50578000,None,135533000,None,None,7258000,None,143613000,None,None,13040000,25756000,None,None,None,None,275416000,32281000,None,10000000,USD,1921000,-1574000,1921000,-849000,-72000,-5747000,2000,1288000,2157000,3057000,6883000,-1138000,3357000,-1264000,-4498000,1250000,64000,341000,2338000,64000,None,3057000,12.18,15.22
4,2019-05-31,USD,108190000,107489000,42530000,65660000,4066000,445000,None,None,556000,None,64590000,-145000,701000,None,-6000,111000,None,None,None,369000,None,111000,-145000,None,445000,445000,None,USD,280501000,12248000,None,14652000,93335000,187166000,None,11667000,52262000,137127000,25872000,16043000,8021000,11581000,67463000,72000,72000,-2223000,106089000,136497000,None,158875000,22643000,20906000,None,66715000,19587000,None,None,52262000,None,137127000,None,None,6374000,3250000,144004000,None,None,13249000,25872000,None,None,None,None,280501000,34224000,None,10000000,USD,-2524000,459000,-2524000,128000,-111000,-2673000,-1312000,-111000,445000,1595000,6792000,383000,3365000,-1312000,-1335000,-37000,2260000,-83000,2761000,2260000,None,1595000,14.69,12.18
5,2019-02-28,USD,120841000,70715000,49177000,71664000,826000,608000,0,None,826000,None,69386000,-123000,949000,835000,-6000,218000,None,None,None,494000,None,218000,-958000,None,608000,608000,None,USD,282035000,28386000,None,14540000,93030000,189005000,None,24416000,52598000,138687000,19753000,16043000,9700000,9986000,73277000,183000,183000,-2280000,106880000,137069000,None,160619000,22643000,23222000,None,66678000,48861000,None,None,52598000,None,138687000,None,None,6472000,3228000,38086000,None,None,19753000,19753000,None,None,None,None,282035000,32629000,None,10000000,USD,-5435000,-6233000,-5435000,-117000,-109000,-2313000,-1312000,-3163000,608000,-23482000,-15734000,-5904000,3370000,-1291000,-913000,-3318000,-4084000,-173000,5552000,-4084000,None,-23482000,19.75,14.69
6,2018-11-30,USD,116647000,68769000,45831000,70816000,1578000,1897000,0,0,1521000,0,67654000,-469000,2047000,0,57000,None,None,None,701000,1115000,0,-376000,-946000,0,1897000,1897000,None,USD,291641000,12437000,None,47420000,101332000,190309000,None,27157000,52638000,140009000,19513000,16043000,9751000,33468000,81819000,292000,292000,-2338000,104863000,148547000,None,190309000,22643000,19055000,None,64192000,81527000,None,None,52638000,None,140009000,None,None,None,None,104863000,None,None,19513000,19513000,None,None,None,None,291641000,56111000,None,10527636,USD,5000000,9188000,-5468000,-15355000,-144000,-4489000,-1312000,-465000,1897000,7705000,17662000,-223000,3283000,-1338000,-3007000,-649000,549000,3617000,30933000,549000,None,7705000,21.03,19.75
7,2018-08-31,USD,112956000,63811000,44821000,68135000,3832000,2945000,0,0,3832000,0,63279000,-492000,4324000,0,-57000,None,None,None,0,532000,0,887000,-280000,0,2945000,2945000,None,USD,284484000,12532000,None,8724000,92529000,191955000,0,21168000,53326000,141505000,20241000,16009000,10716000,25763000,72288000,436000,436000,-2876000,103205000,140341000,None,191955000,22643000,19485000,0,63726000,71852000,0,0,53326000,0,141505000,0,None,40938000,None,144143000,None,None,20241000,20241000,None,None,None,None,284484000,48406000,None,11000000,USD,482000,2316000,-4463000,25000,-105000,-3529000,-152000,1815000,2945000,3214000,11206000,3175000,3232000,-1338000,-1934000,-1660000,1059000,139000,4970000,1059000,None,3214000,23.35,21.03
8,2018-05-31,USD,116980000,65657000,45660000,71320000,5430000,4289000,0,0,5430000,0,65456000,-233000,5663000,0,-57000,None,None,None,0,201000,0,1141000,-259000,0,4289000,4289000,None,USD,281348000,12626000,None,10539000,89252000,192096000,0,22093000,53736000,140934000,19313000,15990000,10450000,22549000,69830000,432000,432000,-2956000,101658000,138918000,None,192096000,23125000,20619000,109000,62086000,69398000,0,0,53736000,0,140934000,0,None,40772000,None,142430000,None,109000,19313000,19422000,None,None,None,382000,281348000,45674000,None,11000000,USD,482000,-8483000,-1241000,-13093000,-104000,-1749000,None,-929000,4289000,-1761000,1229000,-569000,3384000,-1182000,-463000,1751000,750000,107000,3704000,750000,None,-1761000,27.65,23.35
9,2018-02-28,USD,110272000,64953000,43269000,67003000,1423000,-913000,0,0,1423000,0,64251000,-627000,2050000,0,-57000,None,None,None,0,702000,0,2336000,-855000,0,-913000,-913000,None,USD,286665000,28840000,None,9610000,97599000,189066000,0,52269000,53776000,137827000,19134000,16119000,38910000,24310000,78245000,425000,425000,-3036000,103766000,142257000,None,189066000,23125000,21543000,220000,63669000,77820000,0,0,53776000,0,137827000,0,None,40642000,None,144408000,None,220000,19134000,19354000,None,None,None,499000,286665000,47435000,None,11000000,USD,482000,424000,-19514000,15556000,-3102000,-8726000,-522000,-1382000,-913000,-29639000,-1399000,-882000,3304000,-4942000,-160000,-5440000,-626000,2734000,3958000,-626000,None,-29639000,32.2,27.65
10,2017-11-30,USD,118225000,65351000,45380000,72845000,8303000,4974000,0,0,8163000,0,64521000,809000,7494000,0,234000,None,None,None,0,830000,0,3189000,1407000,0,4974000,4974000,None,USD,293748000,17351000,None,8192000,102288000,191460000,0,58191000,53690000,139378000,18603000,11900000,29364000,53949000,83356000,3405000,3405000,-2570000,103244000,159382000,None,174109000,23125000,19640000,329000,54476000,79951000,0,0,53690000,0,139378000,0,None,5378000,8393000,31122000,None,329000,18603000,18932000,None,None,None,962000,293748000,77074000,None,10737952,USD,1954000,9834000,-2952000,-223000,-186000,-1282000,-641000,2477000,4974000,17452000,21686000,1095000,3252000,-1181000,85000,3272000,-1225000,-534000,4683000,-207000,None,17452000,38.4,32.2
11,2017-08-31,USD,114261000,61681000,45320000,68941000,6677000,4579000,0,0,6677000,0,61373000,-583000,7260000,0,0,None,None,None,0,308000,0,2098000,0,0,4579000,4579000,None,USD,279756000,17431000,None,8808000,89030000,190726000,0,47895000,53677000,139345000,18188000,11900000,32076000,36497000,70315000,3373000,3900000,-2922000,101988000,145692000,None,190726000,23125000,19514000,527000,57748000,66942000,0,0,53677000,0,139345000,0,None,32076000,None,134064000,None,527000,18188000,18715000,None,None,None,626000,279756000,59622000,None,11000000,USD,1954000,-1027000,2766000,4411000,-96000,-1273000,-167000,-209000,4579000,6699000,5206000,241000,3354000,-1181000,171000,345000,1018000,-2172000,1645000,-114000,None,6699000,35.85,38.4
12,2017-05-31,USD,114125000,62628000,44981000,69144000,10189000,5842000,0,0,9105000,0,61075000,2589000,7600000,0,0,None,None,None,0,1553000,0,3263000,0,0,5842000,5842000,None,USD,277096000,17512000,None,8599000,90111000,186985000,0,47385000,53623000,135947000,17891000,11900000,31095000,29798000,71589000,3346000,3346000,-2995000,106900000,139101000,None,186985000,23125000,19486000,631000,58093000,68243000,0,0,53623000,0,135947000,0,None,31095000,None,137995000,None,631000,17891000,18522000,None,None,None,410000,277096000,52923000,None,11000000,USD,3592000,1585000,90000,60000,-96000,-1225000,-167000,973000,5842000,6280000,7415000,1688000,3355000,-1073000,-56000,-2620000,904000,-1421000,3562000,-1014000,None,6280000,29.7,35.85
13,2017-02-28,USD,105892000,59330000,41898000,63994000,3931000,2861000,0,0,3931000,0,58524000,-733000,4664000,0,0,None,None,None,0,806000,0,1070000,0,0,2861000,2861000,None,USD,269649000,17592000,None,9572000,87141000,182508000,0,48128000,53601000,131178000,16544000,11900000,32651000,23518000,69864000,3320000,3320000,-2495000,106840000,130158000,None,164916000,23125000,18470000,733000,55473000,66544000,0,0,53601000,0,131178000,0,None,7127000,7932000,32651000,None,733000,16544000,17277000,None,None,None,224000,269649000,46643000,None,11000000,USD,3592000,-4328000,-6039000,-429000,-3095000,-7664000,-474000,1155000,2861000,-11626000,2077000,1155000,3351000,-4290000,195000,-1915000,110000,843000,5610000,110000,None,-11626000,27.35,29.7
14,2016-11-30,USD,113786000,61754000,43023000,70763000,8809000,5045000,0,0,8497000,0,61333000,-200000,9009000,0,552000,None,None,None,0,421000,0,3452000,-78000,0,5045000,5045000,None,USD,278267000,17360000,None,10727000,97562000,180705000,0,52442000,53615000,129388000,16728000,11588000,30074000,35144000,77013000,3290000,3290000,-2553000,104655000,140569000,1000000,180705000,23125000,18358000,3821000,53215000,73723000,0,0,53615000,0,129388000,0,None,33043000,None,137698000,None,3821000,16728000,20549000,None,None,None,255000,278267000,58269000,None,10722947,USD,5546000,7698000,-2511000,35000,-7016000,-10493000,-77000,-3929000,5045000,7093000,20097000,1116000,3383000,-1073000,-2404000,198000,3228000,1763000,2546000,894000,None,7093000,29.05,27.35
15,2016-08-31,USD,104712000,57081000,38264000,64621000,6893000,4165000,0,0,6893000,0,57081000,-647000,7540000,0,0,None,None,None,0,281000,0,2728000,0,0,4165000,4165000,None,USD,275499000,17440000,None,11519000,93334000,182165000,0,43136000,54114000,126127000,16549000,11588000,34494000,28051000,67708000,5003000,5003000,-2508000,105595000,135410000,None,182165000,23125000,19302000,9077000,53413000,62705000,0,0,54114000,0,128635000,0,None,34494000,None,140089000,None,9077000,16549000,25626000,None,None,None,1924000,275499000,51176000,None,11000000,USD,3592000,-281000,-4784000,55000,-1623000,-4846000,-77000,-3270000,4165000,-1675000,7955000,-3270000,3255000,-1093000,-2053000,1421000,2334000,2767000,4839000,-102000,None,-1675000,24.76,29.05
16,2016-05-31,USD,106667000,58395000,42419000,64248000,5253000,3385000,0,0,5253000,0,58088000,-600000,5853000,0,0,None,None,None,0,307000,0,1868000,0,0,3385000,3385000,None,USD,276247000,17521000,None,8249000,95314000,180933000,0,42653000,54525000,125563000,16805000,11588000,37251000,29726000,69289000,6438000,6438000,-2564000,104075000,134921000,None,163412000,23125000,18987000,9220000,54834000,62851000,0,0,54525000,0,125563000,0,None,7525000,12205000,37251000,None,9220000,16805000,26025000,None,None,None,3409000,276247000,52851000,None,11000000,USD,None,-2525000,-4991000,557000,1963000,1014000,-77000,-125000,3385000,4613000,8590000,465000,2794000,-999000,50000,2705000,2436000,839000,5548000,927000,None,4613000,27.91,24.76
17,2016-02-29,USD,106873000,59096000,41986000,64887000,5134000,3234000,0,0,5134000,0,58957000,-657000,5791000,0,0,None,None,None,0,139000,0,1900000,0,0,3234000,3234000,None,USD,273654000,17601000,None,8124000,95421000,178233000,0,44947000,54463000,123176000,16592000,11588000,38202000,25113000,71036000,5855000,None,-2621000,101810000,133642000,None,160632000,23125000,19741000,7793000,57539000,65181000,0,0,54463000,0,123176000,0,None,7967000,12634000,38202000,None,7793000,16592000,24385000,None,None,None,3215000,273654000,48238000,None,11000000,USD,None,-7268000,-8548000,20000,-191000,-5027000,None,None,3234000,-11155000,2420000,-1326000,2817000,-3146000,-1690000,2357000,1509000,1097000,8568000,1509000,None,-11155000,30.98,27.91
18,2015-11-30,USD,115556000,61234000,45616000,69940000,8515000,5682000,0,0,7998000,0,60847000,-191000,8706000,0,607000,None,None,None,0,387000,0,2316000,4696000,0,5682000,5682000,None,USD,282543000,17682000,None,6798000,105177000,177366000,0,53661000,54580000,120904000,16827000,11588000,36035000,36268000,79850000,5273000,5273000,-2678000,96104000,147284000,None,159684000,23125000,21197000,8500000,59896000,74577000,0,0,54580000,0,120904000,0,None,8002000,13471000,39155000,None,8500000,16827000,25327000,None,None,None,4560000,282543000,59393000,None,10916021,USD,-1345000,7962000,-2662000,29000,-1138000,-2741000,-10000,1494000,5682000,15668000,21071000,1865000,2835000,-980000,-613000,5541000,-2354000,-1211000,2691000,-1603000,None,15668000,31.36,30.98
19,2015-08-31,USD,111011000,58495000,44824000,66187000,7220000,4266000,0,0,7220000,0,58303000,-472000,7692000,0,0,None,None,None,0,192000,0,2954000,0,0,4266000,4266000,None,USD,270617000,17762000,None,8313000,94538000,176079000,0,42754000,54681000,118386000,15339000,11588000,28481000,20600000,68839000,4476000,None,-1864000,96579000,142398000,None,158317000,23125000,24923000,10360000,65437000,64363000,0,0,54681000,0,118386000,0,None,8065000,5813000,31640000,None,10360000,15339000,25699000,None,None,None,4876000,270617000,43725000,None,11000000,USD,None,-5683000,-3341000,0,-416000,-658000,798000,None,4266000,-1867000,2132000,2703000,2573000,-1029000,-11000,-2459000,0,-7000,3341000,739000,None,-1867000,29.02,31.36
