,fiscalDateEnding,reportedCurrency_x,totalRevenue,totalOperatingExpense,costOfRevenue,grossProfit,ebit,netIncome_x,researchAndDevelopment,effectOfAccountingCharges,incomeBeforeTax,minorityInterest,sellingGeneralAdministrative,otherNonOperatingIncome,operatingIncome,otherOperatingExpense,interestExpense,taxProvision,interestIncome,netInterestIncome,extraordinaryItems,nonRecurring,otherItems,incomeTaxExpense,totalOtherIncomeExpense,discontinuedOperations,netIncomeFromContinuingOperations,netIncomeApplicableToCommonShares,preferredStockAndOtherAdjustments,reportedCurrency_y,totalAssets,intangibleAssets,earningAssets,otherCurrentAssets,totalLiabilities,totalShareholderEquity,deferredLongTermLiabilities,otherCurrentLiabilities,commonStock,retainedEarnings,otherLiabilities,goodwill,otherAssets,cash,totalCurrentLiabilities,shortTermDebt,currentLongTermDebt,otherShareholderEquity,propertyPlantEquipment,totalCurrentAssets,longTermInvestments,netTangibleAssets,shortTermInvestments,netReceivables,longTermDebt,inventory,accountsPayable,totalPermanentEquity,additionalPaidInCapital,commonStockTotalEquity,preferredStockTotalEquity,retainedEarningsTotalEquity,treasuryStock,accumulatedAmortization,otherNonCurrrentAssets,deferredLongTermAssetCharges,totalNonCurrentAssets,capitalLeaseObligations,totalLongTermDebt,otherNonCurrentLiabilities,totalNonCurrentLiabilities,negativeGoodwill,warrants,preferredStockRedeemable,capitalSurplus,liabilitiesAndShareholderEquity,cashAndShortTermInvestments,accumulatedDepreciation,commonStockSharesOutstanding,reportedCurrency,investments,changeInLiabilities,cashflowFromInvestment,otherCashflowFromInvestment,netBorrowings,cashflowFromFinancing,otherCashflowFromFinancing,changeInOperatingActivities,netIncome_y,changeInCash,operatingCashflow,otherOperatingCashflow,depreciation,dividendPayout,stockSaleAndPurchase,changeInInventory,changeInAccountReceivables,changeInNetIncome,capitalExpenditures,changeInReceivables,changeInExchangeRate,changeInCashAndCashEquivalents,clossingVal,nextClossingVal
0,2020-06-30,USD,28622000,18033000,None,28842000,10809000,8303000,None,None,10809000,None,11440000,None,10809000,5838000,1243000,2506000,25385000,24142000,None,None,None,2506000,None,None,8303000,8303000,None,USD,3110044000,4844000,None,None,2782611000,327433000,None,2506754000,112645000,195147000,28348000,27357000,2291227000,156611000,2711203000,204449000,163000000,16179000,27779000,156611000,599333000,295232000,599333000,None,35035000,None,None,None,None,112645000,None,195147000,None,None,98200000,None,2953433000,None,35035000,36373000,71408000,None,None,None,3462000,3110044000,156611000,None,15192838,USD,-387200000,0,-387200000,24000,100988000,425347000,327363000,2556000,8303000,49619000,11472000,-3175000,1037000,-3038000,0,None,-3708000,3284000,78000,None,None,49619000,18.88,
1,2020-03-31,USD,29893000,17818000,None,28093000,10275000,7807000,None,None,10275000,None,10172000,None,10275000,4718000,2264000,2468000,26051000,23787000,None,None,None,2468000,None,None,7807000,7807000,None,USD,2670469000,5112000,648486000,None,2351010000,319459000,None,2179391000,112600000,189882000,24698000,27357000,1881663000,106992000,2282852000,103461000,74100000,13610000,28425000,106992000,620154000,286990000,620154000,None,34990000,None,None,None,None,112600000,None,189882000,None,None,93150000,None,2563511000,None,34990000,33168000,68158000,None,None,None,3367000,2670469000,106992000,None,15190038,USD,-46705000,0,-46705000,-135000,57750000,63327000,11017000,-2821000,7807000,26915000,10293000,1911000,1040000,-3059000,-2562000,None,1467000,2800000,1716000,None,None,26915000,17.58,18.88
2,2019-12-31,USD,22031000,17982000,None,30169000,12187000,9285000,None,None,12187000,None,18897000,None,12187000,5773000,2953000,2902000,27775000,24822000,None,None,None,2902000,None,None,9285000,9285000,None,USD,2593819000,5381000,615320000,8229000,2284534000,309285000,None,2168374000,113179000,186867000,26589000,27357000,1817888000,80077000,2214085000,45711000,20000000,5932000,35735000,80077000,607625000,276547000,600799000,8229000,34945000,800000,2168374000,None,None,113179000,None,186867000,None,None,97232000,None,2513742000,None,34945000,35504000,70449000,None,None,None,3307000,2593819000,80077000,None,15284538,USD,31153000,0,31153000,-74000,-21646000,-52984000,-27833000,10507000,9285000,-612000,21219000,-1202000,1016000,-2905000,-1170000,None,-1862000,2273000,151000,None,None,-612000,29.12,17.58
3,2019-09-30,USD,30244000,17088000,None,28894000,11806000,8952000,None,None,11806000,None,8784000,None,11806000,5205000,3526000,2854000,27901000,24375000,None,None,None,2854000,None,None,8952000,8952000,None,USD,2635960000,5650000,612286000,8600000,2332607000,303353000,None,2196207000,112797000,181332000,24861000,27357000,1860831000,80689000,2263564000,67357000,42200000,5891000,36665000,80689000,599906000,270346000,599906000,8100000,34901000,762000,2196207000,None,None,112797000,None,181332000,None,None,104964000,None,2555271000,None,34901000,34142000,69043000,None,None,None,3333000,2635960000,80689000,None,15000000,USD,-41496000,0,-41496000,-75000,34690000,47571000,17109000,63000,8952000,12899000,6824000,-5247000,1013000,-2914000,-856000,None,-6149000,2945000,302000,None,None,12899000,26.56,29.12
4,2019-06-30,USD,27725000,17656000,None,29654000,11998000,8829000,None,None,11998000,None,11308000,None,11998000,5653000,3589000,3169000,27788000,24199000,None,None,None,3169000,1000,None,8829000,8829000,None,USD,2577032000,5918000,579345000,8900000,2280180000,296852000,None,2179098000,113061000,176328000,23904000,27357000,1843602000,67790000,2211765000,32667000,8500000,4226000,28385000,67790000,577266000,263577000,577266000,None,34856000,770000,2179098000,None,None,113061000,None,176328000,None,None,99469000,None,2509242000,None,34856000,33559000,68415000,None,None,None,3237000,2577032000,67790000,None,15332550,USD,-32943000,-6541000,-32943000,22706000,4807000,28944000,26850000,-6900000,8829000,-273000,3726000,577000,1010000,-2759000,46000,None,-1010000,509000,243000,None,None,-273000,27.12,26.56
5,2019-03-31,USD,29579000,17852000,None,29579000,11727000,8895000,None,None,11727000,None,17852000,None,11727000,5533000,3510000,2832000,27483000,23973000,None,None,None,2832000,-23000,None,8895000,8895000,None,USD,2539087000,6187000,572751000,9100000,2255019000,284068000,None,2160748000,113001000,170258000,30034000,27357000,1817145000,68063000,2180108000,19360000,0,-2326000,28855000,68063000,2307966000,250524000,563628000,None,34811000,806000,2160748000,None,None,113001000,None,170258000,None,None,100659000,None,2471024000,None,34811000,40100000,74911000,None,None,None,3135000,2539087000,68063000,None,15328030,USD,-37433000,4476000,-10004000,27516000,3001000,-11033000,-11692000,3576000,8895000,-6069000,14968000,-653000,1787000,-2754000,412000,None,-203000,463000,87000,None,None,-6069000,24.3,27.12
6,2018-12-31,USD,27937000,17036000,4384000,27937000,10901000,7904000,0,0,10901000,0,17036000,None,10901000,5049000,2984000,2997000,27042000,24058000,0,0,0,2997000,730000,0,7904000,7904000,None,USD,2522502000,6455000,562172000,8587000,2249478000,273024000,None,2116340000,112507000,164117000,25912000,27357000,1796062000,74132000,2188799000,72459000,None,-6666000,29500000,74132000,2285259000,239212000,None,None,34767000,1082000,2116340000,None,None,112507000,None,164117000,None,None,99799000,None,2448370000,None,34767000,25912000,60679000,None,None,None,3066000,2522502000,74132000,None,15300460,USD,-74694000,-523000,-44340000,30623000,-163000,48048000,50287000,-1230000,7904000,9093000,5385000,-5681000,1981000,-2437000,361000,None,None,1704000,269000,None,None,9093000,24.03,24.3
7,2018-09-30,USD,27049000,17807000,4910000,27049000,9242000,7071000,0,0,9242000,0,17807000,None,9242000,5625000,2460000,2171000,26236000,23776000,0,0,0,2171000,-12000,0,7071000,7071000,None,USD,2463040000,6724000,554664000,8400000,2199832000,263208000,0,2106053000,112079000,158650000,26435000,27357000,1764195000,65039000,2138675000,32622000,None,-10555000,29998000,65039000,2236464000,229127000,0,None,34722000,2212000,2106053000,0,0,112079000,0,158650000,0,None,97458000,None,2398001000,None,34722000,26435000,61157000,None,None,None,3034000,2463040000,65039000,None,15277710,USD,-89418000,1068000,-65344000,24644000,-717000,31352000,34231000,627000,7071000,-20063000,13929000,1262000,1975000,-2442000,280000,0,0,2553000,570000,None,None,-20063000,28.9,24.03
8,2018-06-30,USD,27929000,17294000,2384000,27929000,10635000,7992000,0,0,10635000,0,17294000,None,10635000,5006000,2084000,2643000,24883000,22800000,0,0,0,2643000,-151000,0,7992000,7992000,None,USD,2425443000,6919000,577165000,7900000,2165205000,260238000,0,2087922000,111740000,154020000,25367000,27357000,1695203000,85102000,2105161000,17239000,51916000,-8516000,30182000,85102000,2178096000,225962000,0,None,34677000,2112000,2087922000,0,0,111740000,0,154020000,0,None,97787000,None,2340341000,None,34677000,25367000,60044000,None,None,None,2994000,2425443000,85102000,None,15258100,USD,-55154000,-2945000,-29069000,27957000,4710000,47569000,45192000,-3367000,7992000,21593000,3093000,-3670000,1961000,-2441000,108000,0,0,-245000,1872000,None,None,21593000,28.24,28.9
9,2018-03-31,USD,26693000,17887000,1916000,26693000,8806000,6710000,0,0,8806000,0,17887000,None,8806000,5449000,1716000,2096000,23476000,21760000,0,0,0,2096000,-286000,0,6710000,6710000,None,USD,2373524000,6004000,570870000,7600000,2118204000,255320000,0,2036930000,111599000,148469000,28312000,27357000,689406000,63509000,2055259000,18329000,53262000,-7677000,29060000,627091000,1586178000,221959000,563582000,None,34633000,5371000,2036630000,0,0,111599000,0,148469000,0,None,97834000,None,1746433000,None,34633000,28312000,62945000,None,None,None,2929000,2373524000,627091000,None,15246780,USD,-71021000,-3020000,-49435000,21998000,4379000,34768000,32444000,-3224000,6710000,-6628000,8039000,2834000,2082000,-2437000,382000,0,0,-567000,412000,None,None,-6628000,26.64,28.24
10,2017-12-31,USD,9523000,80788000,152000,9523000,-71265000,4044000,0,0,10151000,0,80788000,None,-71265000,31941000,1592000,None,None,None,0,-4450000,0,6107000,-2292000,0,4044000,177000,None,USD,2340298000,6234000,None,7682000,2084356000,255942000,0,1988386000,111138000,144197000,31332000,27357000,683741000,70137000,2018436000,30050000,64638000,-2330000,29388000,628466000,1551551000,222351000,558329000,None,34588000,5481000,1988386000,0,0,111138000,0,144197000,0,None,97302000,None,1711832000,None,34588000,31332000,65920000,None,None,None,2937000,2340298000,628466000,None,15223360,USD,-21353000,4112000,66005000,87910000,-529000,-66099000,-63404000,2460000,4043000,15530000,15624000,4758000,3210000,-2131000,-35000,0,0,-499000,552000,None,None,15530000,26.56,26.64
11,2017-09-30,USD,44177000,15445000,1396000,44177000,28732000,5742000,0,0,8900000,0,15445000,None,28732000,-16537000,-1397000,None,None,None,0,13350000,0,3158000,0,0,5742000,5742000,None,USD,2077993000,2483000,None,6700000,1858910000,219083000,0,1781179000,73668000,141870000,24008000,8268000,686793000,54607000,1800358000,19179000,55323000,605000,28373000,637807000,1305546000,208332000,583200000,None,34544000,2674000,1779579000,0,0,73668000,0,141870000,0,None,95516000,None,1440186000,None,34544000,24008000,58552000,None,None,None,2940000,2077993000,637807000,None,13840429,USD,-57000000,-197000,-32815000,24854000,-2617000,-4650000,-178000,-276000,5742000,-22568000,14897000,9017000,2828000,-1937000,82000,0,0,-2493000,669000,None,None,-22568000,27.15,26.56
12,2017-06-30,USD,22904000,-15091000,1516000,22904000,37995000,5202000,0,0,7813000,0,-15091000,None,37995000,3332000,0,None,None,None,0,-8900000,0,2611000,0,0,5202000,7138000,-1936000,USD,2077980000,2589000,None,9000000,1861857000,216123000,0,1791857000,73553000,138066000,24205000,8268000,677449000,77175000,1791857000,45795000,45795000,1550000,28438000,656756000,1292777000,205266000,579581000,None,34499000,2141000,1791857000,0,0,73553000,0,138066000,0,None,89152000,None,1421224000,None,34499000,35501000,70000000,None,None,None,2954000,2077980000,656756000,None,13832549,USD,-114490000,-797000,-89767000,24840000,1865000,71399000,71436000,-1233000,5203000,-15593000,2775000,-4569000,2457000,-1936000,34000,0,0,481000,117000,None,None,-15593000,24.55,27.15
13,2017-03-31,USD,22016000,-15701000,1019000,22016000,37717000,4551000,0,0,6315000,0,-15701000,None,37717000,300000,0,None,None,None,0,2225000,0,1764000,0,0,4551000,6482000,-1931000,USD,1999725000,2696000,None,6000000,1789308000,210417000,0,1720421000,73508000,134800000,25002000,8268000,646593000,92768000,1720421000,9431000,9431000,-948000,29018000,644024000,1229178000,199453000,551256000,None,34454000,2168000,1720421000,0,0,73508000,0,134800000,0,None,86541000,None,1355701000,None,34454000,34433000,68887000,None,None,None,3057000,1999725000,644024000,None,13829649,USD,-20074000,982000,4238000,25115000,1337000,-39961000,-40050000,309000,4551000,-27674000,8049000,-447000,2571000,-1931000,683000,0,0,392000,803000,None,None,-27674000,27.43,24.55
14,2016-12-31,USD,23144000,-14738000,980000,23144000,37882000,5516000,0,0,8406000,0,-14738000,None,37882000,17254000,3323000,None,None,None,0,-4822000,0,2890000,-2414000,0,5516000,-4845370000,None,USD,2032873000,2803000,None,6354000,1826995000,205878000,0,1695471000,72626000,132180000,24020000,8268000,625559000,120442000,1760471000,65000000,107504000,-1760000,28893000,650525000,1255754000,194807000,530083000,None,34410000,2225000,1695471000,0,0,72626000,0,132180000,0,None,86630000,None,1382348000,None,34410000,32114000,66524000,None,None,None,2832000,2032873000,650525000,None,13776589,USD,-24956000,8374000,1706000,26232000,1324000,52181000,52739000,-1566000,5517000,55000000,1113000,-6303000,1650000,-1655000,-227000,0,0,-8125000,430000,None,None,55000000,26.59,27.43
15,2016-09-30,USD,21898000,-16121000,886000,21898000,38019000,3929000,0,0,5777000,0,-16121000,None,38019000,300000,0,None,None,None,0,14466000,0,1848000,0,0,3929000,1670104000,-1666175000,USD,1973240000,2909000,None,None,1764712000,208528000,0,1633831000,72370000,128699000,15646000,7932000,626829000,65442000,1705431000,71600000,80870000,4695000,28781000,601022000,1249406000,197687000,535580000,None,34365000,2782000,1633831000,0,0,72370000,0,128699000,0,None,83190000,None,1372218000,None,34365000,24916000,59281000,None,None,None,2764000,1973240000,601022000,None,13789501,USD,-21075000,-5036000,20465000,43655000,-3424000,-14301000,-7489000,None,3928000,12401000,6237000,3213000,2872000,-1666000,-1722000,0,0,1260000,2115000,None,None,12401000,18.76,26.59
16,2016-06-30,USD,19769000,-13715000,739000,19769000,33484000,4086000,0,0,6054000,0,-13715000,None,33484000,0,0,None,None,None,0,-9644000,0,1968000,0,0,4086000,1597481000,-1593395000,USD,1843288000,1170000,None,None,1644973000,198315000,0,1486074000,62825000,127638000,19977000,6908000,617030000,53041000,1579774000,93700000,103894000,5097000,22449000,581580000,1147871000,190237000,528539000,None,30928000,2897000,1486074000,0,0,62825000,0,127638000,0,None,83310000,None,1261708000,None,30928000,34271000,65199000,None,None,None,2755000,1843288000,581580000,None,13285568,USD,-91775000,654000,-68217000,24436000,1511000,72697000,72830000,None,4086000,9033000,4553000,-2568000,2615000,-1593000,-51000,0,0,-234000,878000,None,None,9033000,16.69,18.76
17,2016-03-31,USD,19609000,-13479000,718000,19609000,33088000,4036000,0,0,6130000,0,-13479000,None,33088000,0,0,None,None,None,0,2411000,0,2094000,0,0,4036000,1595352000,-1591316000,USD,1764167000,896000,None,None,1569820000,194347000,0,1488086000,62688000,125146000,19323000,6908000,608583000,44008000,1510886000,22800000,31483000,3741000,22183000,566618000,1086278000,186543000,522610000,None,30928000,3115000,1488086000,0,0,62688000,0,125146000,0,None,81284000,None,1197549000,None,30928000,28006000,58934000,None,None,None,2772000,1764167000,566618000,None,13275888,USD,1719000,-4613000,22756000,22060000,-722000,-32999000,-30969000,None,4036000,-4615000,5628000,2650000,2388000,-1592000,284000,0,0,1167000,1023000,None,None,-4615000,18.15,16.69
18,2015-12-31,USD,20306000,-89199000,651000,20306000,109505000,5362000,0,0,8099000,0,-89199000,None,109505000,16360000,2581000,None,None,None,0,101000,0,2737000,-254000,0,5362000,3887361,None,USD,1796537000,930000,None,5808000,1606197000,190340000,0,1464628000,62404000,122701000,23936000,6908000,598129000,48623000,1539928000,75300000,2000000,2546000,21990000,556205000,1124602000,182502000,507582000,None,32928000,3193000,1464628000,0,0,62404000,0,122701000,0,None,85902000,None,1240332000,None,32928000,33341000,66269000,None,None,None,2689000,1796537000,556205000,None,13254088,USD,-103422000,5488000,-80994000,22822000,-710000,67156000,69260000,-393000,5363000,-365000,13473000,-2572000,3146000,-1457000,63000,6000,0,2048000,394000,None,None,-365000,17.65,18.15
19,2015-09-30,USD,19138000,12285000,647000,19138000,6853000,4410000,0,0,6853000,0,12285000,None,6853000,0,0,None,None,None,0,0,0,2443000,0,0,4410000,5884639,-1474639,USD,1717134000,963000,None,None,1530082000,187052000,0,1429114000,62324000,118795000,16425000,6908000,597292000,48988000,1470614000,41500000,None,3283000,22177000,558588000,1045674000,179181000,509600000,None,32928000,3003000,1429114000,0,0,62324000,0,118795000,0,None,82824000,None,1158546000,None,32928000,26540000,59468000,None,None,None,2650000,1717134000,558588000,None,13248048,USD,-8873000,-4090000,15834000,25171000,-1157000,-18097000,-12728000,None,4409000,2298000,4561000,3651000,2352000,-1474421,-2737000,6000,0,-1761000,464000,None,None,2298000,15.96,17.65
