,fiscalDateEnding,reportedCurrency_x,totalRevenue,totalOperatingExpense,costOfRevenue,grossProfit,ebit,netIncome_x,researchAndDevelopment,effectOfAccountingCharges,incomeBeforeTax,minorityInterest,sellingGeneralAdministrative,otherNonOperatingIncome,operatingIncome,otherOperatingExpense,interestExpense,taxProvision,interestIncome,netInterestIncome,extraordinaryItems,nonRecurring,otherItems,incomeTaxExpense,totalOtherIncomeExpense,discontinuedOperations,netIncomeFromContinuingOperations,netIncomeApplicableToCommonShares,preferredStockAndOtherAdjustments,reportedCurrency_y,totalAssets,intangibleAssets,earningAssets,otherCurrentAssets,totalLiabilities,totalShareholderEquity,deferredLongTermLiabilities,otherCurrentLiabilities,commonStock,retainedEarnings,otherLiabilities,goodwill,otherAssets,cash,totalCurrentLiabilities,shortTermDebt,currentLongTermDebt,otherShareholderEquity,propertyPlantEquipment,totalCurrentAssets,longTermInvestments,netTangibleAssets,shortTermInvestments,netReceivables,longTermDebt,inventory,accountsPayable,totalPermanentEquity,additionalPaidInCapital,commonStockTotalEquity,preferredStockTotalEquity,retainedEarningsTotalEquity,treasuryStock,accumulatedAmortization,otherNonCurrrentAssets,deferredLongTermAssetCharges,totalNonCurrentAssets,capitalLeaseObligations,totalLongTermDebt,otherNonCurrentLiabilities,totalNonCurrentLiabilities,negativeGoodwill,warrants,preferredStockRedeemable,capitalSurplus,liabilitiesAndShareholderEquity,cashAndShortTermInvestments,accumulatedDepreciation,commonStockSharesOutstanding,reportedCurrency,investments,changeInLiabilities,cashflowFromInvestment,otherCashflowFromInvestment,netBorrowings,cashflowFromFinancing,otherCashflowFromFinancing,changeInOperatingActivities,netIncome_y,changeInCash,operatingCashflow,otherOperatingCashflow,depreciation,dividendPayout,stockSaleAndPurchase,changeInInventory,changeInAccountReceivables,changeInNetIncome,capitalExpenditures,changeInReceivables,changeInExchangeRate,changeInCashAndCashEquivalents,clossingVal,nextClossingVal
0,2020-06-30,ILS,0,16087000.0,None,None,-16087000.0,-41978000.0,11948000.0,None,-41978000.0,None,4139000.0,None,-16087000.0,None,25891000.0,None,None,-25891000,None,None,None,None,None,None,-41978000.0,-41978000.0,None,ILS,85709000,None,None,None,147631000,-61922000.0,None,None,None,-366011000,12778000,None,891000,38752000,6355000.0,None,None,None,43599000,41219000,None,-61922000,None,None,None,None,4070000.0,None,None,None,None,None,None,None,44490000,None,44490000,7133000,None,141276000,141276000,None,None,None,None,None,None,None,None,ILS,None,None,None,None,None,None,None,None,-41978000,None,None,None,None,None,None,None,None,None,0.0,None,None,None,22.75,
1,2020-03-31,ILS,0,20049000.0,None,None,-3547000.0,-3695000.0,19068000.0,None,-3695000.0,None,981000.0,None,-20049000.0,None,148000.0,None,16502000,16354000,None,None,None,None,None,None,-3695000.0,-3695000.0,None,ILS,None,None,None,None,None,-61304000.0,None,None,None,-324033000,None,None,None,None,4769000.0,None,None,None,None,None,None,-65053000,None,None,None,None,3278000.0,None,None,None,None,None,None,None,None,None,None,7325000,None,144367000,144367000,None,None,None,None,None,None,None,None,ILS,None,0,None,None,None,None,None,None,-3695000,None,None,None,None,None,None,None,None,None,0.0,None,None,None,7.7,22.75
2,2019-12-31,ILS,0,32573000.0,None,None,-48691000.0,-43016000.0,31608000.0,None,-43016000.0,None,613000.0,None,-32573000.0,None,-5675000.0,None,-189000,5330000,None,None,None,None,None,None,-43016000.0,-43016000.0,None,ILS,115750000,None,None,None,180803000,-65053000.0,None,None,None,-320338000,31255000,None,510000,72467000,18959000.0,None,None,None,42117000,73123000,None,-65053000,None,None,123780000,None,17062000.0,None,None,None,None,None,None,None,477000,None,42627000,7503000,130589000,14812000,161844000,None,None,None,255285000,None,72467000,None,None,ILS,None,15510000,-991000,-3000,15699000,85214000,None,383000,-43016000,-3416000,-17053000,None,1645000,None,70458000,None,None,8273000,7429000.0,None,None,None,9.29,7.7
3,2019-09-30,ILS,0,18923000.0,0,0,-18754000.0,-19355000.0,16133000.0,0,-19355000.0,0,2790000.0,0,-18923000.0,0,601000.0,None,169000,-432000,0,0,0,0,-1.67,0,-19355000.0,-19355000.0,0,ILS,119336000,0,None,0,139769000,-20433000.0,0,0,0,-277322000,21449000,0,507000,75247000,3069000.0,0,0,0,41695000,77134000,0,-20433000,0,7.30,108353000,0,1552000.0,0,0,0,0,0,0,0,507000,0,42202000,7595000,115251000,14454000,136700000,0,0,0,256889000,0,75247000,0,9000000,ILS,0,-6425000,-2161000,3000,-314000,69635000,0,-528000,-19355000,-636000,-24926000,0,1079000,0,70578000,0,-2.44,1457000,6441000.0,0,0,0,5.9562,9.29
4,2019-06-30,ILS,0,19690000.0,0,0,-19690000.0,-47389000.0,15172000.0,0,-47389000.0,0,4518000.0,0,-19690000.0,0,27699000.0,None,0,-27699000,0,0,0,0,-79.74,0,-47389000.0,-47389000.0,0,ILS,75769000,0,None,0,148282000,-72513000.0,0,0,0,-257967000,20224000,0,510000,33916000,10011000.0,0,0,0,40085000,35174000,0,-72513000,0,3.62,110971000,0,7977000.0,0,0,0,0,0,0,0,510000,0,40595000,7762000,118047000,14621000,138271000,0,0,0,185454000,0,33916000,0,7000000,ILS,0,0,-2161000,3000,-314000,201.74,0,-528000,-47389000,118.99,-24926000,0,1.59,0,0,0,-1.81,1457000,6.23,0,0,0,5.76,5.9562
5,2019-03-31,ILS,0,7165000.0,0,0,2851000.0,566000.0,5732000.0,0,566000.0,0,1433000.0,0,-7165000.0,0,2023000.0,None,7731000,7731000,0,0,0,0,19.84,0,566000.0,566000.0,0,ILS,99359000,0,None,0,129950000,-30591000.0,0,676000,0,-210578000,16711000,0,711000,57532000,17200000.0,0,0,0,39262000,59386000,0,-30591000,0,4.76,88792000,0,15249000.0,0,0,0,0,0,0,0,711000,0,39973000,7923000,96039000,14568000,112750000,0,0,0,179987000,0,57532000,0,7000000,ILS,-3164000,-5474000,-3164000,29000,-314000,-314000,0,199000,566000,-18506000,-13228000,0,262000,0,0,0,-2.28,-7892000,3193000.0,0,0,0,5.43,5.76
6,2018-12-31,ILS,0,52.58,0,0,-52.58,-68.6,50.04,0,-68.6,0,2.54,0,-52.58,0,-16.64,None,None,None,0,0,0,0,-16.03,0,-68.6,-36490000.0,0,ILS,198.99,0,None,0,257.67,-58.69,0,2.02,0,-211144000,20893000,0,740000,142.67,40.98,0,0,0,28249000,144.48,0,-31215000,0,0.72,177.41,0,38.96,0,0,0,0,0,0,0,0,0,0,0,663.07,0,0,0,0,0,1264.36,0,533.23,0,7000000,ILS,0,18941000,-3863000,148000,33632000,63.23,0,95000,-68.60,43.05,-6452000,0,0.05,0,0,0,3.20,9276000,7.71,0,0,0,4.77,5.43
7,2018-09-30,USD,0,1600681.84,0,0,-1600681.84,-1848674.8,1195150.12,0,-1848674.8,0,405531.73,0,-1600681.84,0,-308753.99,None,None,None,0,0,0,0,-247992.96,0,-1848674.8,-1848674.8,0,ILS,126876.71,0,None,0,118681.03,8195.68,0,0,0,-274373.79,32628.76,0,1395.01,83237.12,4262.0,0,0,0,37977.87,87503.83,0,8195.68,0,4266.72,81790.26,0,2720.9,0,0,0,0,0,0,0,0,0,0,0,244382.73,0,0,0,0,0,1027761.68,0,302750.04,0,7000000,ILS,0,642.52,-9259.22,-12.57,39928.99,40786.74,857.74,315.76,-10563.11,24910.65,-5005.07,0,-281.20,0,0,0,2200.91,2680.05,9325.2,0,0,0,5.6001,4.77
8,2018-06-30,USD,0,0.0,0,0,-8367229.94,-8274685.38,7972755.32,0,-8274685.38,0,394474.63,0,-8367229.94,0,-306570.94,None,None,None,0,0,0,0,92544.57,0,-8274685.38,-8274685.38,0,USD,16616526.99,0,None,0,12054543.97,4561983.02,0,0,0,-44527858.92,5826758.76,0,240233.68,10135677.43,574103.9,0,0,0,5130354.07,11245939.23,0,4561983.02,0,1110261.80,5653681.31,0,361169.5,0,0,0,0,0,0,0,0,0,0,0,0,0,0,0,0,0,0,0,0,0,7000000,USD,0,-1952717.64,-1780459.17,-2183.94,6899074.55,6750020.47,-149054.08,3275.91,-8274685.38,-5063470.83,-10510769.57,0,72616.09,0,0,0,-298108.16,-61150.39,1780459.17,0,0,0,6.67,5.6001
9,2018-03-31,USD,0,3580866.51,0,0,-3580866.51,-4026879.89,3330214.36,0,-4026879.89,0,250652.15,None,-3580866.51,0,-446013.38,None,None,None,0,0,0,0,-446013.38,0,-4026879.89,-4026879.89,None,USD,20434104.57,0,None,0,8488998.53,11945106.05,0,0.06,0,-39020925.48,5853748.44,0,249517.98,15786265.17,2635250.09,0,0,0,3554780.54,16629806.06,0,11945106.05,0,843540.89,0,0,2417488.94,0,0,0,0,0,0,None,None,None,None,None,None,None,None,None,None,None,None,None,None,None,7000000,USD,0,652999.89,-2034422.14,-2268.35,7165702.62,7010888.06,-154814.56,30622.66,-4026879.89,-4453328.80,-2566916.18,None,41964.39,0,0,0,268798.91,465577.86,2034422.14,None,None,None,5.4328,6.67
10,2017-12-31,USD,0,4290078.1,0,0,-4290078.1,-3558975.25,3950030.26,0,-3558975.25,0,340047.84,None,-4290078.1,0,-453301.06,None,None,None,0,0,0,0,731102.85,0,-3558975.25,-3558975.25,None,USD,23542549.21,0,None,341488.72,7332065.36,16210483.85,0,54753.47,0,-35565833.84,5348549.03,0,253595,20570588.74,1983516.33,54753.47,54753.47,0,1587850.49,21701103.71,0,16210483.85,0,572894.15,678654.79,0,1793320.08,0,0,0,0,0,0,None,None,None,None,None,None,None,None,None,None,None,None,None,None,None,None,USD,345811.36,1565372.76,-987867.78,-105184.29,7282787.24,-53600.76,-157344.17,-278378.14,-3558975.25,-1587850.49,-228523.67,None,17290.57,0,17820523.90,0,-211233.11,2237399.50,1228494.86,None,None,None,5.36,5.4328
11,2017-09-30,USD,0,13245000.0,0,0,-13245000.0,444000.0,321000.0,0,444000.0,0,855000.0,None,-13245000.0,0,-50487000.0,None,None,None,0,0,0,0,-21428000,0,-34673000.0,444000.0,None,USD,23692000,None,None,340000,4259000,19433000.0,None,664000,None,-111067000,3371000,None,146000,21766000,888000.0,None,None,533000,370000,81871000,None,68648000,1200000,3779000,None,None,224000.0,None,None,None,None,None,None,None,None,None,None,None,None,None,None,None,None,None,None,None,None,None,5000000,USD,4067000,30000,2884000,1802000,25272000,17558000,None,962000,444000,45558000,-3837000,None,125000,None,45326000,None,-1361000,-4469000,69000.0,None,None,None,7.15,5.36
12,2017-06-30,USD,0,-9281000.0,0,0,9281000.0,35656000.0,597000.0,0,35656000.0,0,740000.0,None,9281000.0,0,34558000.0,None,None,None,0,0,0,0,26375000,0,35656000.0,35656000.0,None,USD,11782000,None,None,344000,5773000,6009000.0,None,190000,None,-112370000,5243000,None,145000,8971000,530000.0,None,None,535000,353000,39413000,None,20989000,1164000,2812000,None,None,340000.0,None,None,None,None,None,None,None,None,None,None,None,None,None,None,None,None,None,None,None,None,None,None,USD,5551000,144000,1812000,1825000,None,4781000,None,138000,-11672000,7314000,-3049000,None,106000,None,5794000,None,-1332000,9282000,13000.0,None,None,None,8.784,7.15
13,2017-03-31,USD,0,2968000.0,0,0,-2968000.0,-11832000.0,518000.0,0,-11832000.0,0,779000.0,None,-2968000.0,0,-8872000.0,None,None,None,0,0,0,0,-8864000,0,-11832000.0,-11832000.0,None,USD,11491000,None,None,1865000,3371000,8120000.0,None,145000,None,-100698000,3018000,None,132000,6636000,353000.0,None,None,539000,358000,39818000,None,29391000,1124000,4979000,None,None,208000.0,None,None,None,None,None,None,None,None,None,None,None,None,None,None,None,None,None,None,None,None,None,4000000,USD,851000,20000,234000,235000,None,3013000,None,-163000,-11832000,8315000,-2371000,None,149000,None,10905000,None,88000,9084000,1000.0,None,None,None,5.8,8.784
14,2016-12-31,USD,0,11900000.0,0,0,-11900000.0,-9184000.0,438000.0,0,-9184000.0,0,716000.0,None,-11900000.0,0,7000.0,None,None,None,0,0,0,0,2716000,0,-9184000.0,-9184000.0,None,USD,7830000,None,None,1990000,1168000,6662000.0,None,179000,None,-88866000,810000,None,657000,4084000,358000.0,179000,179000,1441000,375000,26139000,2050000,25616000,525000,764000,791000,None,179000.0,None,None,None,None,None,None,None,None,None,None,None,None,None,None,None,None,None,None,None,None,None,3000000,USD,-7602000,-238000,-7813000,-191000,None,61839000,None,-79000,-9184000,-17765000,-9653000,None,621000,None,61839000,None,166000,-1413000,5000.0,None,None,None,3.35,5.8
15,2016-09-30,USD,0,0.0,0,0,0.0,0.0,672000.0,0,0.0,0,922000.0,None,0.0,0,0.0,None,None,None,0,0,0,0,0,0,0.0,0.0,None,USD,8629000,None,None,None,1212000,7417000.0,None,124000,None,None,961000,None,645000,4024000,251000.0,None,None,None,425000,None,None,None,3341000,None,None,None,127000.0,None,None,None,None,None,None,None,None,None,None,None,None,None,None,None,None,None,None,None,None,None,3000000,USD,None,None,None,None,None,None,None,None,None,None,None,None,None,None,None,None,191000,None,4000.0,None,None,None,3.68,3.35
16,2016-06-30,USD,0,0.0,0,0,0.0,0.0,373000.0,0,0.0,0,588000.0,None,0.0,0,0.0,None,None,None,0,0,0,0,0,0,0.0,0.0,None,USD,9345000,None,None,None,1593000,7752000.0,None,181000,None,None,1294000,None,658000,3907000,299000.0,None,None,None,452000,None,None,None,3502000,None,None,None,118000.0,None,None,None,None,None,None,None,None,None,None,None,None,None,None,None,None,None,None,None,None,None,3000000,USD,None,None,None,None,None,None,None,None,None,None,None,None,None,None,None,None,None,None,4000.0,None,None,None,3.5,3.68
17,2016-03-31,USD,0,0.0,0,0,0.0,0.0,544000.0,0,0.0,0,706000.0,None,0.0,0,0.0,None,None,None,0,0,0,0,0,0,0.0,0.0,None,USD,10117000,None,None,None,1630000,8487000.0,None,194000,None,None,1216000,None,616000,7865000,414000.0,None,None,None,502000,None,None,None,532000,None,None,None,220000.0,None,None,None,None,None,None,None,None,None,None,None,None,None,None,None,None,None,None,None,None,None,3000000,USD,None,None,None,None,None,None,None,None,None,None,None,None,None,None,None,None,None,None,4000.0,None,None,None,3.73,3.5
18,2015-12-31,USD,0,11303000.0,0,0,-11303000.0,-10296000.0,749000.0,0,-10296000.0,0,635000.0,None,-11303000.0,0,6000.0,None,None,None,0,0,0,0,1104000,0,-10199000.0,-10296000.0,None,USD,10598000,None,None,10000,1991000,8607000.0,None,197000,None,-79682000,1555000,None,599000,8588000,436000.0,197000,197000,2548000,524000,36928000,2048000,33545000,517000,1403000,1540000,None,239000.0,None,None,None,None,None,None,None,None,None,None,None,None,None,None,None,None,None,None,None,None,None,3000000,USD,-7602000,106000,-43000,-9000,None,8660000,1650000,-10000,-10199000,23858000,-10267000,None,628000,None,33753000,None,-744000,-357000,9000.0,None,None,None,3.9599,3.73
19,2015-09-30,USD,0,0.0,0,0,0.0,97000.0,283000.0,0,97000.0,0,480000.0,None,0.0,0,0.0,None,None,None,0,0,0,0,0,0,0.0,97000.0,None,USD,11382000,None,None,None,2101000,9281000.0,None,193000,None,None,1763000,None,527000,9233000,338000.0,None,None,None,557000,None,None,None,660000,None,None,None,145000.0,None,None,None,None,None,None,None,None,None,None,None,None,None,None,None,None,None,None,None,None,None,3000000,USD,None,12000,None,None,None,8586000,1636000,None,97000,None,None,None,None,None,None,None,None,None,8000.0,None,None,None,3.67,3.9599
