,fiscalDateEnding,reportedCurrency_x,totalRevenue,totalOperatingExpense,costOfRevenue,grossProfit,ebit,netIncome_x,researchAndDevelopment,effectOfAccountingCharges,incomeBeforeTax,minorityInterest,sellingGeneralAdministrative,otherNonOperatingIncome,operatingIncome,otherOperatingExpense,interestExpense,taxProvision,interestIncome,netInterestIncome,extraordinaryItems,nonRecurring,otherItems,incomeTaxExpense,totalOtherIncomeExpense,discontinuedOperations,netIncomeFromContinuingOperations,netIncomeApplicableToCommonShares,preferredStockAndOtherAdjustments,reportedCurrency_y,totalAssets,intangibleAssets,earningAssets,otherCurrentAssets,totalLiabilities,totalShareholderEquity,deferredLongTermLiabilities,otherCurrentLiabilities,commonStock,retainedEarnings,otherLiabilities,goodwill,otherAssets,cash,totalCurrentLiabilities,shortTermDebt,currentLongTermDebt,otherShareholderEquity,propertyPlantEquipment,totalCurrentAssets,longTermInvestments,netTangibleAssets,shortTermInvestments,netReceivables,longTermDebt,inventory,accountsPayable,totalPermanentEquity,additionalPaidInCapital,commonStockTotalEquity,preferredStockTotalEquity,retainedEarningsTotalEquity,treasuryStock,accumulatedAmortization,otherNonCurrrentAssets,deferredLongTermAssetCharges,totalNonCurrentAssets,capitalLeaseObligations,totalLongTermDebt,otherNonCurrentLiabilities,totalNonCurrentLiabilities,negativeGoodwill,warrants,preferredStockRedeemable,capitalSurplus,liabilitiesAndShareholderEquity,cashAndShortTermInvestments,accumulatedDepreciation,commonStockSharesOutstanding,reportedCurrency,investments,changeInLiabilities,cashflowFromInvestment,otherCashflowFromInvestment,netBorrowings,cashflowFromFinancing,otherCashflowFromFinancing,changeInOperatingActivities,netIncome_y,changeInCash,operatingCashflow,otherOperatingCashflow,depreciation,dividendPayout,stockSaleAndPurchase,changeInInventory,changeInAccountReceivables,changeInNetIncome,capitalExpenditures,changeInReceivables,changeInExchangeRate,changeInCashAndCashEquivalents,clossingVal,nextClossingVal
0,2020-06-30,USD,54926000,4382000,49509000,5417000,1034000,529000,None,None,560000,None,4198000,-1000,1035000,-5233000,474000,31000,None,-474000,None,None,None,31000,-1000,None,529000,529000,None,USD,138452000,4553000,None,1739000,95653000,42799000,None,24330000,17000,-339293000,80000,None,439000,2119000,64373000,13046000,13046000,-1842000,46382000,67588000,None,38246000,None,26119000,9500000,37611000,26997000,None,None,17000,None,-339293000,None,None,19929000,None,70864000,24314000,9500000,21780000,31280000,None,None,None,383917000,138452000,2119000,None,None,USD,-259000,-2340000,-259000,None,7058000,6848000,-210000,1474000,528000,-624000,-7213000,-498000,1582000,None,None,3143000,-9880000,252000,259000,-9880000,None,-624000,3.75,
1,2020-03-31,USD,48634000,4492000,42462000,6172000,1679000,954000,None,None,1006000,None,4309000,-1000,1680000,-5989000,673000,52000,-673000,-673000,None,None,None,52000,-1000,None,954000,954000,None,USD,134298000,4736000,None,2600000,92276000,42022000,None,25063000,17000,-339822000,66000,None,300000,2743000,70937000,16350000,16350000,-1842000,46989000,62341000,None,37286000,None,16244000,355000,40754000,29524000,None,None,17000,None,-339822000,-1842000,None,20232000,None,71957000,22959000,355000,20984000,21339000,None,None,None,383669000,134298000,2743000,None,17000000,USD,-670000,2888000,-670000,None,2240000,2022000,-218000,-1084000,954000,327000,-1025000,16000,1612000,None,None,-8891000,2037000,359000,670000,2037000,None,327000,1.4,3.75
2,2019-12-31,USD,49253000,5388000,45264000,3989000,-1261000,-1627000,None,None,-1651000,None,4314000,138000,-1399000,-2903000,390000,-24000,-390000,-390000,62000,None,None,-24000,138000,62000,-1627000,-1565000,None,USD,122866000,4919000,None,2124000,82106000,40760000,None,24589000,17000,-340776000,44000,None,314000,2416000,64293000,12917000,12917000,-1842000,46940000,54713000,None,35841000,None,18310000,505000,31863000,26787000,None,None,17000,None,-340776000,-1842000,None,16294000,None,68153000,19136000,505000,17308000,17813000,None,None,None,383361000,122866000,2416000,None,16000000,USD,-68000,3196000,-68000,1000,2549000,2277000,-272000,-442000,-1565000,2397000,188000,-9612000,2491000,None,0,-613000,4585000,145000,68000,4585000,None,2397000,1.66,1.4
3,2019-09-30,USD,46138000,4252000,42144000,3994000,-260000,-898000,None,None,-870000,None,4049000,-2000,-258000,-3791000,610000,28000,-610000,-610000,None,None,None,28000,-2000,62000,-898000,-898000,None,USD,126002000,5993000,None,2387000,84164000,41838000,None,33189000,16000,-339211000,64000,None,328000,15000,66133000,9592000,9592000,-1842000,47017000,56514000,None,35845000,None,22862000,802000,31250000,23352000,None,None,16000,None,-339211000,-1842000,None,16478000,None,69488000,19265000,802000,17229000,18031000,None,None,None,382875000,126002000,15000,None,16000000,USD,-593000,3832000,-593000,1000,-18144000,-18411000,-267000,515000,-898000,-59000,18945000,11329000,1616000,None,None,4508000,-2571000,231000,593000,-2571000,None,-59000,1.69,1.66
4,2019-06-30,USD,41169000,4098000,37277000,3892000,-222000,-1018000,None,None,-995000,None,3895000,-16000,-206000,-3689000,773000,23000,-773000,-773000,None,None,None,23000,-16000,62000,-1018000,-1018000,None,USD,129258000,6196000,None,1760000,87054000,42204000,None,21003000,16000,-338313000,69000,None,349000,74000,68414000,27555000,27555000,-1842000,48197000,57865000,None,36008000,None,20273000,998000,35758000,19856000,None,None,16000,None,-338313000,-1842000,None,17000000,None,71393000,19989000,998000,17642000,18640000,None,None,None,382343000,129258000,74000,None,16000000,USD,-606000,-4607000,-606000,1000,4154000,3905000,-249000,235000,-1018000,37000,-3262000,35000,1629000,None,None,-2814000,2234000,261000,606000,2234000,None,37000,2.22,1.69
5,2019-03-31,USD,41660000,4031000,12000,3537000,-496000,-1043000,None,None,-1032000,None,3828000,-2000,-494000,-3346000,536000,11000,-536000,-536000,1000,None,None,11000,-2000,1000,-1043000,-1042000,None,USD,129579000,6399000,None,1706000,86817000,42762000,None,20401000,16000,-337295000,65000,0,357000,37000,67818000,23199000,23199000,-1842000,48472000,57196000,None,36363000,None,22509000,1185000,32944000,24218000,None,None,16000,None,-337295000,-1842000,None,17512000,None,72383000,20369000,1185000,17814000,18999000,None,None,None,381883000,129579000,37000,None,16000000,USD,-576000,8453000,-576000,1000,11021000,10785000,-236000,448000,-1042000,-1141000,-11350000,-6481000,1761000,None,None,-10274000,-5040000,232000,577000,-5040000,None,-1141000,1.68,2.22
6,2018-12-31,USD,27187000,11669000,-29741000,-512000,-12069000,-12358000,0,0,-12543000,0,3606000,112000,-12181000,30724000,474000,None,None,None,-51000,7592000,0,-185000,-8198000,-51000,-12358000,-12409000,None,USD,99165000,6602000,None,1776000,55803000,43362000,None,23534000,16000,-336253000,1969000,4993000,398000,1177000,51855000,12897000,None,-1842000,49087000,43078000,None,31767000,None,17455000,1408000,22670000,15424000,None,None,16000,None,-336253000,-1842000,None,398000,None,61080000,571000,1979000,1969000,3948000,None,None,None,381441000,99165000,1177000,None,15000000,USD,None,-3789000,-213000,93000,-7997000,-7997000,-52000,-1161000,-12409000,1068000,9278000,3377000,2193000,None,-52000,870000,-741000,7335000,306000,-741000,None,1068000,1.3,1.68
7,2018-09-30,USD,31445000,4098000,157000,1486000,-365000,-750000,0,0,-737000,0,3627000,2247000,-2612000,-1172000,372000,None,None,None,0,0,0,13000,1718000,-33000,-750000,-783000,None,USD,108034000,14665000,None,1836000,52529000,55505000,0,7801000,16000,-323844000,2268000,0,412000,142000,47683000,20638000,None,-1842000,50711000,42246000,None,40840000,0,16727000,1760000,23541000,19244000,0,0,16000,0,-323844000,-1842000,None,412000,None,65788000,818000,2578000,2268000,4846000,None,None,None,381175000,108034000,142000,None,16000000,USD,None,-5000,241000,583000,4351000,4299000,-52000,807000,-783000,100000,-4440000,-3003000,2284000,0,-52000,-2811000,1197000,-2136000,342000,1197000,None,100000,2.18,1.3
8,2018-06-30,USD,36781000,7959000,116000,2223000,-5737000,-6083000,0,0,-6089000,0,2495000,-1000,-5736000,-1868000,352000,None,None,None,0,4993000,0,-6000,-5462000,-33000,-6083000,-6116000,None,USD,108653000,15136000,None,2331000,52708000,55945000,0,8681000,16000,-323061000,2303000,0,184000,76000,47864000,18804000,21345000,-1842000,52295000,41038000,None,40809000,0,17901000,1995000,20730000,20379000,0,0,16000,0,-323061000,-1842000,None,184000,None,67615000,546000,2541000,2303000,4844000,None,None,None,380832000,108653000,76000,None,15000000,USD,None,539000,-1447000,0,1008000,1008000,-52000,-1269000,-6116000,61000,500000,-7191000,2349000,0,0,1574000,-1966000,5184000,1447000,-1966000,None,61000,2.36,2.18
9,2018-03-31,USD,29967000,4405000,30099000,-132000,-4540000,-4811000,0,0,-4838000,0,3934000,-3000,-4537000,-29496000,298000,None,None,None,0,36000,0,-27000,-452000,-27000,-4811000,-4838000,None,USD,115145000,15607000,None,2398000,53482000,61663000,0,10017000,16000,-316945000,2333000,4993000,20795000,26000,48881000,18913000,114000,-1842000,53707000,40643000,None,41063000,0,15925000,1523000,22294000,19951000,0,0,16000,0,-316945000,-1842000,None,195000,None,74502000,745000,2268000,2333000,4601000,None,None,None,380434000,115145000,26000,None,15000000,USD,None,4609000,-229000,0,3497000,3497000,-52000,464000,-4838000,-25000,-3293000,-5636000,2357000,0,0,-2577000,-2266000,193000,229000,-2266000,None,-25000,2.2,2.36
10,2017-12-31,USD,17768000,3588000,20869000,-3101000,-6703000,-6928000,0,0,-6917000,0,3117000,-14000,-6689000,471000,214000,None,None,None,0,108000,0,11000,839000,354000,-6928000,-6981000,None,USD,112350000,16078000,None,2378000,46279000,66071000,0,9821000,15000,-312107000,3557000,4993000,21278000,78000,40984000,15014000,114000,-1842000,55693000,35379000,None,45000000,0,13644000,797000,19279000,16149000,0,0,15000,0,-312107000,-1842000,None,207000,None,76971000,941000,1738000,3557000,5295000,None,None,None,380005000,112350000,78000,None,15000000,USD,3171000,10828000,-649000,67000,3447000,3447000,-52000,-4396000,-6981000,75000,-2723000,-7951000,2428000,0,0,-3871000,884000,202000,716000,-4397000,None,75000,2.72,2.2
11,2017-09-30,USD,29595000,2845000,28581000,1014000,-1843000,-2049000,0,0,-2071000,0,2374000,-12000,-1831000,471000,228000,None,None,None,0,-144000,0,-22000,-52000,-1340000,-2049000,-2207000,None,USD,105284000,16549000,None,2442000,32535000,72749000,0,2408000,15000,-305126000,3603000,4882000,21669000,41000,27395000,11361000,12898000,-1842000,56452000,27163000,None,51318000,0,9271000,1537000,15409000,13626000,0,0,15000,0,-305126000,-1842000,None,238000,None,78121000,1537000,1537000,3603000,5140000,None,None,None,379702000,105284000,41000,None,15000000,USD,None,-10636000,-1730000,-62000,-6183000,-6183000,None,-1385000,-2207000,-37000,7876000,-2399000,2267000,0,0,6342000,5281000,71000,1668000,12127000,None,-37000,3.24,2.72
12,2017-06-30,USD,43362000,4388000,39490000,3872000,-487000,-688000,0,0,-704000,0,3917000,29000,-516000,471000,217000,None,None,None,0,36000,0,-16000,-49000,683000,-688000,-780000,None,USD,124985000,17020000,None,2094000,50393000,74592000,0,5622000,15000,-302919000,3674000,5218000,22491000,182000,42330000,14692000,19081000,-1842000,57398000,45096000,None,52354000,0,21471000,2600000,21349000,22016000,0,0,15000,0,-302919000,-1842000,None,253000,None,79889000,1789000,4389000,3674000,8063000,None,None,None,379338000,124985000,182000,None,15000000,USD,None,-14706000,-768000,275000,7016000,7016000,109000,-626000,5547000,-110000,-6358000,-493000,2203000,0,0,4204000,6846000,233000,1043000,2191000,None,-110000,5.04,3.24
13,2017-03-31,USD,56060000,4771000,49686000,6374000,1603000,6482000,0,0,1464000,0,4420000,None,1603000,351000,139000,None,None,None,0,0,0,-5018000,-139000,-155000,6482000,6327000,None,USD,131688000,17491000,None,2653000,56556000,75132000,0,13945000,15000,-302139000,4098000,5568000,23333000,255000,48940000,6964000,10482000,-1842000,55982000,52373000,None,52073000,39000,23690000,2600000,25775000,28031000,0,0,15000,0,-302139000,-1842000,None,274000,None,79315000,918000,3518000,4098000,7616000,None,None,None,379098000,131688000,255000,None,15000000,USD,3171000,-3913000,-16747000,-16657000,6380000,6380000,-109000,-1694000,6327000,-18512000,-8145000,7144000,2101000,0,0,382000,9037000,-4748000,3261000,-9037000,None,-18512000,8.33,5.04
14,2016-12-31,USD,48151000,4112000,43447000,4704000,614000,406000,0,0,420000,0,4001000,22000,592000,111000,194000,None,None,None,0,0,0,14000,-461000,-1016000,406000,298000,None,USD,117662000,4572000,None,3257000,49079000,68583000,0,18504000,15000,-308466000,2190000,0,4866000,18738000,43251000,465000,4103000,-1842000,54606000,58190000,None,64011000,3171000,11865000,2600000,21159000,24282000,0,0,15000,0,-308466000,-1842000,None,294000,None,59472000,1038000,3638000,2190000,5828000,None,None,None,378876000,117662000,21909000,None,15000000,USD,13043000,-10093000,10355000,-71000,-39000,-39000,70000,-1511000,298000,10549000,233000,324000,1776000,0,19000,5073000,-2141000,52000,2617000,3046000,None,10549000,4.045,8.33
15,2016-09-30,USD,42552000,3971000,35637000,5331000,1370000,1245000,0,0,1245000,0,3860000,10000,1360000,111000,125000,None,None,None,0,0,0,8000,32000,0,1245000,872000,None,USD,125636000,4683000,None,3369000,57512000,68124000,0,22031000,15000,-308764000,2331000,0,5006000,8091000,52165000,156000,None,-1842000,51761000,68869000,None,63441000,16252000,14926000,2600000,26231000,29978000,0,0,15000,0,-308764000,-1842000,None,323000,None,56767000,416000,3016000,2331000,5347000,None,None,None,378715000,125636000,24343000,None,15000000,USD,-12609000,16588000,-13519000,237000,-172000,-153000,None,None,872000,401000,15279000,6000,1695000,0,19000,-5184000,5187000,75000,2041000,1978000,None,401000,4.4,4.045
16,2016-06-30,USD,43380000,3961000,39238000,4142000,186000,42000,0,0,34000,0,3850000,5000,181000,111000,152000,None,None,None,0,0,0,-8000,-5000,0,42000,-474000,None,USD,108468000,4794000,None,2970000,41395000,67073000,0,12343000,15000,-309636000,2310000,0,5130000,7540000,36034000,297000,None,None,51310000,52028000,None,62279000,3605000,16866000,2600000,21047000,23394000,0,0,15000,0,-309636000,-1842000,None,336000,None,56440000,451000,3051000,2310000,5361000,None,None,None,378536000,108468000,11145000,None,15000000,USD,2091000,3292000,1629000,706000,-2801000,-2801000,None,None,0,-2445000,-1273000,65000,1786000,0,0,-2177000,7165000,254000,1016000,-4412000,None,-2445000,4.22,4.4
17,2016-03-31,USD,46757000,4186000,42795000,3962000,-212000,-358000,0,0,-366000,0,4075000,12000,-224000,111000,154000,None,None,None,0,0,0,-8000,-142000,0,-358000,-377000,None,USD,107715000,4905000,None,4227000,40341000,67374000,0,8477000,15000,-309162000,2549000,0,5262000,9750000,35192000,2920000,None,None,51451000,51002000,None,62469000,5696000,12459000,2600000,18870000,23795000,0,0,15000,0,-309162000,-1842000,None,357000,None,56713000,None,2600000,2549000,5149000,None,None,None,378363000,107715000,15446000,None,15000000,USD,483000,-444000,-423000,195000,-326000,-326000,-12000,None,0,2312000,3061000,-868000,1657000,0,0,5348000,2753000,947000,950000,-2753000,None,2312000,3.01,4.22
18,2015-12-31,USD,33089000,3719000,36026000,-2937000,-6335000,-6463000,0,0,-6488000,0,3422000,321000,-6656000,-763000,153000,None,None,None,0,1060000,0,-25000,-1055000,-9561000,-6463000,-10794000,None,USD,109907000,5016000,None,5933000,42415000,67492000,0,11553000,15000,-308785000,3060000,0,5367000,6519000,36755000,3246000,2799000,None,51906000,52634000,None,62476000,6179000,9784000,2600000,24219000,21956000,0,0,15000,0,-308785000,-1842000,None,351000,None,57273000,None,2600000,3060000,5660000,None,None,None,378104000,109907000,12698000,None,15000000,USD,-6179000,214000,-6686000,3232000,-2231000,-2231000,4000,-1550000,-21807000,299000,9216000,-10713000,2319000,0,0,9868000,7223000,-1667000,507000,7352000,None,299000,2.08,3.01
19,2015-09-30,USD,49791000,4966000,46960000,2831000,-2199000,-2383000,0,0,-2409000,0,3981000,-64000,-2135000,985000,210000,None,None,None,0,0,0,-26000,-71000,0,-2383000,-7613000,None,USD,123467000,5127000,None,8401000,45200000,78267000,0,8818000,15000,-297991000,2993000,0,5479000,4826000,39607000,5540000,None,None,53558000,64430000,None,73140000,83000,17116000,2600000,34087000,25249000,0,0,15000,0,-297991000,-1842000,None,352000,None,59037000,None,2600000,2993000,5593000,None,None,None,378085000,123467000,4826000,None,15000000,USD,None,-1455000,478000,788000,-788000,-788000,-7000,None,0,8093000,8403000,1428000,1763000,0,0,5288000,129000,-3301000,678000,1196000,None,8093000,2.07,2.08
