,fiscalDateEnding,reportedCurrency_x,totalRevenue,totalOperatingExpense,costOfRevenue,grossProfit,ebit,netIncome_x,researchAndDevelopment,effectOfAccountingCharges,incomeBeforeTax,minorityInterest,sellingGeneralAdministrative,otherNonOperatingIncome,operatingIncome,otherOperatingExpense,interestExpense,taxProvision,interestIncome,netInterestIncome,extraordinaryItems,nonRecurring,otherItems,incomeTaxExpense,totalOtherIncomeExpense,discontinuedOperations,netIncomeFromContinuingOperations,netIncomeApplicableToCommonShares,preferredStockAndOtherAdjustments,reportedCurrency_y,totalAssets,intangibleAssets,earningAssets,otherCurrentAssets,totalLiabilities,totalShareholderEquity,deferredLongTermLiabilities,otherCurrentLiabilities,commonStock,retainedEarnings,otherLiabilities,goodwill,otherAssets,cash,totalCurrentLiabilities,shortTermDebt,currentLongTermDebt,otherShareholderEquity,propertyPlantEquipment,totalCurrentAssets,longTermInvestments,netTangibleAssets,shortTermInvestments,netReceivables,longTermDebt,inventory,accountsPayable,totalPermanentEquity,additionalPaidInCapital,commonStockTotalEquity,preferredStockTotalEquity,retainedEarningsTotalEquity,treasuryStock,accumulatedAmortization,otherNonCurrrentAssets,deferredLongTermAssetCharges,totalNonCurrentAssets,capitalLeaseObligations,totalLongTermDebt,otherNonCurrentLiabilities,totalNonCurrentLiabilities,negativeGoodwill,warrants,preferredStockRedeemable,capitalSurplus,liabilitiesAndShareholderEquity,cashAndShortTermInvestments,accumulatedDepreciation,commonStockSharesOutstanding,reportedCurrency,investments,changeInLiabilities,cashflowFromInvestment,otherCashflowFromInvestment,netBorrowings,cashflowFromFinancing,otherCashflowFromFinancing,changeInOperatingActivities,netIncome_y,changeInCash,operatingCashflow,otherOperatingCashflow,depreciation,dividendPayout,stockSaleAndPurchase,changeInInventory,changeInAccountReceivables,changeInNetIncome,capitalExpenditures,changeInReceivables,changeInExchangeRate,changeInCashAndCashEquivalents,clossingVal,nextClossingVal
0,2020-06-30,USD,3253000,None,None,None,None,216000,None,None,-129000,None,2323000,None,None,180000,1537000,-345000,4568000,3031000,None,None,None,-345000,None,None,216000,214000,None,USD,491304000,None,None,None,441784000,49520000,None,None,306000,8608000,1076000,None,383827000,39848000,None,None,None,-718000,2730000,None,10303000,49520000,10192000,1291000,120325000,None,None,None,None,None,None,None,None,None,None,None,None,None,None,None,None,None,None,None,None,None,None,None,None,USD,7234000,-278000,7234000,-76000,1245000,-16126000,-17371000,1135000,216000,-11877000,-2985000,None,-76000,None,None,None,58000,-4117000,189000,None,None,None,2.11,
1,2020-03-31,USD,3095000,3149000,None,3066000,92000,-33000,None,None,-83000,None,2400000,175000,-83000,125000,1673000,-50000,4571000,2898000,None,None,None,-50000,None,None,-33000,-33000,None,USD,506039000,None,84923000,None,456959000,49080000,None,333149000,306000,8392000,485000,None,390419000,51725000,337394000,None,None,-842000,2731000,56584000,10824000,49080000,10706000,1349000,119080000,None,4245000,None,None,None,None,8392000,-5326000,None,4042000,None,5161000,None,4080000,115485000,119565000,None,None,None,46550000,506039000,55235000,None,27000000,USD,16158000,7000,16158000,-594000,30745000,66170000,35425000,-999000,-33000,36159000,-46169000,19742000,191000,None,None,None,-126000,-45268000,139000,-126000,None,36159000,1.31,2.11
2,2019-12-31,USD,2824000,2845000,None,2693000,-200000,-69000,None,None,-152000,None,1947000,-48000,-152000,324000,1580000,-83000,4374000,2794000,None,None,None,-83000,None,None,-69000,-71000,None,USD,440369000,None,26635000,None,391521000,48848000,None,297724000,305000,8425000,1033000,None,406712000,15566000,302153000,None,None,-982000,2783000,19705000,11169000,48848000,11006000,1223000,88335000,None,4429000,None,None,None,None,8425000,-5326000,None,3808000,None,5220000,None,4335000,85033000,89368000,None,None,None,46426000,440369000,18482000,None,27000000,USD,-32651000,-75000,-32651000,-594000,8745000,26402000,17657000,-388000,-69000,-6256000,-7000,22628000,56000,None,None,None,-41000,416000,8000,-41000,None,-6256000,1.54,1.31
3,2019-09-30,USD,2736000,3107000,None,2653000,-391000,-279000,None,None,-455000,None,2252000,64000,-454000,195000,1623000,-176000,4015000,2392000,None,None,None,-176000,-210000,None,-279000,-275000,None,USD,414618000,None,41849000,9357000,365758000,48860000,None,280067000,305000,8494000,1528000,None,363681000,21822000,283773000,None,None,-966000,2963000,25920000,13879000,48860000,13671000,1182000,79590000,None,4573000,None,None,None,None,8494000,-5326000,None,3958000,None,5131000,None,4590000,76528000,81118000,None,None,None,46353000,414618000,24738000,None,27000000,USD,-1094000,-178000,-1094000,-594000,-255000,-16000000,-15731000,945000,-279000,1676000,18770000,435000,56000,None,None,None,72000,18089000,10000,72000,None,1676000,1.54,1.54
4,2019-06-30,USD,2601000,2979000,None,2710000,-106000,-135000,None,None,-263000,None,2227000,157000,-269000,205000,1623000,-128000,4085000,2462000,None,None,None,-128000,6000,None,-135000,-133000,None,USD,429844000,None,60914000,27339000,380828000,49016000,None,295798000,305000,8773000,1084000,None,361949000,20146000,298903000,None,None,-1028000,3140000,24316000,14354000,49016000,14110000,1254000,79845000,None,4101000,None,None,None,None,8773000,-5326000,None,3879000,None,4972000,None,4845000,76084000,80929000,None,None,None,46292000,429844000,23062000,None,27000000,USD,2491000,-129000,2491000,-594000,-255000,8889000,9144000,35000,-135000,921000,-10459000,765000,56000,None,None,None,-48000,-10272000,23000,-48000,None,921000,1.42,1.54
5,2019-03-31,USD,3189000,2980000,None,3330000,515000,277000,None,None,319000,None,2232000,196000,350000,171000,1560000,42000,4373000,2813000,None,None,None,42000,-31000,None,277000,273000,None,USD,421146000,None,38990000,6360000,372195000,48951000,None,286654000,305000,8908000,563000,None,4889000,19225000,290432000,None,None,-145000,3328000,23347000,14810000,48951000,14517000,1206000,5100000,820000,4878000,None,None,None,None,8908000,-5326000,None,4076000,None,4889000,None,5100000,75563000,80663000,None,None,None,46219000,421146000,22141000,None,27000000,USD,-7895000,366000,-7895000,-7870000,5000000,10240000,10240000,-180000,277000,2574000,229000,-485000,59000,None,None,None,-63000,8000,25000,-63000,None,2574000,1.4,1.42
6,2018-12-31,USD,2896000,2800000,0,2896000,268000,275000,0,0,96000,0,2800000,172000,96000,619000,1484000,-179000,3942000,2458000,0,0,0,-179000,132000,0,275000,275000,None,USD,409397000,None,36738000,7374000,360961000,48436000,None,281414000,300000,8631000,1055000,None,364317000,19567000,284806000,8765000,8765000,-1310000,3075000,20710000,376509000,48436000,None,1143000,5100000,833000,3392000,None,None,None,None,8631000,-5326000,None,4058000,None,5045000,None,5100000,71055000,76155000,None,None,None,46141000,409397000,19567000,None,27000000,USD,372000,-556000,366000,-741000,-12000000,-9471000,2529000,-853000,275000,3237000,12342000,19272000,352000,None,None,None,None,-7099000,6000,98000,None,3237000,1.05,1.4
7,2018-09-30,USD,3884000,2801000,399000,3884000,978000,751000,0,0,1083000,0,2801000,-105000,1083000,169000,1399000,None,None,None,0,0,0,332000,-46000,0,751000,751000,None,USD,419466000,0,None,20328000,371453000,48013000,0,278885000,300000,8356000,1520000,0,364045000,16330000,282833000,None,None,-1448000,3129000,17571000,389602000,48013000,0,1241000,5100000,833000,3948000,0,0,0,0,8356000,-5326000,None,4261000,None,4903000,None,5100000,83520000,88620000,None,None,None,46131000,419466000,16330000,None,27000000,USD,11112000,466000,11084000,0,-2000000,5619000,7619000,981000,751000,-184000,-16887000,540000,113000,0,0,0,0,-18632000,28000,-125000,None,-184000,1.41,1.05
8,2018-06-30,USD,2742000,2923000,1062000,2742000,-257000,-127000,0,0,-181000,0,2923000,-76000,-181000,204000,1062000,None,None,None,0,0,0,-54000,-24000,0,-127000,-127000,None,USD,412060000,0,None,2195000,364759000,47301000,0,271266000,300000,7605000,911000,0,373773000,16514000,274748000,89100000,89100000,-1394000,3161000,17630000,381864000,47301000,0,1116000,5100000,833000,3482000,0,0,0,0,7605000,-5326000,None,4203000,None,5202000,None,5100000,84911000,90011000,None,None,None,46116000,412060000,16514000,None,27000000,USD,-18084000,453000,-18116000,0,19000000,9936000,-9064000,1052000,-127000,-2649000,5531000,682000,193000,0,0,4431000,0,4285000,32000,45000,None,-2649000,2.2,1.41
9,2018-03-31,USD,2905000,3032000,984000,2905000,-410000,-84000,0,0,-127000,0,3032000,-283000,-127000,125000,984000,None,None,None,0,0,0,-43000,-62000,0,-84000,-84000,None,USD,401498000,0,None,6589000,354053000,47445000,0,280330000,300000,7732000,594000,0,355375000,19163000,283359000,70100000,70100000,-1359000,3188000,20324000,368340000,47445000,0,1161000,5100000,833000,3029000,0,0,0,0,7732000,-5326000,None,4521000,None,5125000,None,5100000,65594000,70694000,None,None,None,46098000,401498000,19163000,None,27000000,USD,5859000,-483000,5848000,0,19000000,-11068000,-11068000,-1129000,-84000,-5972000,-752000,-502000,224000,0,0,71000,0,181000,11000,-88000,None,-5972000,2.11,2.2
10,2017-12-31,USD,3313000,3069000,901000,3313000,143000,-399000,0,0,244000,0,3069000,-101000,244000,3264000,3243000,None,None,None,0,0,0,643000,1183000,0,-399000,-399000,None,USD,413704000,24000,None,23443000,365973000,47731000,0,291290000,300000,7816000,4583000,0,30980000,25135000,294802000,27500000,27500000,-1176000,3284000,43702000,357221000,47731000,17494000,1073000,5100000,23248000,3512000,0,0,0,0,7816000,-5326000,None,4387000,None,5110000,None,5100000,66071000,71171000,None,None,None,46117000,413704000,42629000,None,27000000,USD,-20401000,-1468000,-20407000,-343000,-21000000,-24630000,-3630000,-1115000,-399000,-46126000,-1089000,97947000,163000,0,0,0,105000,-97372000,6000,40000,None,-46126000,2.36,2.11
11,2017-09-30,USD,3844000,3057000,805000,3844000,787000,503000,0,0,787000,0,3057000,None,787000,-3538000,-29000,None,None,None,0,0,0,284000,0,0,503000,503000,None,USD,440652000,0,None,23634000,392537000,48115000,0,294920000,300000,8281000,6517000,0,25844000,71261000,299900000,91100000,91100000,-1213000,3420000,83848000,343043000,48115000,11474000,1113000,5100000,23479000,4980000,0,0,0,0,8281000,-5326000,None,4645000,None,5696000,None,5100000,87537000,92637000,None,None,None,46073000,440652000,82735000,None,27000000,USD,20258000,985000,20240000,0,-18000000,3073000,21073000,1617000,503000,51510000,28197000,798000,153000,0,0,0,65000,25768000,18000,-10000,None,51510000,2.32,2.36
12,2017-06-30,USD,3624000,2668000,834000,3624000,965000,533000,0,0,956000,0,2668000,9000,956000,1864000,76000,None,None,None,0,0,0,423000,0,0,533000,533000,None,USD,435495000,0,None,40140000,387951000,47544000,0,273847000,300000,7778000,5004000,0,26806000,19751000,277842000,109100000,109100000,-1234000,2509000,32883000,389345000,47544000,12029000,1103000,5100000,39037000,3995000,0,0,0,0,7778000,-5326000,None,4783000,None,5975000,None,5100000,105009000,110109000,None,None,None,46026000,435495000,31780000,None,27000000,USD,12091000,-84000,12012000,0,3000000,-19717000,-22717000,1581000,533000,-10374000,-2669000,1914000,156000,0,0,0,75000,-5255000,79000,67000,None,-10374000,2.11,2.32
13,2017-03-31,USD,4788000,3043000,708000,4788000,1739000,1232000,0,0,1745000,0,3043000,-6000,1745000,-350000,1058000,None,None,None,0,0,0,513000,0,0,1232000,1232000,None,USD,454135000,0,None,None,407244000,46891000,0,296564000,300000,7245000,4580000,0,28938000,30044000,300643000,101000000,101000000,-1261000,2494000,43768000,395494000,46891000,12554000,1170000,5100000,33756000,4079000,0,0,0,0,7245000,-5326000,None,5975000,None,6404000,None,5100000,101501000,106601000,None,None,None,45933000,454135000,42598000,None,27000000,USD,18387000,-1123000,18307000,0,16000000,25137000,9137000,-1478000,1232000,8779000,-34665000,-1429000,124000,0,0,0,8000,-33477000,80000,8000,None,8779000,1.81,2.11
14,2016-12-31,USD,3033000,3059000,1014000,3033000,-299000,2201000,0,0,-26000,0,3059000,-273000,-26000,903000,2890000,None,None,None,0,0,0,-2227000,0,0,2201000,2201000,None,USD,429083000,32000,None,1178000,383557000,45526000,0,287427000,299000,6013000,6030000,0,28720000,21003000,292629000,90100000,90100000,-1279000,2479000,35383000,379454000,45526000,13202000,1178000,5100000,0,5202000,0,0,0,0,6013000,-5326000,None,4860000,None,6907000,None,5100000,85828000,90928000,None,None,None,45819000,429083000,34205000,None,29000000,USD,-33951000,613000,-34066000,382000,15000000,13281000,1153000,-412000,2201000,-19851000,934000,420000,11000,0,-2872000,0,0,-2233000,115000,-78000,None,-19851000,1.635,1.81
15,2016-09-30,USD,3170000,2843000,987000,3170000,259000,327000,0,0,327000,0,2843000,-68000,327000,0,55000,None,None,None,0,0,0,0,0,0,327000,327000,None,USD,413373000,0,None,None,365852000,47521000,0,285098000,292000,3812000,5654000,0,27931000,40854000,289687000,None,None,54000,2428000,56290000,344733000,47521000,14336000,1100000,5100000,0,4589000,0,0,0,0,3812000,-1329000,None,5358000,None,4564000,None,5100000,71065000,76165000,None,None,None,44692000,413373000,55190000,None,29000000,USD,-2567000,-1045000,-2586000,382000,None,5326000,5326000,None,327000,2591000,-149000,285000,257000,0,0,0,0,-13000,19000,40000,None,2591000,1.76,1.635
16,2016-06-30,USD,3290000,2971000,682000,3290000,362000,319000,0,0,319000,0,2971000,43000,319000,0,-12000,None,None,None,0,0,0,-2000,0,0,319000,319000,None,USD,408393000,0,None,None,361169000,47224000,0,279772000,292000,3485000,6297000,0,28967000,38263000,285406000,None,None,94000,2472000,54856000,341264000,47224000,15453000,1140000,5100000,0,5634000,0,0,0,0,3485000,-1329000,None,5274000,None,4527000,None,5100000,70663000,75763000,None,None,None,44682000,408393000,53716000,None,29000000,USD,-21379000,50000,-21392000,382000,-2000000,20363000,22363000,None,319000,-301000,728000,505000,157000,0,0,0,0,-254000,13000,-49000,None,-301000,1.81,1.76
17,2016-03-31,USD,3514000,2879000,644000,3514000,755000,633000,0,0,635000,0,2879000,120000,635000,0,944000,None,None,None,0,0,0,2000,0,0,633000,633000,None,USD,387280000,0,None,None,340390000,46890000,0,257409000,292000,3166000,5881000,0,28886000,38564000,262993000,None,None,89000,2522000,54864000,319881000,46890000,15209000,1091000,5100000,0,5584000,0,0,0,0,3166000,-1329000,None,5448000,None,4565000,None,5100000,72297000,77397000,None,None,None,44672000,387280000,53773000,None,29000000,USD,-16429000,-788000,-16060000,382000,None,-15205000,-15205000,None,633000,-31848000,-583000,-259000,179000,0,0,0,0,-334000,13000,-14000,None,-31848000,1.9295,1.81
18,2015-12-31,USD,5180000,4128000,-731000,5180000,925000,5642000,0,0,1052000,0,4128000,-127000,1052000,1284000,2933000,None,None,None,0,0,0,-4590000,-429000,0,5642000,5642000,None,USD,402912000,41000,None,1077000,356749000,46163000,0,272614000,292000,2533000,7035000,0,27972000,70412000,278986000,77100000,77100000,-2000,2930000,85629000,304171000,46163000,14140000,1077000,5100000,360000,6372000,0,0,0,0,2533000,-1329000,None,5588000,None,4594000,None,5100000,72663000,77763000,None,None,None,44669000,402912000,84552000,None,29000000,USD,-98602000,2136000,-98067000,558000,-5500000,-7807000,-2307000,3303000,5642000,-82642000,23232000,1200000,198000,0,0,10937000,139000,14170000,23000,-114000,None,-82642000,1.51,1.9295
19,2015-09-30,USD,3990000,3003000,731000,3990000,1008000,979000,0,0,987000,0,3003000,21000,987000,0,-40000,None,None,None,0,0,0,8000,0,0,979000,979000,None,USD,403907000,0,None,None,363259000,40648000,0,274921000,292000,-3109000,5738000,0,24217000,153054000,279157000,None,None,125000,3166000,168813000,226043000,40648000,14796000,963000,5100000,28503000,4236000,0,0,0,0,-3109000,-1329000,None,5885000,None,235094000,None,5100000,79002000,84102000,None,None,None,44669000,403907000,167850000,None,29000000,USD,48608000,454000,50268000,1700000,None,42769000,42769000,None,979000,98820000,5783000,274000,167000,0,0,0,253000,3822000,40000,87000,None,98820000,1.21,1.51
