,fiscalDateEnding,reportedCurrency_x,totalRevenue,totalOperatingExpense,costOfRevenue,grossProfit,ebit,netIncome_x,researchAndDevelopment,effectOfAccountingCharges,incomeBeforeTax,minorityInterest,sellingGeneralAdministrative,otherNonOperatingIncome,operatingIncome,otherOperatingExpense,interestExpense,taxProvision,interestIncome,netInterestIncome,extraordinaryItems,nonRecurring,otherItems,incomeTaxExpense,totalOtherIncomeExpense,discontinuedOperations,netIncomeFromContinuingOperations,netIncomeApplicableToCommonShares,preferredStockAndOtherAdjustments,reportedCurrency_y,totalAssets,intangibleAssets,earningAssets,otherCurrentAssets,totalLiabilities,totalShareholderEquity,deferredLongTermLiabilities,otherCurrentLiabilities,commonStock,retainedEarnings,otherLiabilities,goodwill,otherAssets,cash,totalCurrentLiabilities,shortTermDebt,currentLongTermDebt,otherShareholderEquity,propertyPlantEquipment,totalCurrentAssets,longTermInvestments,netTangibleAssets,shortTermInvestments,netReceivables,longTermDebt,inventory,accountsPayable,totalPermanentEquity,additionalPaidInCapital,commonStockTotalEquity,preferredStockTotalEquity,retainedEarningsTotalEquity,treasuryStock,accumulatedAmortization,otherNonCurrrentAssets,deferredLongTermAssetCharges,totalNonCurrentAssets,capitalLeaseObligations,totalLongTermDebt,otherNonCurrentLiabilities,totalNonCurrentLiabilities,negativeGoodwill,warrants,preferredStockRedeemable,capitalSurplus,liabilitiesAndShareholderEquity,cashAndShortTermInvestments,accumulatedDepreciation,commonStockSharesOutstanding,reportedCurrency,investments,changeInLiabilities,cashflowFromInvestment,otherCashflowFromInvestment,netBorrowings,cashflowFromFinancing,otherCashflowFromFinancing,changeInOperatingActivities,netIncome_y,changeInCash,operatingCashflow,otherOperatingCashflow,depreciation,dividendPayout,stockSaleAndPurchase,changeInInventory,changeInAccountReceivables,changeInNetIncome,capitalExpenditures,changeInReceivables,changeInExchangeRate,changeInCashAndCashEquivalents,clossingVal,nextClossingVal
0,2020-06-30,USD,0,20752000,None,None,-20391000,-20391000,15656000,None,-20391000,None,5096000,361000,-20752000,None,None,None,361000,361000,None,None,None,None,None,None,-20391000,-20391000,None,USD,164927000,None,None,1497000,21643000,143284000,None,1994000,7000,-330938000,None,None,1041000,114895000,15852000,None,None,117000,808000,156552000,None,143284000,39237000,923000,None,None,15852000,None,None,7000,None,-330938000,None,None,7567000,None,8375000,7381000,None,5791000,5791000,None,None,None,474098000,164927000,154132000,None,70559000,USD,58523000,118000,58523000,None,None,33900000,33462000,-49000,-20391000,74428000,-17995000,555000,16000,None,438000,None,53000,1654000,0,53000,None,74428000,5.28,
1,2020-03-31,USD,0,25071000,None,None,-24446000,-24446000,20125000,None,-24446000,None,4946000,625000,-25071000,None,None,None,625000,625000,None,None,None,None,None,None,-24446000,-24446000,None,USD,149678000,None,None,1796000,22013000,127665000,None,2566000,6000,-310547000,None,None,998000,40467000,15753000,None,None,75000,900000,137876000,3006000,127665000,94637000,976000,None,None,15753000,None,None,6000,None,-310547000,None,None,7896000,None,11802000,7793000,None,6260000,6260000,None,None,None,438131000,149678000,135104000,None,64687000,USD,-601000,-4000000,-614000,-601000,None,7659000,None,-3132000,-24446000,-19970000,-27015000,315000,20000,None,7659000,None,-494000,1590000,13000,-494000,None,-19970000,4.44,5.28
2,2019-12-31,USD,0,22453000,17902000,-17902000,-21012000,-21728000,17902000,None,-21728000,None,4551000,1441000,-22453000,None,None,None,725000,725000,None,None,None,None,725000,None,-21728000,-21728000,None,USD,168768000,None,None,1953000,26342000,142426000,None,1547000,6000,-286101000,None,None,720000,60437000,19624000,None,None,42000,992000,159796000,None,142426000,96924000,482000,None,None,19624000,None,None,6000,None,-286101000,None,None,7980000,None,8972000,8196000,None,6718000,6718000,None,None,None,428479000,168768000,157361000,None,63514000,USD,15153000,1113000,15154000,-10777000,None,42017000,None,-1005000,-21728000,38776000,-18395000,-26000,-54000,None,42017000,None,1230000,1070000,1000,1230000,None,38776000,5.71,4.44
3,2019-09-30,USD,0,21127000,17221000,-17221000,-20293000,-20293000,17221000,None,-20293000,None,3906000,834000,-21127000,None,None,None,834000,834000,None,None,None,None,834000,None,-20293000,-20293000,None,USD,146319000,None,None,1492000,25660000,120659000,None,3281000,5000,-264373000,None,None,801000,21661000,18505000,None,None,65000,1106000,136798000,None,120659000,111933000,1712000,None,None,18505000,None,None,5000,None,-264373000,None,None,8415000,None,9521000,8584000,None,7155000,7155000,None,None,None,384962000,146319000,133594000,None,53775000,USD,-35200000,-706000,-35208000,-25930000,None,-247000,-284000,-571000,-20293000,-55131000,-19676000,303000,-170000,None,37000,None,28000,1162000,8000,28000,None,-55131000,3.09,5.71
4,2019-06-30,USD,0,24912000,20928000,-20928000,-24152000,-24152000,20928000,None,-24152000,None,3984000,760000,-24912000,None,None,None,760000,760000,None,None,None,None,760000,None,-24152000,-24152000,None,USD,166376000,None,None,1526000,26994000,139382000,None,3519000,5000,-244080000,None,None,724000,76792000,19418000,None,None,38000,1214000,156478000,None,139382000,76420000,1740000,None,None,19418000,None,None,5000,None,-244080000,None,None,8684000,None,9898000,8952000,None,7576000,7576000,None,None,None,383419000,166376000,153212000,None,53771000,USD,274000,1159000,274000,9270000,None,55984000,54044000,1659000,-24152000,36208000,-20050000,845000,-109000,None,1940000,None,773000,1434000,8000,773000,None,36208000,3.9,3.09
5,2019-03-31,USD,0,24403000,20239000,-20239000,-24403000,-23687000,20239000,None,-23687000,None,4164000,None,-24403000,None,-716000,None,716000,716000,None,None,None,None,716000,None,-23687000,-23687000,None,USD,131906000,None,None,1686000,25932000,105974000,None,1325000,4000,-219928000,None,None,1072000,40584000,17944000,1325000,1325000,-7000,1339000,121198000,None,105974000,76415000,2513000,7988000,None,17944000,None,None,4000,None,-219928000,None,None,9369000,None,10708000,9313000,None,7988000,7988000,None,None,None,325905000,131906000,116999000,None,39083000,USD,8996000,1826000,8996000,8996000,None,1154000,None,1287000,-23687000,-10474000,-20624000,507000,-85000,None,1154000,None,-516000,1331000,8000,-516000,None,-10474000,6.74,3.9
6,2018-12-31,USD,22254000,20224000,16977000,-16977000,-20224000,-19499000,16977000,0,-19499000,0,3247000,None,-20224000,0,-725000,None,None,None,0,0,0,0,725000,0,-19499000,-19499000,None,USD,142725000,None,None,2102000,16011000,126714000,1130000,2467000,4000,-196170000,1130000,None,1009000,51058000,14881000,None,None,-113000,1464000,140252000,None,126714000,85095000,1997000,None,None,14881000,None,None,4000,None,-196170000,None,None,1009000,None,2473000,None,None,None,1130000,None,None,None,322993000,142725000,136153000,None,38834000,USD,-4565000,4299000,-4595000,53013000,None,8406000,None,3259000,-19499000,-10077000,-13888000,-302000,-18000,None,8406000,None,-188000,1820000,30000,-188000,None,-10077000,4.01,6.74
7,2018-09-30,USD,17065000,19507000,16420000,-16420000,-19507000,-18849000,16420000,0,-18849000,0,3087000,None,-19507000,0,-658000,None,None,None,0,0,0,0,658000,0,-18849000,-18849000,None,USD,147674000,0,None,1553000,11764000,135910000,1159000,10088000,4000,-176671000,1159000,0,1285000,61135000,10605000,None,None,-174000,1571000,144818000,None,135910000,80321000,1809000,0,0,10605000,0,0,4000,0,-176671000,0,None,1285000,None,2856000,None,None,None,1159000,None,None,None,312751000,147674000,141456000,None,37204000,USD,16257000,22302000,16135000,0,None,5692000,None,292000,-18849000,5265000,-16562000,-22531000,-2000,0,5692000,0,702000,1816000,122000,702000,None,5265000,5.25,4.01
8,2018-06-30,USD,17065000,20803000,17305000,17065000,-3738000,-3075000,17305000,0,-3075000,0,3498000,None,-3738000,0,-663000,None,None,None,0,0,0,0,663000,0,-3075000,-3075000,None,USD,158975000,0,None,1513000,11810000,147165000,1162000,9533000,4000,-157823000,1162000,0,1078000,55870000,10648000,None,None,-251000,1631000,145438000,10828000,147165000,85544000,2511000,0,0,10648000,0,0,4000,0,-157823000,0,None,1078000,None,13537000,None,None,None,1162000,None,None,None,305235000,158975000,141414000,None,35963000,USD,20127000,-18970000,20091000,0,None,378000,None,508000,-3075000,1029000,-19440000,1279000,93000,0,378000,0,-687000,1920000,36000,-687000,None,1029000,5.0,5.25
9,2018-03-31,USD,5189000,19001000,15493000,5189000,-13812000,-13206000,15493000,0,-13206000,0,3508000,None,-13812000,0,-606000,None,None,None,0,0,0,0,606000,0,-13206000,-13206000,None,USD,178584000,0,None,3024000,30717000,147867000,1127000,17065000,4000,-154748000,1127000,0,842000,54841000,29590000,None,None,-326000,1660000,155812000,20270000,147867000,96123000,1824000,0,0,12525000,0,0,4000,0,-154748000,0,None,842000,None,22772000,None,None,None,1127000,None,None,None,302937000,178584000,150964000,None,35828000,USD,21194000,-2731000,21168000,0,None,150000,None,992000,-13206000,6366000,-14952000,-374000,160000,0,150000,0,-682000,1881000,26000,-682000,None,6366000,6.3,5.0
10,2017-12-31,USD,7254000,18796000,18685000,7254000,-11542000,-10974000,15496000,0,-10974000,0,3300000,None,-11542000,0,-568000,None,None,None,0,0,0,0,1860000,0,-10974000,-10974000,None,USD,192455000,0,None,2732000,42148000,150307000,3121000,29017000,4000,-150333000,3121000,0,23029000,48475000,39027000,None,None,-270000,1759000,167667000,22361000,150307000,115318000,1142000,0,0,10010000,0,0,4000,0,-150333000,0,None,668000,None,24788000,None,None,None,3121000,None,None,None,300906000,192455000,163793000,None,35759000,USD,19206000,-5558000,18659000,-394000,None,1768000,None,4644000,-10974000,9064000,-11363000,2362000,201000,0,1768000,0,-1142000,1571000,547000,1035000,None,9064000,8.35,6.3
11,2017-09-30,USD,7254000,13907000,13817000,7254000,-6653000,-6071000,10833000,0,-6071000,0,3074000,None,-6653000,0,-582000,None,None,None,0,0,0,0,0,0,-6071000,-6071000,None,USD,205543000,0,None,4263000,47451000,158092000,10028000,29017000,4000,-139358000,10028000,0,32118000,39411000,37423000,None,None,-123000,1372000,172053000,30920000,158092000,126202000,2177000,0,0,8406000,0,0,4000,0,-139358000,0,None,1198000,None,33490000,None,None,None,10028000,None,None,None,297569000,205543000,165613000,None,35477000,USD,-7049000,-4341000,-7504000,0,None,223000,None,-541000,-6071000,-18586000,-11305000,-2699000,215000,0,223000,0,2177000,1465000,455000,126000,None,-18586000,15.75,8.35
12,2017-06-30,USD,7255000,12990000,12906000,7255000,-5735000,-5194000,10142000,0,-5194000,0,2848000,None,-5735000,0,-541000,None,None,None,0,0,0,0,0,0,-5194000,-5194000,None,USD,214082000,0,None,1853000,51618000,162464000,17184000,29017000,4000,-133287000,17184000,0,42718000,57997000,34434000,None,None,-134000,977000,170387000,41953000,162464000,108234000,2303000,0,0,5417000,0,0,4000,0,-133287000,0,None,765000,None,43695000,None,None,None,17184000,None,None,None,295881000,214082000,166231000,None,35457000,USD,-32444000,-6342000,-32621000,0,None,378000,None,941000,-5194000,-31075000,1168000,-139000,236000,0,378000,0,2303000,1360000,177000,11247000,None,-31075000,14.85,15.75
13,2017-03-31,USD,4192000,9948000,9568000,4192000,-5756000,-5587000,6640000,0,-5587000,0,3308000,None,-5756000,0,-169000,None,None,None,0,0,0,0,0,0,-5587000,-5587000,None,USD,223908000,0,None,1805000,58177000,165731000,24333000,29017000,4000,-128094000,24333000,0,52313000,89072000,33844000,None,None,-31000,913000,170682000,51743000,165731000,66255000,13550000,0,0,4827000,0,0,4000,0,-128094000,0,None,570000,None,53226000,None,None,None,24333000,None,None,None,293852000,223908000,155327000,None,35290000,USD,-76915000,52838000,-77359000,-394000,None,120579000,7914000,242000,-5587000,78471000,35251000,242000,159000,0,112665000,0,13550000,1149000,50000,-13550000,None,78471000,11.55,14.85
14,2016-12-31,USD,0,9604000,27748000,-27748000,-9604000,-9520000,6593000,0,-9520000,0,3011000,None,-9604000,0,-84000,None,None,None,0,0,0,0,330000,0,-9520000,-9520000,None,USD,54796000,0,None,1780000,4890000,49906000,437000,4055000,2000,-122502000,437000,0,336000,10601000,4453000,None,None,-13000,899000,53561000,None,49906000,41180000,None,0,0,4453000,0,0,2000,0,-122502000,0,None,336000,None,1235000,None,None,None,437000,None,None,None,172419000,54796000,51781000,None,21502000,USD,3377000,-187000,3213000,-394000,None,4561000,None,1870000,-9520000,-999000,-8773000,-309000,180000,0,4561000,0,-1142000,1063000,164000,None,None,-999000,3.25,11.55
15,2016-09-30,USD,0,8632000,0,0,-8632000,-8544000,6313000,0,-8544000,0,2319000,None,-8632000,0,-88000,None,None,None,0,0,0,0,0,0,-8544000,-8544000,None,USD,58924000,0,None,1616000,5113000,53811000,368000,3480000,2000,-112982000,368000,0,122000,11600000,4745000,None,None,-251000,915000,57887000,None,53811000,44671000,13550000,0,0,4745000,0,0,2000,0,-112982000,0,None,122000,None,1037000,None,None,None,368000,None,None,None,167042000,58924000,56271000,None,20100000,USD,8219000,-54000,8193000,0,None,3085000,None,309000,-8544000,4274000,-7004000,309000,212000,0,3085000,0,0,1073000,26000,None,None,4274000,3.25,3.25
16,2016-06-30,USD,0,10441000,0,0,-10441000,-10358000,7776000,0,-10358000,0,2665000,None,-10441000,0,-83000,None,None,None,0,0,0,0,0,0,-10358000,-10358000,None,USD,63229000,0,None,1915000,5010000,58219000,316000,3248000,2000,-104438000,316000,0,80000,7326000,4694000,None,None,18000,854000,62295000,None,58219000,53054000,13550000,0,0,4694000,0,0,2000,0,-104438000,0,None,80000,None,934000,None,None,None,316000,None,None,None,162637000,63229000,60380000,None,19014000,USD,2921000,664000,2875000,0,None,-73000,None,730000,-10358000,-4840000,-7642000,730000,235000,0,-73000,0,0,1087000,46000,None,None,-4840000,3.71,3.25
17,2016-03-31,USD,0,9657000,0,0,-9657000,-9582000,7066000,0,-9582000,0,2591000,None,-9657000,0,-75000,None,None,None,0,0,0,0,0,0,-9582000,-9582000,None,USD,71562000,0,None,2346000,4294000,67268000,264000,2980000,2000,-94080000,264000,0,2149000,12166000,4030000,None,None,4000,875000,68538000,2103000,67268000,54026000,None,0,0,4030000,0,0,2000,0,-94080000,0,None,46000,None,3024000,None,None,None,264000,None,None,None,161342000,71562000,66192000,None,18948000,USD,9589000,474000,9424000,0,None,4243000,None,None,-9582000,6061000,-7606000,215000,260000,0,4243000,0,0,1027000,165000,None,None,6061000,5.68,3.71
18,2015-12-31,USD,0,8128000,23748000,-23748000,-8128000,-8068000,5833000,0,-7953000,0,2295000,None,-8128000,0,-175000,None,None,None,0,0,0,0,175000,0,-7953000,-8068000,None,USD,75750000,0,None,2567000,3962000,71788000,129000,3271000,2000,-84498000,129000,0,2324000,6105000,3833000,None,None,-69000,931000,72495000,1997000,71788000,63823000,None,0,0,3833000,0,0,2000,0,-84498000,0,None,327000,None,3255000,None,None,None,129000,None,None,None,156353000,75750000,69928000,None,18232000,USD,7389000,-2050000,7288000,-394000,None,300000,None,-1273000,-8068000,-2326000,-9914000,-1070000,262000,0,300000,0,-1142000,1012000,101000,None,None,-2326000,7.66,5.68
19,2015-09-30,USD,50000,8950000,0,50000,-8950000,-8900000,6752000,0,-8950000,0,2198000,None,-8950000,0,0,None,None,None,0,0,0,0,0,0,-8950000,-8900000,None,USD,84530000,0,None,1796000,5935000,78595000,165000,5192000,2000,-76430000,178000,0,46000,8431000,5757000,None,None,None,801000,83683000,None,78595000,73456000,None,0,0,5757000,0,0,2000,0,-76430000,0,None,46000,None,847000,None,None,13000,178000,None,None,None,155023000,84530000,81887000,None,18135000,USD,3297000,1514000,3242000,0,None,262000,None,None,-8900000,-2888000,-6392000,-131000,248000,0,262000,0,0,877000,55000,None,None,-2888000,5.43,7.66
