,fiscalDateEnding,reportedCurrency_x,totalRevenue,totalOperatingExpense,costOfRevenue,grossProfit,ebit,netIncome_x,researchAndDevelopment,effectOfAccountingCharges,incomeBeforeTax,minorityInterest,sellingGeneralAdministrative,otherNonOperatingIncome,operatingIncome,otherOperatingExpense,interestExpense,taxProvision,interestIncome,netInterestIncome,extraordinaryItems,nonRecurring,otherItems,incomeTaxExpense,totalOtherIncomeExpense,discontinuedOperations,netIncomeFromContinuingOperations,netIncomeApplicableToCommonShares,preferredStockAndOtherAdjustments,reportedCurrency_y,totalAssets,intangibleAssets,earningAssets,otherCurrentAssets,totalLiabilities,totalShareholderEquity,deferredLongTermLiabilities,otherCurrentLiabilities,commonStock,retainedEarnings,otherLiabilities,goodwill,otherAssets,cash,totalCurrentLiabilities,shortTermDebt,currentLongTermDebt,otherShareholderEquity,propertyPlantEquipment,totalCurrentAssets,longTermInvestments,netTangibleAssets,shortTermInvestments,netReceivables,longTermDebt,inventory,accountsPayable,totalPermanentEquity,additionalPaidInCapital,commonStockTotalEquity,preferredStockTotalEquity,retainedEarningsTotalEquity,treasuryStock,accumulatedAmortization,otherNonCurrrentAssets,deferredLongTermAssetCharges,totalNonCurrentAssets,capitalLeaseObligations,totalLongTermDebt,otherNonCurrentLiabilities,totalNonCurrentLiabilities,negativeGoodwill,warrants,preferredStockRedeemable,capitalSurplus,liabilitiesAndShareholderEquity,cashAndShortTermInvestments,accumulatedDepreciation,commonStockSharesOutstanding,reportedCurrency,investments,changeInLiabilities,cashflowFromInvestment,otherCashflowFromInvestment,netBorrowings,cashflowFromFinancing,otherCashflowFromFinancing,changeInOperatingActivities,netIncome_y,changeInCash,operatingCashflow,otherOperatingCashflow,depreciation,dividendPayout,stockSaleAndPurchase,changeInInventory,changeInAccountReceivables,changeInNetIncome,capitalExpenditures,changeInReceivables,changeInExchangeRate,changeInCashAndCashEquivalents,clossingVal,nextClossingVal
0,2020-06-30,USD,760000000,-160000000,-622000000,1382000000,1539000000,-481000000,None,None,-609000000,None,-132000000,-3000000,1542000000,None,-51000000,-128000000,None,-138000000,None,-28000000,None,128000000,-30000000,None,-737000000,-481000000,None,USD,21690000000,790000000,None,445000000,6722000000,-153000000,None,609000000,1000000,-1425000000,673000000,1077000000,1903000000,1258000000,2103000000,19000000,19000000,-223000000,729000000,2240000000,562000000,13101000000,None,537000000,3884000000,None,2084000000,None,None,1000000,None,-1425000000,-5176000000,None,227000000,None,1737000000,2739000000,3884000000,735000000,4619000000,None,None,None,6670000000,21690000000,1258000000,None,None,USD,1799000000,-2000000,1799000000,1486000000,-1171000000,-1186000000,-15000000,None,-481000000,593000000,-20000000,-633000000,8000000,None,0,None,None,-95000000,466000000,-406000000,None,593000000,22.89,
1,2020-03-31,USD,1753000000,-295000000,-1058000000,2811000000,3102000000,-158000000,None,None,-265000000,None,-251000000,-4000000,3106000000,None,-48000000,-107000000,-132000000,-131000000,None,-44000000,None,107000000,-39000000,None,-372000000,-158000000,None,USD,23552000000,794000000,None,536000000,6405000000,292000000,None,740000000,1000000,-944000000,695000000,1069000000,1948000000,679000000,2263000000,118000000,118000000,-256000000,767000000,1927000000,661000000,15284000000,None,712000000,3396000000,None,2145000000,None,None,1000000,None,-944000000,-5186000000,None,212000000,None,1797000000,2710000000,3396000000,746000000,4142000000,None,None,None,6677000000,23552000000,679000000,None,73000000,USD,-1482000000,-96000000,-1482000000,-1482000000,175000000,962000000,962000000,None,-158000000,-150000000,370000000,451000000,8000000,None,15000000,None,None,2000000,3794000000,163000000,None,-150000000,13.9,22.89
2,2019-12-31,USD,2162000000,-304000000,-1164000000,3326000000,3628000000,112000000,None,None,14000000,None,-290000000,-2000000,3630000000,None,-39000000,-128000000,-122000000,-122000000,None,-14000000,None,128000000,-7000000,None,-114000000,112000000,None,USD,23126000000,798000000,None,548000000,8587000000,656000000,2189000000,615000000,1000000,-785000000,730000000,1101000000,1815000000,686000000,2225000000,19000000,19000000,-157000000,792000000,2145000000,778000000,12640000000,None,911000000,3416000000,None,2206000000,None,None,1000000,None,-785000000,-5144000000,None,217000000,1662000000,5348000000,2619000000,3416000000,757000000,6362000000,None,None,None,6741000000,23126000000,686000000,None,76000000,USD,286000000,-192000000,286000000,-2759000000,30000000,-772000000,335000000,None,142000000,169000000,655000000,724000000,8000000,None,2000000,None,75000000,-102000000,2338000000,75000000,None,169000000,32.24,13.9
3,2019-09-30,USD,2753000000,-372000000,-1291000000,4044000000,4406000000,189000000,None,None,328000000,None,-350000000,-10000000,4416000000,None,-49000000,139000000,-139000000,-139000000,None,-22000000,None,-139000000,5000000,None,467000000,189000000,None,USD,23108000000,792000000,None,660000000,6426000000,495000000,None,595000000,1000000,-927000000,717000000,1083000000,1520000000,615000000,2290000000,95000000,95000000,-173000000,752000000,2147000000,905000000,14807000000,None,872000000,3388000000,None,2195000000,None,None,1000000,None,-927000000,-5141000000,None,221000000,1360000000,2058000000,2386000000,3388000000,748000000,4136000000,None,None,None,6735000000,23108000000,615000000,None,76000000,USD,108000000,-294000000,108000000,1000000,54000000,-937000000,5000000,None,189000000,137000000,966000000,1036000000,7000000,None,61000000,None,12000000,16000000,1967000000,12000000,None,133000000,28.26,32.24
4,2019-06-30,USD,2337000000,-336000000,-1172000000,3509000000,3845000000,62000000,None,None,81000000,None,-313000000,None,3845000000,23000000,-48000000,19000000,-138000000,-138000000,None,-23000000,None,-19000000,-162000000,None,100000000,62000000,None,USD,24455000000,806000000,None,832000000,6536000000,376000000,None,773000000,1000000,-1116000000,726000000,1107000000,2003000000,534000000,2669000000,420000000,420000000,-139000000,749000000,2286000000,432000000,16006000000,None,920000000,3115000000,None,2249000000,None,None,1000000,None,-1116000000,-5093000000,None,223000000,1438000000,2029000000,2428000000,3115000000,752000000,3867000000,None,None,None,6723000000,24455000000,534000000,None,76000000,USD,-1712000000,-292000000,-1712000000,4000000,89000000,1090000000,-17000000,None,62000000,-97000000,525000000,819000000,8000000,None,0,None,-79000000,7000000,4399000000,-79000000,6000000,-91000000,35.16,28.26
5,2019-03-31,USD,1920000000,-305000000,-1071000000,2991000000,3296000000,-91000000,None,None,-136000000,None,-284000000,None,3296000000,23000000,-42000000,-45000000,None,-123000000,None,-21000000,None,45000000,-18000000,None,-181000000,-91000000,None,USD,22902000000,809000000,None,682000000,6498000000,324000000,None,788000000,1000000,-1178000000,724000000,1086000000,1596000000,540000000,2258000000,23000000,23000000,-137000000,737000000,2137000000,627000000,14509000000,None,915000000,3501000000,None,2235000000,None,None,1000000,None,-1178000000,-5099000000,None,258000000,1389000000,1995000000,2520000000,3501000000,739000000,4240000000,None,None,None,6737000000,22902000000,540000000,None,76000000,USD,-1434000000,-119000000,-1434000000,2000000,78000000,937000000,-5000000,None,-91000000,-57000000,440000000,635000000,8000000,None,4000000,None,2000000,5000000,4433000000,2000000,-2000000,-59000000,34.86,35.16
6,2018-12-31,USD,2050000000,-275000000,-1078000000,3128000000,3389000000,217000000,0,0,3000000,0,-267000000,-14000000,3403000000,23000000,-49000000,None,None,None,0,-8000000,0,10000000,-150000000,0,-7000000,217000000,None,USD,19149000000,825000000,None,604000000,7972000000,414000000,1961000000,482000000,1000000,-1091000000,759000000,1092000000,1475000000,615000000,1716000000,23000000,23000000,-133000000,736000000,2174000000,631000000,9260000000,None,955000000,3528000000,None,1693000000,None,None,1000000,None,-1091000000,-5134000000,None,242000000,1301000000,4827000000,None,3528000000,767000000,6256000000,None,None,None,6771000000,19149000000,615000000,None,80000000,USD,-42000000,-90000000,251000000,8000000,72000000,-787000000,-12000000,None,13000000,-22000000,514000000,419000000,7000000,None,73000000,None,96000000,69000000,312000000,96000000,-11000000,-33000000,22.48,34.86
7,2018-09-30,USD,2778000000,-340000000,-1294000000,4072000000,4412000000,213000000,0,0,355000000,0,-336000000,None,4412000000,23000000,-44000000,None,None,None,0,-4000000,0,-142000000,-144000000,0,497000000,213000000,None,USD,19741000000,844000000,None,657000000,6213000000,521000000,0,510000000,1000000,-1103000000,767000000,1064000000,1312000000,605000000,1908000000,23000000,23000000,-78000000,719000000,2180000000,772000000,11620000000,12000000,918000000,3538000000,0,1885000000,521000000,0,1000000,0,-1103000000,-5065000000,None,267000000,1065000000,1775000000,None,3538000000,767000000,4305000000,None,None,None,6766000000,19741000000,605000000,None,80000000,USD,-94000000,-3000000,71000000,3000000,94000000,-935000000,1000000,None,213000000,110000000,974000000,822000000,8000000,0,65000000,0,-72000000,6000000,183000000,-72000000,-3000000,107000000,32.14,22.48
8,2018-06-30,USD,2328000000,-325000000,-1175000000,3503000000,3828000000,26000000,0,0,38000000,0,-321000000,None,3828000000,-61000000,-49000000,None,None,None,0,-4000000,0,-12000000,-136000000,0,50000000,26000000,None,USD,20919000000,843000000,None,832000000,6145000000,372000000,0,539000000,1000000,-1316000000,745000000,1049000000,1344000000,489000000,1856000000,24000000,24000000,-72000000,715000000,2223000000,253000000,12882000000,11000000,902000000,3544000000,0,1832000000,372000000,0,1000000,0,-1316000000,-5020000000,None,243000000,1120000000,1727000000,None,3544000000,745000000,4289000000,None,None,None,6779000000,20919000000,489000000,None,82000000,USD,-94000000,32000000,-2012000000,2000000,23000000,1365000000,1000000,None,26000000,-29000000,618000000,632000000,5000000,0,64000000,0,-84000000,7000000,1956000000,-84000000,-11000000,-40000000,32.5,32.14
9,2018-03-31,USD,1968000000,-302000000,-1092000000,3060000000,3357000000,-87000000,0,0,-129000000,0,-296000000,-5000000,3362000000,61000000,-46000000,None,None,None,0,-6000000,0,42000000,-133000000,0,-171000000,-87000000,None,USD,19222000000,849000000,None,699000000,6147000000,455000000,0,523000000,1000000,-1344000000,763000000,1085000000,1177000000,544000000,1803000000,26000000,26000000,-22000000,716000000,2123000000,332000000,11141000000,10000000,880000000,3581000000,0,1777000000,455000000,0,1000000,0,-1344000000,-4960000000,None,226000000,967000000,1567000000,None,3581000000,763000000,4344000000,None,None,None,6780000000,19222000000,544000000,None,81000000,USD,-94000000,109000000,-1736000000,4000000,-1000000,1024000000,1000000,-73000000,-87000000,-209000000,503000000,447000000,8000000,0,14000000,0,16000000,10000000,1711000000,16000000,9000000,-200000000,46.84,32.5
10,2017-12-31,USD,598000000,-256000000,-1059000000,1657000000,1913000000,36000000,0,0,1000000,0,-245000000,None,1913000000,-112000000,-46000000,None,None,None,0,-11000000,0,219000000,-524000000,0,-218000000,36000000,None,USD,17699000000,850000000,None,533000000,7529000000,573000000,1594000000,1260000000,1000000,-1222000000,1093000000,1073000000,4303000000,611000000,1645000000,26000000,26000000,-24000000,704000000,2066000000,547000000,8247000000,7000000,922000000,3573000000,0,1619000000,573000000,6820000000,1000000,0,-1222000000,-5002000000,None,196000000,931000000,4301000000,None,3573000000,717000000,5884000000,None,None,None,6820000000,17699000000,611000000,None,85000000,USD,-61000000,-25000000,720000000,2000000,28000000,-1483000000,1000000,197000000,220000000,-156000000,607000000,553000000,9000000,0,66000000,0,-59000000,-203000000,2135000000,53000000,13000000,-143000000,43.88,46.84
11,2017-09-30,USD,803000000,-327000000,-1256000000,2059000000,2386000000,245000000,0,0,364000000,0,-320000000,None,2386000000,621000000,-45000000,None,None,None,0,-7000000,0,-119000000,0,0,483000000,245000000,None,USD,19873000000,863000000,None,750000000,6217000000,401000000,0,1440000000,1000000,-1442000000,1025000000,1065000000,4960000000,814000000,1892000000,26000000,26000000,-44000000,693000000,2419000000,709000000,11728000000,0,855000000,3565000000,0,1866000000,401000000,0,1000000,0,-1442000000,-4976000000,None,182000000,1566000000,2424000000,None,3565000000,760000000,4325000000,None,None,None,6862000000,19873000000,814000000,None,84000000,USD,-28000000,-38000000,95000000,2000000,-928000000,-964000000,-1000000,147000000,245000000,33000000,902000000,762000000,8000000,0,35000000,0,0,1000000,2938000000,-76000000,5000000,38000000,38.06,43.88
12,2017-06-30,USD,675000000,-331000000,-1108000000,1783000000,2114000000,3000000,0,0,11000000,0,-293000000,None,2114000000,-313000000,-48000000,None,None,None,0,-38000000,0,-8000000,0,0,19000000,3000000,None,USD,20832000000,867000000,None,837000000,6189000000,148000000,0,1411000000,1000000,-1687000000,1464000000,1043000000,4451000000,776000000,1875000000,26000000,14938000000,-78000000,684000000,2375000000,237000000,12733000000,0,762000000,3546000000,0,1849000000,148000000,0,1000000,0,-1687000000,-4952000000,None,202000000,1642000000,2437000000,None,3546000000,768000000,4314000000,None,None,None,6864000000,20832000000,776000000,None,85000000,USD,-28000000,49000000,-2047000000,2000000,1241000000,1189000000,-4000000,84000000,3000000,-166000000,692000000,692000000,8000000,0,48000000,0,0,6000000,3143000000,-66000000,19000000,-147000000,27.27,38.06
13,2017-03-31,USD,553000000,-269000000,-1049000000,1602000000,1868000000,-223000000,0,0,-165000000,0,-262000000,-3000000,1871000000,63000000,-49000000,None,None,None,0,-7000000,0,58000000,0,0,-223000000,-223000000,None,USD,18978000000,859000000,None,651000000,6316000000,141000000,0,1234000000,1000000,-1690000000,1314000000,1013000000,4516000000,923000000,2063000000,474000000,474000000,-126000000,684000000,2292000000,281000000,10790000000,5000000,718000000,3506000000,0,1589000000,141000000,0,1000000,0,-1690000000,-4910000000,None,195000000,1631000000,2453000000,None,3506000000,747000000,4253000000,None,None,None,6866000000,18978000000,923000000,None,86000000,USD,-33000000,63000000,-972000000,2000000,33000000,950000000,-12000000,-76000000,-107000000,425000000,447000000,448000000,9000000,0,61000000,0,30000000,4000000,1028000000,30000000,8000000,433000000,29.58,27.27
14,2016-12-31,USD,570000000,-241000000,-1001000000,1571000000,1785000000,-55000000,0,0,-43000000,0,-238000000,-27000000,1812000000,515000000,-46000000,None,None,None,0,-3000000,0,12000000,-590000000,0,-55000000,-55000000,None,USD,17643000000,870000000,None,519000000,8204000000,221000000,2429000000,1145000000,1000000,-1639000000,1104000000,1007000000,4677000000,490000000,1767000000,279000000,279000000,-154000000,685000000,1817000000,527000000,7562000000,0,808000000,3244000000,0,1488000000,221000000,6918000000,1000000,0,-1639000000,-4905000000,None,193000000,1493000000,4775000000,None,3244000000,764000000,6437000000,None,None,None,6918000000,17643000000,490000000,None,93000000,USD,-61000000,-42000000,606000000,9000000,-11000000,-1611000000,-45000000,273000000,-31000000,-477000000,528000000,420000000,8000000,0,98000000,0,-65000000,89000000,2147000000,84000000,-18000000,-495000000,36.68,29.58
15,2016-09-30,USD,785000000,-321000000,-1219000000,2004000000,2325000000,481000000,0,0,345000000,0,-315000000,None,2325000000,-327000000,-51000000,None,None,None,0,-6000000,0,-136000000,0,0,481000000,481000000,None,USD,19475000000,885000000,None,635000000,6342000000,474000000,0,None,1000000,-1608000000,952000000,1013000000,4638000000,985000000,2051000000,338000000,338000000,-47000000,671000000,2442000000,586000000,11235000000,0,822000000,3528000000,0,1713000000,474000000,0,1000000,0,-1608000000,-4812000000,None,224000000,1443000000,2370000000,None,3528000000,763000000,4291000000,None,None,None,6940000000,19475000000,985000000,None,92000000,USD,-33000000,-9000000,326000000,3000000,5000000,-900000000,None,276000000,209000000,457000000,1031000000,858000000,9000000,0,115000000,0,0,7000000,2903000000,-43000000,1000000,458000000,34.21,36.68
16,2016-06-30,USD,670000000,-317000000,-1122000000,1792000000,2109000000,90000000,0,0,63000000,0,-312000000,None,2109000000,65000000,-56000000,None,None,None,0,-5000000,0,-27000000,0,0,90000000,90000000,None,USD,20483000000,896000000,None,856000000,6046000000,339000000,0,None,1000000,-1817000000,1356000000,1004000000,4430000000,527000000,1771000000,28000000,28000000,-73000000,683000000,2143000000,253000000,12537000000,0,760000000,3502000000,0,1743000000,339000000,0,1000000,0,-1817000000,-4707000000,None,244000000,1490000000,2350000000,None,3502000000,773000000,4275000000,None,None,None,6935000000,20483000000,527000000,None,95000000,USD,-33000000,37000000,-1877000000,4000000,5000000,926000000,None,47000000,36000000,-344000000,607000000,612000000,10000000,0,88000000,0,0,7000000,3171000000,-95000000,-5000000,-349000000,32.23,34.21
17,2016-03-31,USD,553000000,-284000000,-1040000000,1593000000,1877000000,-121000000,0,0,-86000000,0,-269000000,None,1877000000,0,-50000000,None,None,None,0,-15000000,0,35000000,0,0,-121000000,-121000000,None,USD,19308000000,918000000,None,644000000,6176000000,371000000,0,None,1000000,-1853000000,1254000000,1006000000,4486000000,876000000,1901000000,327000000,None,-77000000,687000000,2182000000,334000000,11208000000,0,662000000,3511000000,0,1574000000,0,0,1000000,0,-1853000000,-4609000000,None,243000000,1556000000,2410000000,None,3511000000,764000000,4275000000,None,None,None,6909000000,19308000000,876000000,None,96000000,USD,None,5000000,-1204000000,3000000,5000000,1147000000,None,None,-51000000,406000000,463000000,503000000,10000000,0,86000000,0,0,7000000,1404000000,-11000000,18000000,424000000,27.36,32.23
18,2015-12-31,USD,560000000,-258000000,-1005000000,1565000000,1777000000,13000000,0,0,4000000,0,-250000000,-46000000,1823000000,218000000,-48000000,None,None,None,0,-8000000,0,-9000000,-592000000,0,13000000,13000000,None,USD,17634000000,917000000,None,507000000,8047000000,439000000,2367000000,1133000000,1000000,-1802000000,1022000000,973000000,4668000000,452000000,1511000000,26000000,26000000,-147000000,681000000,1627000000,438000000,7697000000,0,668000000,3435000000,0,1485000000,0,0,1000000,0,-1802000000,-4623000000,None,232000000,1488000000,4729000000,None,3435000000,734000000,6536000000,None,None,None,7010000000,17634000000,452000000,None,105000000,USD,-61000000,-51000000,587000000,7000000,-29000000,-1254000000,-7000000,264000000,-5000000,-121000000,546000000,411000000,11000000,0,123000000,0,-42000000,91000000,2447000000,89000000,-12000000,-133000000,36.29,27.36
19,2015-09-30,USD,745000000,-320000000,-1202000000,1947000000,2267000000,440000000,0,0,312000000,0,-314000000,None,2267000000,0,-49000000,None,None,None,0,-6000000,0,-128000000,0,0,440000000,440000000,None,USD,18902000000,922000000,None,684000000,6037000000,600000000,0,None,1000000,-1797000000,944000000,964000000,4538000000,585000000,1791000000,27000000,None,-142000000,642000000,2118000000,637000000,10979000000,0,705000000,3505000000,0,1764000000,0,0,1000000,0,-1797000000,-4509000000,None,334000000,1136000000,2066000000,None,3505000000,741000000,4246000000,None,None,None,7047000000,18902000000,585000000,None,104000000,USD,None,44000000,300000000,2000000,None,-1246000000,1575000000,None,184000000,65000000,1011000000,838000000,8000000,0,156000000,0,0,None,3132000000,-63000000,-9000000,56000000,43.68,36.29
