,fiscalDateEnding,reportedCurrency_x,totalRevenue,totalOperatingExpense,costOfRevenue,grossProfit,ebit,netIncome_x,researchAndDevelopment,effectOfAccountingCharges,incomeBeforeTax,minorityInterest,sellingGeneralAdministrative,otherNonOperatingIncome,operatingIncome,otherOperatingExpense,interestExpense,taxProvision,interestIncome,netInterestIncome,extraordinaryItems,nonRecurring,otherItems,incomeTaxExpense,totalOtherIncomeExpense,discontinuedOperations,netIncomeFromContinuingOperations,netIncomeApplicableToCommonShares,preferredStockAndOtherAdjustments,reportedCurrency_y,totalAssets,intangibleAssets,earningAssets,otherCurrentAssets,totalLiabilities,totalShareholderEquity,deferredLongTermLiabilities,otherCurrentLiabilities,commonStock,retainedEarnings,otherLiabilities,goodwill,otherAssets,cash,totalCurrentLiabilities,shortTermDebt,currentLongTermDebt,otherShareholderEquity,propertyPlantEquipment,totalCurrentAssets,longTermInvestments,netTangibleAssets,shortTermInvestments,netReceivables,longTermDebt,inventory,accountsPayable,totalPermanentEquity,additionalPaidInCapital,commonStockTotalEquity,preferredStockTotalEquity,retainedEarningsTotalEquity,treasuryStock,accumulatedAmortization,otherNonCurrrentAssets,deferredLongTermAssetCharges,totalNonCurrentAssets,capitalLeaseObligations,totalLongTermDebt,otherNonCurrentLiabilities,totalNonCurrentLiabilities,negativeGoodwill,warrants,preferredStockRedeemable,capitalSurplus,liabilitiesAndShareholderEquity,cashAndShortTermInvestments,accumulatedDepreciation,commonStockSharesOutstanding,reportedCurrency,investments,changeInLiabilities,cashflowFromInvestment,otherCashflowFromInvestment,netBorrowings,cashflowFromFinancing,otherCashflowFromFinancing,changeInOperatingActivities,netIncome_y,changeInCash,operatingCashflow,otherOperatingCashflow,depreciation,dividendPayout,stockSaleAndPurchase,changeInInventory,changeInAccountReceivables,changeInNetIncome,capitalExpenditures,changeInReceivables,changeInExchangeRate,changeInCashAndCashEquivalents,clossingVal,nextClossingVal
0,2020-06-30,USD,16184000,13375000,None,16184000,2809000,2214000,None,None,2809000,None,13375000,None,2809000,4110000,2000000,595000,15541000,13541000,None,None,None,595000,None,None,2214000,2214000,None,USD,1777568000,2678000,567834000,None,1638974000,138594000,None,1421758000,9499000,78895000,7291000,15992000,1138056000,195000000,1421758000,None,134500000,7001000,33276000,195000000,1495604000,119924000,373610000,None,134500000,None,None,None,None,9499000,None,78895000,None,None,35018000,None,1582568000,None,134500000,82716000,217216000,None,None,None,43199000,1777568000,195000000,None,9498783,USD,-165514000,2316000,-166589000,-47000,-500000,261732000,263182000,-597000,2214000,95219000,76000,-2735000,1902000,-950000,None,None,None,-3287000,1362000,None,None,95219000,11.77,
1,2020-03-31,USD,15309000,13378000,None,15309000,1931000,1603000,None,None,1931000,None,13378000,None,1931000,4275000,2864000,328000,15568000,12704000,None,None,None,328000,None,None,1603000,1603000,None,USD,1510048000,2883000,423209000,None,1373976000,136072000,None,1293076000,9499000,77631000,4913000,16477000,1012790000,99718000,1293076000,None,None,5267000,32515000,99718000,1325596000,116712000,333085000,None,75292000,None,None,None,None,9499000,None,77631000,None,None,32859000,None,1410330000,None,75292000,5608000,80900000,None,None,None,43675000,1510048000,99718000,None,9498783,USD,347000,335000,536000,838000,-10500000,-12116000,-666000,704000,1603000,-8265000,3315000,232000,140000,-950000,None,None,None,1005000,649000,None,None,-8265000,12.5,11.77
2,2019-12-31,USD,16824000,13496000,None,16824000,3328000,2757000,None,None,3328000,None,13496000,None,3328000,4415000,3168000,571000,16101000,12933000,None,None,None,571000,-335000,None,2757000,2757000,None,USD,1515313000,3056000,450218000,10330000,1384807000,130506000,None,1293742000,9499000,76978000,4726000,16477000,995618000,108380000,1293742000,5313000,5313000,362000,32482000,108380000,1320679000,110973000,347332000,None,85792000,1320000,1294222000,None,None,9499000,None,76978000,None,None,32734000,None,1505000,None,85792000,5273000,91065000,None,None,None,43667000,1515313000,108380000,None,9498783,USD,8256000,379000,8604000,579000,-7250000,36980000,44943000,25000,2756000,48483000,2899000,-1371000,1893000,-713000,None,None,None,-758000,231000,None,None,48483000,16.5,12.5
3,2019-09-30,USD,16473000,13358000,None,16473000,3115000,2518000,None,None,3115000,None,13358000,None,3115000,4021000,3542000,597000,16141000,12599000,None,None,None,597000,-861000,None,2518000,2518000,None,USD,1477682000,3268000,423488000,8734000,1348031000,129651000,None,1251273000,9499000,74935000,5131000,16134000,986959000,59380000,1251273000,None,None,1559000,32886000,59380000,1329938000,110249000,368869000,None,91042000,776000,1251273000,None,None,9499000,None,74935000,None,None,36076000,None,1418302000,None,91042000,5716000,96758000,None,None,None,43658000,1477682000,59380000,None,9000000,USD,18040000,0,17846000,484000,11750000,-35265000,-46302000,-992000,2519000,-19803000,-2384000,-903000,743000,-713000,None,None,None,-4743000,678000,None,None,-19803000,15.35,16.5
4,2019-06-30,USD,15646000,13014000,None,15646000,2632000,2101000,None,None,2632000,None,13014000,None,2632000,3502000,3273000,531000,15051000,11778000,None,None,None,531000,-2076000,None,2101000,2101000,None,USD,1506972000,3481000,478414000,3813000,1380463000,126509000,None,1297723000,9499000,73129000,3448000,16134000,961136000,78673000,1297723000,None,None,231000,32909000,82486000,1338743000,106894000,409839000,3813000,79292000,987000,1297723000,None,None,9499000,None,73129000,None,None,33219000,None,1424486000,None,79292000,3448000,82740000,None,None,None,43650000,1506972000,78673000,None,9000000,USD,5682000,0,6133000,1875000,15063000,10623000,-3807000,-184000,2101000,14990000,-1766000,632000,700000,-633000,None,None,None,-5199000,1424000,None,None,14990000,16.95,15.35
5,2019-03-31,USD,12560000,9026000,0,12560000,3534000,2835000,None,None,3534000,None,9026000,None,3534000,2630000,2656000,699000,12960000,10304000,None,None,None,699000,0,None,2835000,2835000,None,USD,1279077000,529000,450218000,None,1178011000,101066000,None,1111678000,8445000,71661000,3104000,202000,800794000,88487000,1174907000,63229000,None,-5027000,29541000,88487000,1132413000,100335000,357889000,None,63229000,1635000,1111678000,None,None,8445000,None,71661000,None,None,27905000,None,1190590000,None,24229000,3104000,3104000,None,None,None,25987000,1279077000,88487000,None,8000000,USD,-25058000,0,-25837000,373000,-5000000,20919000,26552000,1515000,2835000,266000,5184000,1101000,686000,-633000,None,None,None,562000,1152000,None,None,266000,17.1,16.95
6,2018-12-31,USD,12786457,9084787,2524000,12786457,3701670,2965400,0,0,3701670,0,9084787,None,3701670,-1780634,2454519,None,None,None,0,0,0,736270,-562927,0,2965400,2965400,None,USD,1251878468,556573,None,1979000,1156186073,95692395,None,1085125458,8444908,69459243,2831615,202244,804248118,63133352,1153354458,68229000,5000000,-8190090,28831272,63133352,1129156171,94933578,49778576,None,63229000,1840743,1085125458,None,None,8444908,None,69459243,None,None,29998856,None,1188745116,None,24229000,2831615,2831615,None,None,None,25978334,1251878468,63133352,None,8444908,USD,-39657686,39991,-49959634,-9795363,-14500000,47111137,62033554,-184061,2965400,227740,3076237,-589818,743876,-422417,-3175000,None,None,134279,506585,-217491,None,227740,14.6,17.1
7,2018-09-30,USD,12449000,9078000,2208000,12449000,3371000,2695000,0,0,3371000,0,9078000,None,3371000,2916000,2146000,None,None,None,0,0,0,676000,0,0,2695000,2695000,None,USD,1186196000,18000,None,None,1097208000,88988000,0,1011059000,8445000,66916000,3420000,0,802722000,35507000,1093788000,82729000,14500000,-12343000,27744000,35507000,1091978000,88970000,21764000,None,68229000,2173000,1011059000,0,0,8445000,0,66916000,0,None,30949000,None,1150689000,None,None,3420000,3420000,None,None,None,25970000,1186196000,35507000,None,8000000,USD,15429000,0,16583000,1541000,4993000,-20256000,-24827000,241000,2695000,249000,3922000,518000,761000,-422000,0,0,0,-52000,387000,None,None,249000,17.8,14.6
8,2018-06-30,USD,12445000,8601000,1987000,12445000,3844000,3069000,0,0,3844000,0,8601000,None,3844000,2620000,1944000,None,None,None,0,0,0,775000,0,0,3069000,3069000,None,USD,1204472000,27000,None,None,1116226000,88246000,0,1035886000,8439000,64643000,2603000,0,788419000,51855000,1113623000,77737000,5000000,-10806000,28638000,51855000,1094629000,88219000,38573000,None,72729000,3595000,1035886000,0,0,8439000,0,64643000,0,None,29323000,None,1152617000,None,None,2603000,2603000,None,None,None,25970000,1204472000,51855000,None,9000000,USD,12464000,0,12297000,327000,5007000,-15056000,-16466000,-1009000,3069000,103000,2862000,-990000,720000,-422000,-3175000,0,0,63000,494000,None,None,103000,16.9,17.8
9,2018-03-31,USD,12537000,8536000,1707000,12537000,4001000,3188000,0,0,4001000,0,8536000,None,4001000,2570000,1681000,None,None,None,0,0,0,813000,0,0,3188000,3188000,None,USD,1218420000,36000,None,None,1128454000,89966000,0,1052353000,8439000,61997000,3372000,0,372170000,55133000,1125082000,72729000,72729000,-9615000,28561000,55133000,1105971000,89930000,42167000,None,72729000,5266000,1052353000,0,0,8439000,0,61997000,0,None,28719000,None,1163287000,None,None,3372000,3372000,None,None,None,29145000,1218420000,55133000,None,9000000,USD,-2878000,0,-3344000,909000,1000000,-15055000,-15633000,1213000,3188000,-13348000,5051000,1339000,738000,-422000,0,0,0,-214000,1375000,None,None,-13348000,17.0,16.9
10,2017-12-31,USD,1263259,8451828,1812000,1263259,-7188569,578978,0,0,3932431,0,8451828,None,-7188569,2987574,5138000,None,None,None,0,0,0,3353453,-750342,0,578978,579378,-400,USD,1232755317,44766,None,1515000,1142432654,90322663,0,1067985405,8439258,59230260,2717000,0,384314000,60855751,1139714405,71729000,2500000,-6491949,27639430,415102655,761537316,90277897,354246904,None,71729000,5708000,1067986000,0,0,8439258,0,59230260,0,None,28431150,None,817652662,None,None,2718249,2718249,None,None,None,29145094,1232755317,415102655,None,8439258,USD,-36625474,382193,-36362146,695226,-8500000,39012043,47722877,153949,578978,4297032,1647135,-1572244,744175,-210834,0,0,0,1604237,431898,-90204,None,4297032,14.6,17.0
11,2017-09-30,USD,12267000,8380000,1735000,12267000,3887000,2622000,0,0,3887000,0,8380000,None,3887000,4354000,13000,None,None,None,0,2681814,0,1265000,0,0,2622000,2622000,None,USD,1195393000,54000,None,None,1103791000,91602000,0,1020263000,8439000,57794000,3299000,0,368645000,34855000,1100492000,80229000,80229000,-3776000,27616000,373104000,766159000,91548000,338249000,None,75229000,5893000,1020263000,0,0,8439000,0,57794000,0,None,28460000,None,822289000,None,None,3299000,3299000,None,None,None,29145000,1195393000,373104000,None,9000000,USD,2169000,0,2696000,909000,-8500000,-6486000,-6275000,165000,2622000,-223000,3567000,264000,744000,-211000,0,0,0,-63000,382000,None,None,-223000,13.75,14.6
12,2017-06-30,USD,12210000,8620000,1722000,12210000,3590000,2433000,0,0,3590000,0,8620000,None,3590000,-1285000,63000,None,None,None,0,-2681814,0,1157000,0,0,2433000,2433000,None,USD,1198449000,63000,None,None,1109457000,88992000,0,1026538000,8439000,55383000,2690000,0,367792000,33314000,1106767000,80229000,56000000,-3975000,27654000,371024000,771594000,88929000,337710000,None,75229000,5875000,1026538000,0,0,8439000,0,55383000,0,None,28114000,None,827425000,None,None,2690000,2690000,None,None,None,29145000,1198449000,371024000,None,9000000,USD,6397000,382193,7665000,1534000,4992000,-12912000,-17693000,-883000,2433000,-3028000,2219000,-883000,745000,-211000,0,0,0,-76000,266000,None,None,-3028000,13.7,13.75
13,2017-03-31,USD,22648000,8408000,1994000,22648000,14240000,2117000,0,0,3119000,0,8408000,None,14240000,335000,-1659000,None,None,None,0,893938,0,1002000,0,0,2117000,1906000,211000,USD,1208765000,72000,None,None,1122904000,85861000,0,1044231000,8439000,53161000,3436000,0,371475000,53705000,1119468000,75237000,51008000,-4884000,27812000,395637000,756955000,85789000,341932000,None,70229000,7760000,1044231000,0,0,8439000,0,53161000,0,None,28289000,None,813128000,None,None,3436000,3436000,None,None,None,29145000,1208765000,395637000,None,8439258,USD,-7328000,382193,-6830000,763000,5008000,-5005000,-126000,1963000,2117000,-6723000,5112000,1963000,828000,-527000,-9360000,0,0,204000,265000,None,None,-6723000,13.85,13.7
14,2016-12-31,USD,23164601,8829969,1634000,23164601,14334632,2187000,0,0,3132000,0,8829969,None,14334632,6901193,-1634331,None,None,None,0,2374689,0,945000,-1747172,0,2187210,1883000,304310,USD,1210441617,80515,None,1417000,1117053884,93387733,0,1044356528,8439258,51465521,2468000,0,353990000,78176963,1114585528,70229000,70229000,-5022140,27969260,401834833,751438454,83947218,323657870,None,70229000,8317000,1044357000,0,0,8439258,9360000,51465521,0,None,29118555,None,808606784,None,None,2468356,2468356,None,None,None,29145094,1210441617,401834833,None,8439258,USD,-57105402,-298901,-53178579,4551682,6000000,60405546,65766292,302691,2187000,11019458,3792491,261592,863588,-360746,-5000000,0,177000,602236,624859,176766,None,11019458,13.2,13.85
15,2016-09-30,USD,22995000,8654000,1954000,22995000,14341000,2258000,0,0,3185000,0,8654000,None,14341000,-1062000,-1649000,None,None,None,0,-2374689,0,927000,0,0,2258000,1880000,378000,USD,1152817000,89000,None,None,1052082000,100735000,0,978590000,8439000,48791000,3263000,0,315544000,34685000,1048819000,70229000,46000000,-791000,27745000,320774000,776344000,86286000,286089000,None,70229000,11321000,978590000,0,0,8439000,14360000,49582000,0,None,27865000,None,832043000,None,None,3263000,3263000,None,None,None,29145000,1152817000,320774000,None,9000000,USD,-5627000,-298901,-5287000,1180000,6000000,3943000,2023000,-158000,2258000,1615000,2959000,-158000,799000,-419000,-3661000,0,0,60000,840000,None,None,1615000,9.89,13.2
16,2016-06-30,USD,22664000,8354000,1970000,22664000,14310000,2167000,0,0,3169000,0,8354000,None,14310000,354000,-1616000,None,None,None,0,791563,0,1002000,0,0,2167000,1761000,406000,USD,1147027000,98000,None,None,1043562000,103465000,0,976567000,8439000,47702000,2766000,0,337374000,20407000,1040796000,64229000,40000000,158000,27386000,328333000,764615000,85346000,307926000,None,64229000,10178000,976567000,0,0,8439000,18021000,47702000,0,None,26595000,None,818694000,None,None,2766000,2766000,None,None,None,29145000,1147027000,328333000,None,8000000,USD,22330000,-298901,22026000,460000,6000000,-23882000,-23476000,-1060000,2167000,118000,1974000,-1060000,783000,-406000,0,0,0,84000,764000,None,None,118000,9.51,9.89
17,2016-03-31,USD,22363000,8235000,1987000,22363000,14128000,2061000,0,0,3039000,0,8235000,None,14128000,0,-1633000,None,None,None,0,0,0,978000,0,0,2061000,1656000,405000,USD,1168389000,107000,None,None,1067846000,100543000,0,1000043000,8439000,45941000,3574000,0,338484000,51667000,1064272000,64229000,None,-1003000,27019000,360507000,753974000,82415000,308840000,None,64229000,9618000,1000043000,0,0,8439000,18021000,45941000,0,None,26782000,None,807882000,None,None,3574000,3574000,None,None,None,29145000,1168389000,360507000,None,8000000,USD,670000,None,1066000,1427000,None,-11916000,-11511000,None,2061000,-6187000,4663000,1558000,738000,-405000,0,0,0,306000,1031000,None,None,-6187000,9.19,9.51
18,2015-12-31,USD,11877254,-25355754,1727000,11877254,37233008,2104697,0,0,3093500,0,-25355754,None,37233008,6129147,6569000,None,None,None,0,737731,0,988803,-2582085,0,2104697,1583687,521010,USD,1174149427,116264,None,1275000,1078692805,95456622,0,1011554236,8439258,44285621,2909000,0,326727000,63602445,1075783236,64229000,64229000,-4434351,26453530,359751744,758513995,77319358,296149299,None,64229000,10421000,1011554000,0,0,8439258,18021000,44285621,0,None,29313894,None,814397683,None,None,2909569,2909569,None,None,None,29145094,1174149427,359751744,None,8000000,USD,-46276296,-170090,-45940061,2750204,6000000,47794488,53519762,326233,2104697,5119714,3265287,-431677,826381,-579274,-5146000,0,0,1290250,2413969,-354274,None,5119714,9.53,9.19
19,2015-09-30,USD,11480000,-8335000,1870000,11480000,19815000,2200000,0,0,3145000,0,-8335000,None,19815000,0,0,None,None,None,0,0,0,945000,0,0,2200000,1606000,594000,USD,1127320000,125000,None,None,1026246000,101074000,0,958034000,8439000,42703000,3983000,0,300356000,35864000,1022263000,64229000,None,-2380000,24460000,307503000,766445000,77782000,271639000,None,64229000,13924000,958034000,0,0,8439000,23167000,42703000,0,None,28787000,None,819817000,None,None,3983000,3983000,None,None,None,29145000,1127320000,307503000,None,8000000,USD,7273000,None,8348000,1497000,None,-16081000,-10600000,None,2200000,-2413000,5320000,1675000,876000,-648000,-4833000,0,0,569000,422000,None,None,-2413000,9.0,9.53
