,fiscalDateEnding,reportedCurrency_x,totalRevenue,totalOperatingExpense,costOfRevenue,grossProfit,ebit,netIncome_x,researchAndDevelopment,effectOfAccountingCharges,incomeBeforeTax,minorityInterest,sellingGeneralAdministrative,otherNonOperatingIncome,operatingIncome,otherOperatingExpense,interestExpense,taxProvision,interestIncome,netInterestIncome,extraordinaryItems,nonRecurring,otherItems,incomeTaxExpense,totalOtherIncomeExpense,discontinuedOperations,netIncomeFromContinuingOperations,netIncomeApplicableToCommonShares,preferredStockAndOtherAdjustments,reportedCurrency_y,totalAssets,intangibleAssets,earningAssets,otherCurrentAssets,totalLiabilities,totalShareholderEquity,deferredLongTermLiabilities,otherCurrentLiabilities,commonStock,retainedEarnings,otherLiabilities,goodwill,otherAssets,cash,totalCurrentLiabilities,shortTermDebt,currentLongTermDebt,otherShareholderEquity,propertyPlantEquipment,totalCurrentAssets,longTermInvestments,netTangibleAssets,shortTermInvestments,netReceivables,longTermDebt,inventory,accountsPayable,totalPermanentEquity,additionalPaidInCapital,commonStockTotalEquity,preferredStockTotalEquity,retainedEarningsTotalEquity,treasuryStock,accumulatedAmortization,otherNonCurrrentAssets,deferredLongTermAssetCharges,totalNonCurrentAssets,capitalLeaseObligations,totalLongTermDebt,otherNonCurrentLiabilities,totalNonCurrentLiabilities,negativeGoodwill,warrants,preferredStockRedeemable,capitalSurplus,liabilitiesAndShareholderEquity,cashAndShortTermInvestments,accumulatedDepreciation,commonStockSharesOutstanding,reportedCurrency,investments,changeInLiabilities,cashflowFromInvestment,otherCashflowFromInvestment,netBorrowings,cashflowFromFinancing,otherCashflowFromFinancing,changeInOperatingActivities,netIncome_y,changeInCash,operatingCashflow,otherOperatingCashflow,depreciation,dividendPayout,stockSaleAndPurchase,changeInInventory,changeInAccountReceivables,changeInNetIncome,capitalExpenditures,changeInReceivables,changeInExchangeRate,changeInCashAndCashEquivalents,clossingVal,nextClossingVal
0,2020-06-30,USD,0,11152000,None,None,-10726000,-10726000,7942000,None,-10726000,None,3398000,426000,-11152000,None,None,None,426000,426000,None,-188000,None,None,188000,None,-10726000,-10726000,None,USD,176597000,None,None,4986000,10989000,165608000,None,2390000,7000,-649686000,None,None,160000,96051000,9478000,None,None,186000,2075000,174102000,None,165608000,72856000,209000,None,None,8599000,None,None,7000,None,-649686000,None,None,420000,None,2495000,1954000,None,None,1511000,None,None,None,815101000,176597000,168907000,None,68887092,USD,46999000,-2768000,46999000,None,None,7000,None,2696000,-10726000,39257000,-7749000,4727000,55000,None,7000,None,None,963000,0,None,None,39257000,3.49,
1,2020-03-31,USD,0,13927000,None,None,-13088000,-13088000,9509000,None,-13088000,None,4347000,839000,-13927000,None,None,None,839000,839000,None,71000,None,None,-71000,None,-13088000,-13088000,None,USD,188600000,None,None,9340000,13552000,175048000,None,3347000,7000,-638960000,None,None,160000,56794000,11922000,None,None,-130000,2242000,185949000,None,175048000,119438000,377000,None,None,10205000,None,None,7000,None,-638960000,None,None,409000,None,2651000,2054000,None,None,1630000,None,None,None,814131000,188600000,176232000,None,68882459,USD,46633000,-5827000,46633000,46633000,None,0,None,-2276000,-13088000,31925000,-14708000,2261000,-52000,None,None,None,None,1998000,0,None,None,31925000,1.48,3.49
2,2019-12-31,USD,0,25469000,17234000,-17234000,-29263000,-29413000,20937000,None,-29413000,None,4532000,None,-25469000,None,0,None,1131000,1131000,None,None,None,None,-5075000,None,-29413000,-29413000,None,USD,205727000,None,None,9910000,19379000,186348000,None,3193000,7000,-625872000,None,None,160000,24869000,17636000,None,None,80000,2644000,202923000,None,186348000,166076000,687000,None,None,2503000,None,None,None,None,None,None,None,160000,None,2804000,2150000,None,None,1743000,None,None,None,812133000,None,190945000,None,67000000,USD,9261000,1009000,9261000,-34032000,None,282000,None,-2539000,-29413000,-18593000,-28136000,None,150000,None,108132000,None,None,2657000,26000,None,None,None,1.96,1.48
3,2019-09-30,USD,0,27707000,16994000,-16994000,-26282000,-26282000,23193000,None,-26282000,None,4514000,1425000,-27707000,None,0,None,1425000,1425000,None,None,None,None,1425000,None,-26282000,-26282000,None,USD,231800000,None,None,8668000,19209000,212591000,None,None,7000,-596459000,None,None,1261000,43462000,17358000,None,None,177000,2549000,227771000,None,212591000,175132000,509000,None,None,17358000,None,None,7000,None,-596459000,None,None,1480000,None,4029000,2240000,None,1851000,1851000,None,None,None,808866000,231800000,218594000,None,68701043,USD,38528000,1833000,38508000,-43319000,None,0,None,2119000,-26282000,15381000,-23127000,-1102000,-441000,None,107850000,None,None,2865000,20000,None,None,15381000,5.12,1.96
4,2019-06-30,USD,0,25648000,16400000,-16400000,-24038000,-24038000,21119000,None,-24038000,None,4529000,1610000,-25648000,None,0,None,1610000,1610000,None,None,None,None,1610000,None,-24038000,-24038000,None,USD,253435000,None,None,7881000,17376000,236059000,None,None,7000,-570177000,None,None,730000,28081000,15422000,None,None,228000,2693000,249813000,None,236059000,213126000,725000,None,None,15422000,None,None,7000,None,-570177000,None,None,929000,None,3622000,2327000,None,1954000,1954000,None,None,None,806001000,253435000,241207000,None,68701043,USD,-72981000,1054000,-73072000,-81847000,None,-167000,None,-2324000,-24038000,-97493000,-24254000,-2906000,-640000,None,-167000,None,None,2276000,91000,None,None,-97493000,7.16,5.12
5,2019-03-31,USD,0,24251000,13951000,-13951000,-23075000,-23075000,18588000,None,-23075000,None,5663000,1176000,-24251000,None,0,None,1176000,1176000,None,None,None,None,1176000,None,-23075000,-23075000,None,USD,274157000,None,None,4827000,16526000,257631000,None,None,7000,-546139000,None,None,1122000,125574000,14473000,357000,357000,45000,2794000,270064000,None,257631000,139182000,481000,2053000,None,14473000,None,None,7000,None,-546139000,None,None,1299000,None,4093000,2410000,None,2053000,2053000,None,None,None,803718000,274157000,264756000,None,68694043,USD,-8866000,-3000,-9044000,-8866000,None,108017000,None,-1692000,-23075000,76579000,-22394000,-1252000,-406000,None,108017000,None,None,2342000,178000,None,None,76579000,13.28,7.16
6,2018-12-31,USD,0,20555000,12229000,-12229000,-19449000,-19449000,16397000,0,-19449000,0,4158000,1106000,-20555000,0,-672000,None,None,None,0,0,0,0,1106000,0,-19449000,-19449000,None,USD,186747000,None,None,2898000,16329000,170418000,1914000,425000,6000,-523064000,1914000,None,2280000,48995000,14415000,None,None,-58000,2905000,181562000,None,170418000,129669000,None,None,None,14415000,None,None,6000,None,-523064000,None,None,2280000,None,5185000,None,None,None,1914000,None,None,None,693534000,186747000,178664000,None,59456493,USD,27240000,549000,26771000,-53582000,-6527000,24000,-126000,-1598000,-19449000,7200000,-19595000,-1912000,-521000,None,24000,None,5000000,1738000,469000,None,None,7200000,7.87,13.28
7,2018-09-30,USD,0,21129000,14242000,-14242000,-18563000,-18563000,17853000,0,-18563000,0,3276000,2566000,-21129000,0,464000,None,None,None,0,0,0,0,2566000,0,-18563000,-18563000,None,USD,203708000,0,None,3893000,15577000,188131000,1937000,257000,6000,-503615000,1937000,0,1363000,41795000,13640000,None,None,-31000,90000,202255000,None,188131000,156350000,217000,0,0,13640000,0,0,6000,0,-503615000,0,None,1363000,None,1453000,None,None,None,1937000,None,None,None,691771000,203708000,198145000,None,59439130,USD,11621000,2347000,11607000,0,None,1539000,None,2578000,-18563000,-2931000,-16077000,9000,-567000,0,1539000,0,5000000,697000,14000,None,None,-2931000,11.08,7.87
8,2018-06-30,USD,0,17971000,10832000,-10832000,-17403000,-17531000,14397000,0,-17531000,0,3574000,568000,-17971000,0,128000,None,None,None,0,0,0,0,440000,0,-17531000,-17531000,None,USD,218168000,0,None,4231000,18955000,199213000,2039000,5632000,6000,-485052000,2039000,0,1363000,44726000,16916000,None,None,-67000,90000,216715000,None,199213000,167353000,405000,0,0,11284000,0,0,6000,0,-485052000,0,None,1363000,None,1453000,None,None,None,2039000,None,None,None,684326000,218168000,212079000,None,58959936,USD,-2834000,4233000,-2834000,0,-5824000,-5198000,-126000,3656000,-17531000,-20855000,-12823000,-1340000,-430000,0,626000,0,5000000,2245000,14000,None,None,-20855000,13.42,11.08
9,2018-03-31,USD,0,12850000,6443000,-6443000,-16797000,-17005000,9477000,0,-17005000,0,3373000,-3947000,-12850000,0,208000,None,None,None,0,0,0,0,-4155000,0,-17005000,-17005000,None,USD,232259000,0,None,1640000,20060000,212199000,0,7648000,6000,-467521000,None,0,980000,65581000,17918000,3219000,3219000,-132000,103000,231176000,None,212199000,163955000,None,2142000,0,7051000,0,0,6000,0,-467521000,0,None,980000,None,1083000,None,2142000,None,2142000,None,None,None,679846000,232259000,229536000,None,58713596,USD,-89609000,-60000,-89655000,0,-829000,138623000,-126000,-1439000,-17005000,42527000,-6441000,-652000,-174000,0,139452000,0,5000000,6450000,46000,5000000,None,42527000,12.99,13.42
10,2017-12-31,USD,5207000,9563000,9554000,5207000,-4809000,-5043000,6669000,0,-5043000,0,2894000,-453000,-4356000,0,234000,None,None,None,0,0,0,0,-8832000,0,-5043000,-5043000,None,USD,104247000,0,None,1334000,19300000,84947000,0,6091000,4000,-450516000,None,0,634000,23054000,16310000,3108000,3108000,-44000,69000,103544000,None,84947000,74156000,5000000,2990000,0,7111000,0,0,4000,0,-450516000,0,None,634000,None,703000,None,2990000,None,2990000,None,None,None,535503000,104247000,97210000,None,44408796,USD,5125000,2094000,5098000,0,-810000,1019000,-126000,1547000,-5043000,45000,-6072000,163000,-45000,0,1829000,0,-5000000,1759000,27000,-5000000,None,45000,9.2,12.99
11,2017-09-30,USD,0,6394000,6386000,0,-7976000,-8234000,4184000,0,-8234000,0,2210000,-1582000,-6394000,0,258000,None,None,None,0,0,0,0,0,0,-8234000,-8234000,None,USD,104344000,0,None,1490000,17840000,86504000,0,5862000,4000,-445473000,3000,0,634000,23009000,14028000,3001000,3001000,-13000,51000,103659000,None,86504000,79160000,None,3809000,0,5165000,0,0,4000,0,-445473000,0,None,634000,None,685000,None,3809000,3000,3812000,None,None,None,531986000,104344000,102169000,None,43846709,USD,-71904000,263000,-71904000,0,-793000,90870000,-126000,103000,-8234000,13500000,-5466000,-177000,64000,0,91663000,0,0,2618000,0,None,None,13500000,8.06,9.2
12,2017-06-30,USD,4793000,7626000,6217000,0,-8646000,-8929000,4044000,0,-8929000,0,3582000,-1020000,-7626000,0,283000,None,None,None,0,0,0,0,0,0,-8929000,-8929000,None,USD,18732000,0,None,1143000,16593000,2139000,0,4343000,3000,-437239000,6000,0,804000,9509000,11988000,2897000,7496000,-1000,59000,17869000,None,2139000,7217000,None,4599000,0,4748000,0,0,3000,0,-437239000,0,None,804000,None,863000,None,4599000,6000,4605000,None,None,None,439376000,18732000,16726000,None,28752451,USD,2502000,40000,2502000,0,-775000,-775000,None,3000,-8929000,-4164000,-5891000,-32000,126000,0,0,0,0,2904000,0,None,None,-4164000,5.76,8.06
13,2017-03-31,USD,4793000,7742000,6533000,4793000,-5046000,-5351000,4041000,0,-5351000,0,3701000,-2097000,-2949000,0,305000,None,None,None,0,0,0,0,0,0,-5351000,-5351000,None,USD,25379000,0,None,1161000,16152000,9227000,0,3279000,3000,-428310000,10000,0,754000,13673000,10780000,2797000,2797000,-2000,68000,24557000,None,9227000,9723000,None,5362000,0,4704000,0,0,3000,0,-428310000,0,None,754000,None,822000,None,5362000,10000,5372000,None,None,None,437536000,25379000,23396000,None,28752451,USD,-3224000,-621000,-3224000,0,-759000,8605000,None,229000,-5351000,3178000,-2203000,229000,128000,0,9364000,0,0,3412000,0,None,None,3178000,4.3,5.76
14,2016-12-31,USD,0,-6687000,6679000,-9748000,-6624000,-6952000,-3848000,0,-6952000,0,-2839000,63000,-6687000,0,328000,None,None,None,0,0,0,0,-1085000,0,-6952000,-6952000,None,USD,19359000,0,None,1534000,15422000,3937000,0,1145000,2000,-422959000,13000,0,754000,10495000,9311000,2700000,2700000,-1000,77000,18528000,None,3937000,6499000,None,6098000,0,5466000,0,0,2000,0,-422959000,0,None,754000,None,831000,None,6098000,13000,6111000,None,None,None,426895000,19359000,16994000,None,23447003,USD,9818000,1354000,9818000,0,-742000,-742000,-126000,399000,-6952000,3674000,-5402000,-413000,129000,0,0,0,-5000000,644000,42000,None,None,3674000,1.73,4.3
15,2016-09-30,USD,0,-5664000,5654000,0,-5538000,-5879000,-3534000,0,-5879000,0,-2130000,126000,-5664000,0,341000,None,None,None,0,0,0,0,0,0,-5879000,-5879000,None,USD,24786000,0,None,1324000,14574000,10212000,0,1177000,2000,-416007000,14000,0,221000,6821000,7751000,2607000,None,-2000,85000,24480000,None,10212000,16313000,22000,6809000,0,3967000,0,0,2000,0,-416007000,0,None,221000,None,306000,None,6809000,14000,6823000,None,None,None,426219000,24786000,23134000,None,23447003,USD,400000,-277000,395000,0,-244000,-244000,None,None,-5879000,-5590000,-5741000,-295000,128000,0,0,0,164000,585000,5000,-3000,None,-5590000,1.94,1.73
16,2016-06-30,USD,0,-6346000,6340000,0,-6656000,-6992000,-4131000,0,-6992000,0,-2215000,-310000,-6346000,0,336000,None,None,None,0,0,0,0,0,0,-6992000,-6992000,None,USD,30475000,0,None,1029000,15054000,15421000,0,1259000,2000,-410128000,16000,0,221000,12411000,7542000,2041000,None,-5000,90000,30164000,None,15421000,16705000,19000,7496000,0,4242000,0,0,2000,0,-410128000,0,None,221000,None,311000,None,7496000,16000,7512000,None,None,None,425552000,30475000,29116000,None,23447003,USD,-2679000,-345000,-2716000,0,None,0,None,None,-6992000,-8786000,-6070000,111000,149000,0,0,0,167000,930000,37000,77000,None,-8786000,1.74,1.94
17,2016-03-31,USD,0,-6889000,6884000,0,-6516000,-6848000,-4428000,0,-6848000,0,-2461000,373000,-6889000,0,332000,None,None,None,0,0,0,0,0,0,-6848000,-6848000,None,USD,36770000,0,None,1140000,14924000,21846000,0,900000,2000,-403136000,18000,0,221000,21197000,6747000,1262000,None,-1000,59000,36490000,None,21846000,14057000,96000,8159000,0,4585000,0,0,2000,0,-403136000,0,None,221000,None,280000,None,8159000,18000,8177000,None,None,None,424981000,36770000,35254000,None,23447003,USD,19631000,167000,19631000,0,None,0,None,None,-6848000,13491000,-6140000,-12000,224000,0,0,0,90000,239000,0,90000,None,13491000,1.35,1.74
18,2015-12-31,USD,0,-5847000,5842000,-11697000,-5650000,-5979000,-4051000,0,-5979000,0,-1796000,197000,-5847000,0,329000,None,None,None,0,0,0,0,10368000,0,-5979000,-5979000,None,USD,43079000,0,None,1128000,14964000,28115000,0,1220000,2000,-396288000,19000,0,221000,7706000,6146000,509000,509000,-21000,64000,42794000,None,28115000,33774000,186000,8799000,0,4417000,0,0,2000,0,-396288000,0,None,221000,None,285000,None,8799000,19000,8818000,None,None,None,424422000,43079000,41480000,None,23447003,USD,6211000,-345000,6211000,0,4726000,30527000,-126000,1155000,-5979000,1015000,-5196000,383000,245000,0,4300000,0,161000,477000,42000,23000,None,1015000,1.69,1.35
19,2015-09-30,USD,0,-6729000,6723000,0,-5600000,-5865000,-4528000,0,-5865000,0,-2201000,1129000,-6729000,0,265000,None,None,None,0,0,0,0,0,0,-5865000,-5865000,None,USD,48863000,0,None,1511000,15369000,33494000,0,1356000,2000,-390309000,18000,0,221000,6691000,6153000,None,None,-8000,69000,48573000,None,33494000,40162000,209000,9198000,0,4797000,0,0,2000,0,-390309000,0,None,221000,None,290000,None,9198000,18000,9216000,None,None,None,423809000,48863000,46853000,None,23447003,USD,-24947000,-88000,-24947000,0,5484000,26596000,None,None,-5865000,-5011000,-6660000,-268000,191000,0,21112000,0,138000,-521000,0,-109000,None,-5011000,1.94,1.69
