,fiscalDateEnding,reportedCurrency_x,totalRevenue,totalOperatingExpense,costOfRevenue,grossProfit,ebit,netIncome_x,researchAndDevelopment,effectOfAccountingCharges,incomeBeforeTax,minorityInterest,sellingGeneralAdministrative,otherNonOperatingIncome,operatingIncome,otherOperatingExpense,interestExpense,taxProvision,interestIncome,netInterestIncome,extraordinaryItems,nonRecurring,otherItems,incomeTaxExpense,totalOtherIncomeExpense,discontinuedOperations,netIncomeFromContinuingOperations,netIncomeApplicableToCommonShares,preferredStockAndOtherAdjustments,reportedCurrency_y,totalAssets,intangibleAssets,earningAssets,otherCurrentAssets,totalLiabilities,totalShareholderEquity,deferredLongTermLiabilities,otherCurrentLiabilities,commonStock,retainedEarnings,otherLiabilities,goodwill,otherAssets,cash,totalCurrentLiabilities,shortTermDebt,currentLongTermDebt,otherShareholderEquity,propertyPlantEquipment,totalCurrentAssets,longTermInvestments,netTangibleAssets,shortTermInvestments,netReceivables,longTermDebt,inventory,accountsPayable,totalPermanentEquity,additionalPaidInCapital,commonStockTotalEquity,preferredStockTotalEquity,retainedEarningsTotalEquity,treasuryStock,accumulatedAmortization,otherNonCurrrentAssets,deferredLongTermAssetCharges,totalNonCurrentAssets,capitalLeaseObligations,totalLongTermDebt,otherNonCurrentLiabilities,totalNonCurrentLiabilities,negativeGoodwill,warrants,preferredStockRedeemable,capitalSurplus,liabilitiesAndShareholderEquity,cashAndShortTermInvestments,accumulatedDepreciation,commonStockSharesOutstanding,reportedCurrency,investments,changeInLiabilities,cashflowFromInvestment,otherCashflowFromInvestment,netBorrowings,cashflowFromFinancing,otherCashflowFromFinancing,changeInOperatingActivities,netIncome_y,changeInCash,operatingCashflow,otherOperatingCashflow,depreciation,dividendPayout,stockSaleAndPurchase,changeInInventory,changeInAccountReceivables,changeInNetIncome,capitalExpenditures,changeInReceivables,changeInExchangeRate,changeInCashAndCashEquivalents,clossingVal,nextClossingVal
0,2020-06-30,USD,63255,655446,None,None,-589343,-369838,170007,None,-376545,5000364,485439,None,-592191,None,None,None,508811,508811,None,None,None,None,-293165.0,None,-376545,-369838,None,USD,4079237,None,None,56751,787335,-1708462,None,None,64163,-167663942,None,None,None,3409310,787335,None,None,-612124,9233,4070004,None,-1708462,357391,246552,None,None,301618,None,None,None,None,None,None,None,None,None,9233,None,None,None,0,None,None,None,None,None,None,None,None,USD,43245,-23957,43245,None,None,2783425,None,18667,-369838,2350499,-476411,None,2848,None,None,None,112083.0,-216214,0,None,None,None,2.57,
1,2020-03-31,USD,156042,600374,None,156042,-601728,-588532,218208,None,-601728,-13196,382166,-157396,-444332,None,None,None,2900,2900,None,None,None,None,-160296.0,None,-601728,-588532,None,USD,1864586,None,None,80028,1085222,-4213695,None,None,56540,-167294104,None,None,18667,1058811,1085222,44412,None,-642507,12434,1833485,None,-4213695,360210,334436,None,None,1040810,None,None,56540,None,-167294104,None,None,18667,None,31101,None,None,None,0,None,None,None,163666376,1864586,1419021,None,11403239,USD,0,4292,43245,None,None,382215,None,18667,-601728,-43378,-425593,8074,3080,None,382215,None,8074.0,160689,0,None,-23935,-67313,1.66,2.57
2,2019-12-31,USD,177681,649566,None,177681,-1168391,-1175297,281018,None,-1168391,6906,368548,-696506,-471885,None,None,None,-419720,-437250,None,None,None,None,17526.0,None,-1168391,-1175297,None,USD,2036852,None,None,45381,1520566,-4523592,None,None,56487,-167173572,None,None,18667,1126124,1520566,6414,None,-568030,15514,2002671,None,-4523592,452301,378865,None,None,1514152,None,None,56487,None,-167173572,None,None,18667,None,34181,None,None,None,0,None,None,None,163161523,2036852,1578425,None,11298239,USD,-7113,971022,-1761,6900,None,0,None,13,-1168391,-366215,-364454,-145617,3479,None,None,None,-145630.0,-24947,1548,None,4951,-361264,0.602,1.66
3,2019-09-30,USD,269635,788031,262410,269635,-467367,-449919,262410,None,-467367,-17448,525621,51029,-518396,None,None,None,14246,14246,None,None,None,None,36783.0,None,-467367,-449919,None,USD,2228772,None,None,67552,565682,-3363169,None,24461,56487,-165998275,None,None,18667,1487388,565682,24461,None,-582904,17445,2192660,None,-3363169,426915,210805,None,None,541221,None,None,56487,None,-165998275,None,None,18667,None,36112,None,None,None,0,None,None,None,163161523,2228772,1914303,None,11298239,USD,-37795,-339952,-31745,6050,None,0,None,9,-467367,-744785,-713040,134086,2774,None,None,None,134077.0,-42581,0,None,-5644,-750429,1.01,0.602
4,2019-06-30,USD,276967,1048569,599578,276967,-633594,-616828,599578,0,-633594,-16766,448991,138008,-771602,0,0,None,25930,25930,0,0,0,0,112078.0,0,-633594,-616828,0,USD,3085618,0,None,74625,943167,-2905089,0,60992,56487,-165548356,3659,0,18667,2237817,939508,60992,0,-574743,20218,3046733,0,-2905089,396350,337941,0,0,878516,0,0,56487,0,-165548356,0,0,18667,0,38885,0,0,0,3659,0,0,0,163161523,3085618,2634167,0,11298239,USD,153039,36531,190289,37250,0,0,0,12129,-633594,-567751,-758040,-13875,3614,0,0,0,-26004.0,-150716,0,0,16189,-551562,1.45,1.01
5,2019-03-31,USD,197919,988091,513421,197919,-893312,-872943,513421,0,-893312,-20369,474670,-103140,-790172,0,0,None,-103140,-7648,0,0,0,0,-95492.0,0,-893312,-872943,0,USD,3779738,0,None,115818,1018273,-2298129,0,173458,56487,-164931528,7159,0,30820,2800000,1011114,173458,0,-584611,23833,3725081,0,-2298129,540668,269778,0,0,837656,0,0,56487,0,-164931528,0,0,30824,0,54657,0,0,0,7159,0,0,0,163161523,3779738,3340668,0,11298239,USD,0,-3078,190289,0,0,0,0,-280,-893312,-827855,-827855,-31201,3915,0,0,0,-30921.0,95821,0,0,0,-827855,1.68,1.45
6,2018-12-31,USD,235713,863707,534313,235713,-448049,-431882,534313,0,-448049,-16167,329394,179945,-627994,0,0,None,None,None,0,0,0,0,179945.0,0,-448049,-431882,0,USD,4534407,0,None,103397,920380,-1451945,0,78637,56487,-164058585,8459,0,30373,3617234,911921,78637,0,-611370,27747,4476287,0,-1451945,503810,251846,0,0,833284,0,0,56487,0,-164058585,0,0,30373,0,58120,0,0,8459,8459,0,0,0,163161523,4534407,4121044,0,11298239,USD,412010,-516237,405884,375,0,55220,0,3222,-448049,-766455,-1172339,-449326,4091,0,55220,0,-51536.0,-194142,6501,431324,4950,-761505,1.01,1.68
7,2018-09-30,USD,283307,1551073,839413,283307,-1128361,-1104444,839413,0,-1128361,-23917,711660,139405,-1267766,0,0,None,None,None,0,0,0,0,139405.0,0,-1128361,-1104444,0,USD,5698148,0,None,104700,1601760,-997592,0,241400,56487,-163626703,8794,0,33540,4378739,1592966,241400,0,-588899,25349,5639259,0,-997592,956608,199212,0,0,1351566,0,0,56487,0,-163626703,0,0,33540,0,58889,0,0,0,8794,0,0,0,163161523,5698148,5335347,0,11298239,USD,1550299,-69668,1547934,3582130,0,55220,0,119,-1128361,388833,-1159101,155856,4514,0,55220,0,163633.0,-121442,2365,0,-17208,371625,2.01,1.01
8,2018-06-30,USD,391591,1459650,111215.30,391591,-872585,-851037,908907,0,-872585,-21548,550743,195474,-1068059,0,0,None,None,None,0,0,0,0,23918.51,0,-872585,-851037,0,USD,7056365,0,None,121565,1796691,130655,0,93342.55,56487,-162522259,0,0,4134.11,4007114,1796691,362842,0,-565096,27512,6995067,0,130655,2520376,346012,0,0,1433849,0,0,56487,0,-162522259,0,0,33786,0,61298,0,0,0,0,0,0,0,163161523,7056365,6527490,0,11298239,USD,511637,-183947,511671,0,0,0,0,-588.31,-872585,-570441,-1082112,139802,4689,0,0,0,19031.75,-170071,34,0,-8785,-579226,2.46,2.01
9,2018-03-31,USD,227576,2063663,1336470,227576,-1258452,-1224610,1336470,0,-1258452,-33842,727193,577635,-1836087,0,0,None,None,None,0,0,0,0,577635.0,0,-1258452,-1224610,None,USD,8369723,0,None,251630,2156240,1036489,0,532913,56487,-161671222,None,0,29405,4586340,2156240,532913,None,-510299,32258,8308060,None,1036489,3097266,372824,0,0,1623327,6213483,163161523,56487,0,-161671222,0,None,29405,None,61663,None,None,None,None,None,None,None,163161523,8369723,7683606,None,11298239,USD,1484420,444020,1501145,35770,None,55215,None,1303,-1258452,356497,-1199863,153504,4881,0,55215,0,163690.0,-543816,19045,None,-705,355792,3.07,2.46
10,2017-12-31,USD,870351,2083879,2081000,870351,-1198125,-1169110,1523978,0,-1198125,-29015,559901,15403,-1213528,0,0,None,None,None,0,0,0,0,-4142866.0,0,-1198125,-1169110,None,USD,9629262,0,None,233617,2220892,2199726,0,2012000,56395,-160446612,8000,0,30000,4200000,2213398,1041455,None,-516457,18588,9579990,None,2199726,4561357,554468,0,0,1171943,7408370,163106400,56395,0,-160446612,0,None,30684,None,49272,None,None,7494,7494,None,None,None,163106400,9629262,8761357,None,11279834,USD,924582,-65528,920178,0,None,55215,None,-164,-1198125,-4693828,-1279896,221645,4279,0,0,0,-144443.0,-40399,4404,-201768,-590,-360308,4.0099,3.07
11,2017-09-30,USD,296881,1494203,1489000,296881,-1296318,-1260864,919067,0,-1296318,-35454,575136,-98996,-1197322,0,0,None,None,None,0,0,0,0,3978634.0,0,-1296318,-1260864,None,USD,10871519,0,None,321109,2272440,3363643,0,1891000,56395,-159277502,None,0,31000,4590856,2272440,1027303,None,-521650,18460,10822394,None,3363643,5466185,444244,0,0,1245137,8599079,163106400,56395,0,-159277502,0,None,30665,None,49125,None,None,None,None,None,None,None,163106400,10871519,10057041,None,11279834,USD,2093560,-250595,2093546,-14,None,0,None,-816675,-1296318,660663,-1432883,-57418,5161,0,0,0,0.0,166287,0,None,-1808,658855,3.44,4.0099
12,2017-06-30,USD,206156,1776668,1771000,206156,-5648142,-5612788,1188380,0,-5648142,-35354,588288,-4077630,-1570512,0,0,None,None,None,0,0,0,0,-3996991.0,0,-5648142,-5612788,None,USD,12230951,0,None,292783,2359512,4607157,0,2062000,56395,-158016638,None,0,31000,3932001,2359512,861016,None,-539000,23599,12176733,None,4607157,7524765,427184,0,0,1498496,9871439,163106400,56395,0,-158016638,0,None,30619,None,54218,None,None,None,None,None,None,None,163106400,12230951,11456766,None,11279834,USD,1684759,-72952,1684791,32,None,4334110,None,1303,-5648142,4438375,-1580526,10634,5925,0,4334110,0,0.0,4124009,0,None,7232,111497,2.95,3.44
13,2017-03-31,USD,574974,2194422,2188000,574974,-1700087,-1663694,1416998,0,-1700087,-36393,777424,-80639,-1619448,0,0,None,None,None,0,0,0,0,-80639.0,0,-1700087,-1663694,None,USD,13881770,0,None,231026,2635659,5927254,0,2257000,54932,-152403850,None,0,31000,3820504,2635659,1071117,None,-497581,29597,13821433,None,5927254,9253471,516432,0,0,1564542,11246111,158773753,54932,0,-152403850,0,None,30740,None,60337,None,None,None,None,None,None,None,158773753,13881770,13073975,None,10987166,USD,-819562,-621218,-810624,8938,None,0,None,57325,-1700087,-3128778,-2318154,-117536,5716,0,0,0,0.0,114971,0,None,47466,-3081312,1.6,2.95
14,2016-12-31,USD,989665,2824827,2815000,989665,-1173566,-1231515,2157973,0,-1173566,57949,666854,661596,-1835162,0,0,None,None,None,0,0,0,0,1911068.0,0,-1173566,-1231515,None,USD,15955870,0,None,289768,3109089,7523970,0,2773000,54932,-150740156,None,0,31000,6901816,3109089,949419,None,-564559,37376,15887941,None,7523970,8343657,352700,0,0,2159670,12846781,158773753,54932,0,-150740156,0,None,30553,None,67929,None,None,None,None,None,None,None,158773753,15955870,15245473,None,10987166,USD,2548866,688810,2728259,181999,None,540000,None,342291,-1173566,2994225,265966,1063385,9785,0,0,0,301000.0,-623210,2606,300762,-144381,2849844,1.42,1.6
15,2016-09-30,USD,1141212,1855345,1843000,1141212,1140590,1138454,1104742,0,1140590,2136,750603,1854723,-714133,0,0,None,None,None,0,0,0,0,2246815.0,0,1140590,1138454,None,USD,17029728,0,None,603787,2788854,8912458,0,2602000,54932,-149508641,None,0,31000,4051972,2788854,1348845,None,-407586,45794,16953478,None,8912458,10877141,1420578,0,0,1440009,14240874,158773753,54932,0,-149508641,0,None,30456,None,76250,None,None,None,None,None,None,None,158773753,17029728,14929113,None,10987166,USD,92981,-190945,87248,-2325,None,540000,None,None,1140590,-1270724,-1357972,-527693,12106,0,0,0,0.0,-1792030,3408,None,-89371,-1360095,1.65,1.42
16,2016-06-30,USD,575025,2069274,2054000,575025,-1886341,-1897868,1292167,0,-1886341,11527,777107,-392092,-1494249,0,0,None,None,None,0,0,0,0,-2033656.0,0,-1886341,-1897868,None,USD,17962203,0,None,586927,4872010,7771664,0,161213,54932,-150647095,None,0,72000,5412067,4872010,3183350,None,-409926,54394,17836484,None,7771664,10941570,895920,0,0,1527447,13090193,158773753,54932,0,-150647095,0,None,71325,None,125719,None,None,None,None,None,None,None,158773753,17962203,16353637,None,10987166,USD,-3489986,-567539,-3492883,1338,None,540000,None,None,-1886341,-5183773,-1690890,198712,14948,0,0,0,0.0,549330,4235,None,1012,-5182761,2.98,1.65
17,2016-03-31,USD,812500,3124806,3099000,812500,-670742,-667936,1941240,0,-670742,-2806,1183566,1641564,-2312306,0,0,None,None,None,0,0,0,0,1641564.0,0,-670742,-667936,None,USD,19803232,0,None,500108,4854625,9771855,0,105216,54932,-148646767,None,0,67000,10594828,4854625,2636187,None,-407896,66293,19669756,None,9771855,7382344,1192476,0,0,2113222,0,0,54932,0,-148646767,0,None,67183,None,133476,None,None,None,None,None,None,None,158771586,19803232,17977172,None,10987166,USD,6335062,352061,6350389,15327,None,539998,None,None,-670742,4633644,-2256743,-563423,26617,0,539998,0,0.0,-1401256,0,None,42760,4676404,2.53,2.98
18,2015-12-31,USD,1269433,3080978,3049000,1269433,-1668658,-1422463,1896587,0,-1668658,-246195,1184391,142887,-1811545,0,-532049,None,None,None,0,0,0,0,-2455143.0,0,-1668658,-1422463,None,USD,20880604,0,None,442642,5842752,9888182,0,11892,54932,-147978831,None,0,65000,5918424,5842752,4048900,None,-408051,122958,20693423,None,9888182,13701273,631084,0,0,1781960,0,0,54932,0,-147978831,-544853,None,64223,None,187181,None,None,None,None,None,None,None,158764985,20880604,19619697,None,10987166,USD,2473271,-902292,2515851,20346,-290966,126579,None,-63332,-1668658,-578045,-3220475,180298,31872,0,417545,0,-414068.0,-447627,22234,-374109,133790,-444255,3.49,2.53
19,2015-09-30,USD,501555,3318711,3202000,501555,-3215900,-3120199,2052567,0,-3215900,-95701,1266144,-398744,-2817156,0,0,None,None,None,0,0,0,0,1212233.0,0,-3215900,-3120199,None,USD,24661981,0,None,505594,10136763,10629096,0,255530,53651,-145826711,None,0,1124000,6362679,10136763,7435090,None,-465722,151683,23386038,None,10629096,16151455,366310,0,0,2446143,14525218,14525218,53651,14525218,-145826711,-906321,None,1124260,None,1275943,None,None,None,None,None,None,None,157774199,24661981,22514134,None,10730951,USD,-15727243,-258060,-15178517,551762,-2005275,22136083,None,None,-3215900,3070772,-3886794,-558458,116847,0,24141358,0,0.0,28777,3036,None,101786,3172558,4.34,3.49
