,fiscalDateEnding,reportedCurrency_x,totalRevenue,totalOperatingExpense,costOfRevenue,grossProfit,ebit,netIncome_x,researchAndDevelopment,effectOfAccountingCharges,incomeBeforeTax,minorityInterest,sellingGeneralAdministrative,otherNonOperatingIncome,operatingIncome,otherOperatingExpense,interestExpense,taxProvision,interestIncome,netInterestIncome,extraordinaryItems,nonRecurring,otherItems,incomeTaxExpense,totalOtherIncomeExpense,discontinuedOperations,netIncomeFromContinuingOperations,netIncomeApplicableToCommonShares,preferredStockAndOtherAdjustments,reportedCurrency_y,totalAssets,intangibleAssets,earningAssets,otherCurrentAssets,totalLiabilities,totalShareholderEquity,deferredLongTermLiabilities,otherCurrentLiabilities,commonStock,retainedEarnings,otherLiabilities,goodwill,otherAssets,cash,totalCurrentLiabilities,shortTermDebt,currentLongTermDebt,otherShareholderEquity,propertyPlantEquipment,totalCurrentAssets,longTermInvestments,netTangibleAssets,shortTermInvestments,netReceivables,longTermDebt,inventory,accountsPayable,totalPermanentEquity,additionalPaidInCapital,commonStockTotalEquity,preferredStockTotalEquity,retainedEarningsTotalEquity,treasuryStock,accumulatedAmortization,otherNonCurrrentAssets,deferredLongTermAssetCharges,totalNonCurrentAssets,capitalLeaseObligations,totalLongTermDebt,otherNonCurrentLiabilities,totalNonCurrentLiabilities,negativeGoodwill,warrants,preferredStockRedeemable,capitalSurplus,liabilitiesAndShareholderEquity,cashAndShortTermInvestments,accumulatedDepreciation,commonStockSharesOutstanding,reportedCurrency,investments,changeInLiabilities,cashflowFromInvestment,otherCashflowFromInvestment,netBorrowings,cashflowFromFinancing,otherCashflowFromFinancing,changeInOperatingActivities,netIncome_y,changeInCash,operatingCashflow,otherOperatingCashflow,depreciation,dividendPayout,stockSaleAndPurchase,changeInInventory,changeInAccountReceivables,changeInNetIncome,capitalExpenditures,changeInReceivables,changeInExchangeRate,changeInCashAndCashEquivalents,clossingVal,nextClossingVal
0,2020-06-30,USD,316443000.0,None,None,None,None,39863000.0,None,None,48392000.0,302000.0,158824000.0,None,None,11869000.0,10266000.0,9661000,213323000,203057000,None,None,None,9661000.0,None,None,38731000.0,37260000.0,None,USD,30496121000.0,7179000.0,None,None,27137952000.0,3357867000.0,None,None,563978000.0,232082000.0,847699000,138921000.0,16523489000.0,1796236000.0,None,None,None,349261000,368565000.0,None,10468129000,3072608000,10317427000.0,None,1475000.0,None,None,None,None,None,None,None,None,None,None,None,None,None,None,None,None,None,None,None,None,None,None,None,None,USD,-2657901000,0,-2657901000.0,None,-442561000,3426541000.0,3901974000,-2984000,39863000.0,918600000,149960000.0,None,10739000.0,-32424000.0,-448000,None,-1991000,78127000,6103000.0,None,None,None,25.37,
1,2020-03-31,USD,311427000.0,None,None,None,None,51857000.0,None,None,59776000.0,1449000.0,163129000.0,None,None,14000000.0,20420000.0,10173000,221485000,201065000,None,None,None,10173000.0,None,None,49603000.0,49137000.0,None,USD,26793017000.0,8433000.0,10292163000,None,23540553000.0,3251015000.0,None,None,563978000.0,224643000.0,559773000,138921000.0,15369417000.0,875341000.0,None,None,None,253136000,369745000.0,None,8861989000,2965645000,8678586000.0,None,756461000.0,None,None,None,None,None,None,None,-69149000,None,None,None,None,None,756461000,None,None,None,None,None,2133623000,None,None,None,None,USD,-281594000,0,-281594000.0,-274020000,331284000,193532000.0,-52065000,-2161000,51857000.0,-8294000,79768000.0,None,10581000.0,-32542000.0,-53145000,None,-1681000,29287000,7574000.0,None,None,None,25.37,25.37
2,2019-12-31,USD,345872000.0,193522000,None,330666000,None,106880000.0,None,None,135492000.0,3788000.0,161289000.0,None,137144000,43767000.0,24006000.0,28214000,226665000,202659000,None,None,None,28214000.0,-1652000,None,107278000.0,103607000.0,None,USD,26065789000.0,9534000.0,10040029000,194809000,22927317000.0,3134684000.0,None,None,563978000.0,201562000.0,516469000,138921000.0,14908966000.0,887465000.0,22387319000,None,None,110444000,385337000.0,1905774000,8698118000,2849194000,8571626000.0,None,2418000.0,365000,20520415000,None,None,None,None,None,-37548000,None,None,None,None,None,2418000,None,None,None,None,None,2151464000,None,None,None,None,USD,-275902000,0,-275902000.0,-687590000,-45467000,163870000.0,254454000,-352000,106880000.0,23428000,135460000.0,None,10416000.0,-30183000.0,-14934000,None,3087000,20203000,13134000.0,None,None,None,25.99,25.37
3,2019-09-30,USD,341164000.0,189399000,None,330201000,None,109242000.0,None,None,139181000.0,3414000.0,160068000.0,None,140802000,13718000.0,28231000.0,29101000,231743000,203512000,None,None,None,29101000.0,-1621000,None,110080000.0,105952000.0,None,USD,25876479000.0,9139000.0,10112893000,45164000,22770465000.0,3102600000.0,None,None,559432000.0,463231000.0,522819000,138921000.0,14658733000.0,856383000.0,22213181000,None,None,144173000,365949000.0,1925691000,8847734000,2816991000,8660419000.0,None,257383000.0,502000,20310151000,None,None,None,None,None,-251663000,None,None,None,None,None,257383000,None,None,None,None,None,2042643000,None,None,None,None,USD,-306233000,0,-306233000.0,-150000000,-500147000,103558000.0,817839000,1517000,109242000.0,-77075000,125600000.0,None,10432000.0,-30243000.0,-183891000,None,-647000,9131000,9152000.0,None,None,None,25.93,25.99
4,2019-06-30,USD,338783000.0,188086000,0,326977000,0,107971000.0,0,0,137198000.0,2632000.0,156293000.0,0,138891000,17551000.0,26778000.0,28899000,238412000,211634000,0,0,0,28899000.0,-1693000,0,108299000.0,104709000.0,0,USD,25772174000.0,8763000.0,10103297000,32967000,22600811000.0,3168731000.0,0,0,559432000.0,384232000.0,334770000,138921000.0,14652166000.0,948510000.0,22233914000,0,0,7111000,363554000.0,1825312000,8853593000,2882993000,8682303000.0,0,4510000.0,897000,19829608000,0,0,0,0,0,-106106000,0,0,0,0,0,4510000,0,0,0,0,0,2077491000,0,0,0,0,USD,-116708000,0,-148030000.0,-127741000,674031000,362178000.0,-199065000,1713000,107971000.0,355023000,109553000.0,0,10331000.0,-30932000.0,-46380000,0,2444000,-14972000,9006000.0,0,0,0,26.2,25.93
5,2019-03-31,USD,323803000.0,187915000,0,311340000,0,97138000.0,0,0,119915000.0,5458000.0,157160000.0,0,123425000,16493000.0,24377000.0,22860000,227865000,203488000,0,0,0,22860000.0,-3510000,0,97055000.0,93944000.0,0,USD,25033471000.0,8511000.0,9697712000,32185000,21990258000.0,3037755000.0,0,0,559432000.0,307193000.0,253026000,138921000.0,14385514000.0,594095000.0,21707404000,0,0,11981000,362679000.0,1409385000,8792515000,2751880000,8627890000.0,0,2022000.0,737000,19974353000,0,0,0,0,0,-60547000,0,0,0,0,0,2022000,0,0,0,0,0,2074912000,0,0,0,0,USD,-31322000,0,-31322000.0,-150000000,-240428000,-713667000.0,-402432000,2708000,97138000.0,-602808000,142181000.0,0,9966000.0,-31108000.0,-39699000,0,-1568000,8826000,11283000.0,0,0,0,26.91,26.2
6,2018-12-31,USD,325922000.0,186829000,0,325922000,0,109652000.0,0,0,137297000.0,5851000.0,143937000.0,0,139093000,42892000.0,0.0,None,None,None,0,0,0,26537000.0,-1796000,0,110760000.0,106265000.0,0,USD,25463842000.0,8794000.0,None,257194000,22526693000.0,2786514000.0,0,0,559432000.0,241163000.0,224522000,138921000.0,14292335000.0,972788000.0,22293469000,0,0,-64669000,349219000.0,1999664000,8674909000,2645277000,700000000.0,0,8702000.0,1413000,20323659000,0,0,0,0,0,-34236000,0,0,0,0,0,8702000,0,0,0,0,0,2084824000,0,0,0,0,USD,233706000,0,35770000.0,-150000000,101440000,262367000.0,223810000,1448000,109652000.0,404086000,105949000.0,0,9855000.0,-27227000.0,-75241000,0,0,11441000,11936000.0,0,0,0,25.24,26.91
7,2018-09-30,USD,4467260.88,2494233.80,0,4467260.88,0,1543723.0,0,0,1929598.9,64682.89,2256770.65,0,1973027.08,237463.15,0.0,None,None,None,0,0,0,365402.81,-43428.18,0,1564196.09,1496948.92,0,USD,343673527.6,116146.73,None,409873.16,305170819.33,36452643.13,0,0,7341885.5,6769160.1,3212876.24,1904984.57,195460761.06,6271909.5,301936907.78,0,0,-1941666.10,4550826.19,21338100.79,120302708.26,34513897.84,14189262.94,0,21035.31,16194.72,276086664.38,0,0,0,0,0,0,0,0,0,0,0,0,0,0,0,0,0,0,0,0,0,0,USD,-4949948.58,0,-5206705.52,0,9428878.99,6563291.05,-2209914.30,17689.41,1543723.0,3531888.93,2175303.39,0,132245.46,-374480.63,0,0,0,206856.36,107411.72,0,0,0,25.75,25.24
8,2018-06-30,USD,322691000.0,178734000,0,322691000,0,110330000.0,0,0,140831000.0,3396000.0,162585000.0,None,143957000,16149000.0,0.0,None,None,None,0,0,0,29507000.0,-3126000,0,111324000.0,106941000.0,None,USD,24524742000.0,8083000.0,None,35152000,21753359000.0,2623203000.0,0,0,535407000.0,408374000.0,235906000,138921000.0,14243824000.0,417839000.0,21508162000,0,0,-108781000,331782000.0,1306372000,8495760000,2481662000,814947000.0,0,9291000.0,1039000,20321557000,0,0,0,0,0,0,None,None,None,None,None,None,None,None,None,None,None,None,None,None,None,None,USD,47997000,0,-30457000.0,0,34507000,-150986000.0,-156145000,131000,110330000.0,-37355000,144088000.0,None,9560000.0,-27346000.0,0,0,0,28183000,8543000.0,None,None,None,25.77,25.75
9,2018-03-31,USD,92895626.96,54004590.48,0,92895626.96,0,30497704.76,0,0,37847004.11,787025.85,49141398.89,None,38891036.48,4863191.59,3957175.65,None,None,None,0,0,0,7024039.62,-1044032.37,0,30822964.48,29479644.84,None,USD,7432725899.98,2383727.95,None,8043911.57,6615581662.24,772631674.32,0,6202727410,161695759.85,98269509.54,63157465.57,41954880.41,4298663626.48,132896834.98,6549641519.69,349696786.66,349696786.66,-27048502.05,100342172.02,404625815.41,2584755677.70,729834803.09,252082930.66,0,2782676.98,392606.91,6202727410,817144237.74,544450652.33,161695759.85,43725537.57,98269509.54,-4735745.35,None,None,None,None,None,None,None,None,None,None,None,None,None,None,None,None,USD,63055085.77,0,85576830.15,0,-110942558.59,-110762563.42,13595977.29,-221067.89,30497704.76,18299710.07,43485443.34,None,2905291.13,-8261657.41,0,0,0,9011838.61,1504590.48,None,None,None,25.89,25.77
10,2017-12-31,USD,362291320.75,282749886.79,0,362291320.75,-29897660.38,73907622.64,0,0,129933886.79,445886.79,187006792.45,None,134156075.47,45161056.6,9683018.87,None,None,None,0,0,0,23611169.81,-4222188.68,0,100271094.34,95807698.11,None,USD,7496880000.0,2299773.58,None,48301283.02,6676296150.94,776385207.55,0,6166172377.36,161632301.89,66829886.79,52170566.04,41938415.09,4285445735.85,112677735.85,6623685433.96,90566.04,90566.04,4259018.87,106418113.21,380540981.13,2680236981.13,733551698.11,211320754.72,0,440150.94,205584.91,6166172377.36,820583849.06,548033207.55,161632301.89,43708377.36,66829886.79,-4369207.55,None,None,None,None,None,None,None,None,None,None,None,None,None,None,None,None,USD,253042415.09,0,66632452.83,7547169.81,-95715622.64,-279105207.55,-147649207.55,11471.70,96417509.43,-81687547.17,130785207.55,None,11994566.04,-30375547.17,0,0,0,29775698.11,9305358.49,None,None,None,26.35,25.89
11,2017-09-30,USD,0.0,-361913000,0,0,297108000,-4396000.0,0,0,0.0,5547000.0,0.0,None,0,-13779000.0,866000.0,None,None,None,0,0,0,-907000.0,0,0,51771000.0,51913000.0,None,USD,24979141000.0,7388000.0,None,17337000,22274664000.0,2700544000.0,0,20443773000,0.0,440261000.0,313375000,138921000.0,0.0,599776000.0,0,1517516000,1517516000,67061000,335348000.0,0,None,2413696000,0.0,None,0.0,0,0,2704477000,1548318000,510015000,144784000,440261000,-9895000,None,None,None,None,None,None,None,None,None,None,None,None,None,None,None,None,USD,315215000,0,321199000.0,0,153190000,-838168000.0,-357147000,469000,225028000.0,68649000,334310000.0,None,29521000.0,0.0,0,0,0,41102000,22853000.0,None,None,None,26.4389,26.35
12,2017-06-30,USD,0.0,181002000,0,0,-297108000,7456000.0,0,0,0.0,-10262000.0,0.0,None,0,-10707000.0,1063000.0,None,None,None,0,0,0,8294000.0,0,0,-135523000.0,-131995000.0,None,USD,25078843000.0,7002000.0,None,22002000,22450636000.0,2623883000.0,0,20825662000,0.0,390853000.0,260380000,138921000.0,0.0,531127000.0,0,1364594000,1364594000,42070000,334586000.0,0,None,2336822000,0.0,None,0.0,0,0,2628207000,1546534000,510015000,144784000,390853000,-10373000,None,None,None,None,None,None,None,None,None,None,None,None,None,None,None,None,USD,290486000,0,145037000.0,0,-64777000,-608363000.0,-303327000,-731000,150464000.0,-7473000,212018000.0,None,19890000.0,0.0,0,0,0,3694000,14117000.0,None,None,None,26.19,26.4389
13,2017-03-31,USD,0.0,0,0,0,99036000,71504000.0,0,0,0.0,4862000.0,0.0,None,0,11128000.0,9724000.0,None,None,None,0,0,0,24907000.0,0,0,71504000.0,69254000.0,None,USD,25308171000.0,6700000.0,None,None,22744606000.0,2558703000.0,0,21091853000,0.0,337046000.0,229629000,138921000.0,0.0,538600000.0,0,1423124000,1423124000,30412000,335191000.0,0,None,2413082000,0.0,None,0.0,0,0,2563565000,1544034000,510015000,144784000,337046000,-7588000,None,None,None,None,None,None,None,None,None,None,None,None,None,None,None,None,USD,-168639000,21195000,-173378000.0,0,-402830000,-211762000.0,223521000,8182000,71504000.0,-243835000,141305000.0,None,10019000.0,0.0,0,0,0,13899000,5456000.0,None,None,None,25.85,26.19
14,2016-12-31,USD,340283653.41,214182061.66,0,340283653.41,0,62953404.15,0,0,122045530.63,1627963.6,183346014.55,None,126101591.75,30836047.11,7573728.58,None,None,None,0,0,0,28368079.86,-4056061.11,0,84260279.39,79950391.09,None,USD,7803945582.37,2041878.44,None,4399671.30,7042728185.77,715524545.76,0,6422100313.48,155222631.4,89128344.04,60840612.35,42280488.18,4219864564.63,238133426.67,6981263962.02,30434914.93,30434914.93,3340231.91,108562863.32,474190583.44,2957005204.37,672075052.50,220653133.27,0,623611.41,111391.79,6422100313.48,761217396.60,472488054.30,155222631.40,44064887.24,89128344.04,-4654715.89,None,None,None,None,None,None,None,None,None,None,None,None,None,None,None,None,USD,20901482.18,0,-245065891.59,45652372.40,-73474754.24,197574945.98,312274096.84,336914.51,83815016.59,85131326.66,132622272.27,None,12456706.33,-29238822.78,0,0,0,13294883.89,7449858.48,None,None,None,25.44,25.85
15,2016-09-30,USD,0.0,0,0,0,0,-66722000.0,0,0,0.0,0.0,0.0,None,0,0.0,-8471000.0,None,None,None,0,0,0,-29970000.0,0,0,0.0,0.0,None,USD,24734468000.0,6621000.0,None,None,22173655000.0,2555421000.0,0,None,0.0,515081000.0,None,138921000.0,0.0,467120000.0,0,None,None,None,339196000.0,0,None,None,0.0,None,0.0,0,0,2560813000,1335150000,489862000,144784000,515081000,-50538000,None,None,None,None,None,None,None,None,None,None,None,None,None,None,None,None,USD,None,None,-92813000.0,0,None,-288953000.0,None,None,203812000.0,None,346167000.0,None,30997000.0,0.0,0,0,0,None,18479000.0,None,None,None,28.4,25.44
16,2016-06-30,USD,0.0,0,0,0,0,135267000.0,0,0,0.0,0.0,0.0,None,0,0.0,16589000.0,None,None,None,0,0,0,60912000.0,0,0,0.0,0.0,None,USD,24709693000.0,6561000.0,None,None,22182872000.0,2521916000.0,0,None,0.0,470558000.0,None,138921000.0,0.0,625248000.0,0,None,None,None,342237000.0,0,None,None,0.0,None,0.0,0,0,2526821000,1333995000,489862000,144784000,470558000,-51707000,None,None,None,None,None,None,None,None,None,None,None,None,None,None,None,None,USD,None,None,18100000.0,0,None,-186448000.0,None,None,135267000.0,None,290877000.0,None,20689000.0,0.0,0,0,0,None,13649000.0,None,None,None,27.98,28.4
17,2015-12-31,USD,267635831.15,167728994.14,0,267635831.15,0,100772066.25,0,0,96840284.79,1370430.22,142739093.11,None,99906837,24989901.03,10568572.01,None,None,None,0,0,0,44826802.67,-3066552.21,0,67404312.26,63416986.47,None,USD,6212119268.83,1683750.76,None,1920571.60,5614407190.47,559787416.68,0,5044145879.62,123677539.89,96776661.28,45089880.83,35073974.95,3236701928.9,126923601.29,5543105938.19,525171430.01,525171430.01,8197838.82,93284437.49,356697131.89,2488678044.84,523443243.79,220914966.67,0,26211371.44,711724.90,5044145879.62,0,0,0,0,0,0,None,None,None,None,None,None,None,None,None,None,None,None,None,None,None,None,USD,-85435518.08,0,-301808220.56,44182993.33,25447889.32,77309886.89,106200262.57,84831.35,66585033.33,-150979095.13,73519238.54,None,10806655.22,-23722732.78,0,0,0,16064936.38,8053171.08,None,None,None,26.6,27.98
