,fiscalDateEnding,reportedCurrency_x,totalRevenue,totalOperatingExpense,costOfRevenue,grossProfit,ebit,netIncome_x,researchAndDevelopment,effectOfAccountingCharges,incomeBeforeTax,minorityInterest,sellingGeneralAdministrative,otherNonOperatingIncome,operatingIncome,otherOperatingExpense,interestExpense,taxProvision,interestIncome,netInterestIncome,extraordinaryItems,nonRecurring,otherItems,incomeTaxExpense,totalOtherIncomeExpense,discontinuedOperations,netIncomeFromContinuingOperations,netIncomeApplicableToCommonShares,preferredStockAndOtherAdjustments,reportedCurrency_y,totalAssets,intangibleAssets,earningAssets,otherCurrentAssets,totalLiabilities,totalShareholderEquity,deferredLongTermLiabilities,otherCurrentLiabilities,commonStock,retainedEarnings,otherLiabilities,goodwill,otherAssets,cash,totalCurrentLiabilities,shortTermDebt,currentLongTermDebt,otherShareholderEquity,propertyPlantEquipment,totalCurrentAssets,longTermInvestments,netTangibleAssets,shortTermInvestments,netReceivables,longTermDebt,inventory,accountsPayable,totalPermanentEquity,additionalPaidInCapital,commonStockTotalEquity,preferredStockTotalEquity,retainedEarningsTotalEquity,treasuryStock,accumulatedAmortization,otherNonCurrrentAssets,deferredLongTermAssetCharges,totalNonCurrentAssets,capitalLeaseObligations,totalLongTermDebt,otherNonCurrentLiabilities,totalNonCurrentLiabilities,negativeGoodwill,warrants,preferredStockRedeemable,capitalSurplus,liabilitiesAndShareholderEquity,cashAndShortTermInvestments,accumulatedDepreciation,commonStockSharesOutstanding,reportedCurrency,investments,changeInLiabilities,cashflowFromInvestment,otherCashflowFromInvestment,netBorrowings,cashflowFromFinancing,otherCashflowFromFinancing,changeInOperatingActivities,netIncome_y,changeInCash,operatingCashflow,otherOperatingCashflow,depreciation,dividendPayout,stockSaleAndPurchase,changeInInventory,changeInAccountReceivables,changeInNetIncome,capitalExpenditures,changeInReceivables,changeInExchangeRate,changeInCashAndCashEquivalents,clossingVal,nextClossingVal
0,2019-12-31,CNY,150150000,None,84136000,66014000,None,183675000,None,None,183704000,None,-110324000,None,183704000,-4500.0,158000,29000,None,None,None,None,None,14500.0,None,None,None,91837500.0,None,CNY,362283000,None,None,5078000,89390000,272893000,None,None,397000,-300973000,None,None,None,8212000,89390000,None,None,-263818000,35000.0,362248000,None,272893000,None,177023000,None,165296000,22577000,None,None,None,None,None,None,None,35000,None,35000,5793000,None,None,0,None,None,None,None,None,8212000,None,None,CNY,None,-9253500,-1392500.0,-1392500,7000,-5907000,14000,-1383500,-9445000,-804000,-1734500,None,12000,None,7981000,None,None,-90729500,0.0,None,None,None,0.6797,
1,2019-09-30,CNY,None,None,None,None,None,None,None,None,None,None,None,None,None,-4500.0,None,None,None,None,None,None,None,14500.0,None,None,None,91837500.0,None,CNY,None,None,None,None,None,None,None,None,397000,-165630000,None,None,None,None,None,None,None,-263818000,35000.0,None,None,272893000,None,None,None,None,None,None,None,None,None,None,None,None,None,None,None,None,None,None,None,None,None,None,None,None,None,None,None,CNY,None,-9253500,-1392500.0,-1392500,7000,None,None,-1383500,None,None,-1734500,None,None,None,None,None,None,-90729500,0.0,None,None,None,0.81,0.6797
2,2019-06-30,CNY,177431000,0,162119000,15312000,0,-193176000,0,0,-193149000,0,215416000,0,-193149000,4500.0,157000,27000,None,None,0,0,0,13500.0,0,0,0,-96588000.0,0,CNY,197311000,0,None,11172000,113418000,83893000,0,0,327000,-484648000,0,0,0,9445000,113418000,0,0,-264065000,40000.0,197271000,0,83893000,0,78800000,0,91519000,41699000,0,0,0,0,0,0,0,40000,0,40000,5635000,0,0,0,0,0,0,0,0,9445000,0,0,CNY,0,8686500,859500.0,859500,-6951000,-10995000,0,87500,-193149000,429000,4878000,0,6000,0,2907000,0,0,97176000,0.0,0,0,0,0.8899,0.81
3,2019-03-31,CNY,0,0,0,0,0,0,0,0,0,0,0,0,0,4500.0,0,None,None,None,0,0,0,13500.0,0,0,0,-96588000.0,0,CNY,0,0,None,0,0,0,0,0,327000,-349305000,0,0,0,0,0,0,0,-264065000,40000.0,0,0,83893000,0,0,0,0,0,0,0,0,0,0,0,0,0,0,0,0,0,0,0,0,0,0,0,0,0,0,0,CNY,0,8686500,859500.0,859500,-6951000,0,0,87500,0,0,4878000,0,0,0,0,0,0,97176000,0.0,0,0,0,1.63,0.8899
4,2018-12-31,CNY,142559000,0,188570000,-46011000,0,-346768000,0,0,-346559000,0,222908000,0,-346559000,84000.0,0,209000,None,None,0,0,0,104500.0,0,0,0,-346768000.0,0,CNY,366941000,0,None,1719000,90923000,276018000,0,0,306000,275712000,0,0,0,0,90923000,0,0,-264321000,46000.0,366895000,0,276018000,0,224114000,0,127346000,0,0,0,0,0,0,0,0,0,0,0,0,0,0,0,0,0,0,0,0,9016000,0,0,CNY,0,-28774500,-1719000.0,-1719000,93000,15448000,186000,-344500,-418465000,6688000,-6234000,0,11500000,0,15262000,0,0,175791000,0.0,0,0,0,1.53,1.63
5,2018-09-30,CNY,0,0,0,0,0,0,0,0,0,0,0,0,0,84000.0,0,None,None,None,0,0,0,104500.0,0,0,0,-173384000.0,0,CNY,0,0,None,0,0,0,0,0,306000,-154015000,0,0,0,0,0,0,0,-264321000,46000.0,0,0,276018000,0,0,0,0,0,0,0,0,0,0,0,0,0,0,0,0,0,0,0,0,0,0,0,0,0,0,0,CNY,0,-28774500,-859500.0,-859500,93000,0,0,-344500,0,0,-1197500,0,0,0,0,0,0,175791000,0.0,0,0,0,1.3606,1.53
6,2018-06-30,CNY,355630000,0,310785000,44845000,-19979.37,-71906000,0,0,-71906000,0,122546000,0,-71906000,327.03,0,None,None,None,0,0,0,0.0,1792.72,0,-18186.65,-71906000.0,0,CNY,770479000,4310000,None,5175.30,154917000,615562000,0,12850.49,248000,615314000,0,0,209000,3056.32,154917000,0,0,-133810.73,86557000.0,679403000,0,309198.89,0,479389000,0,183741000,41417.59,0,0,0,0,0,0,0,0,0,0,0,0,0,0,0,0,0,0,0,6042000,0,0,CNY,0,5259.27,-434.77,-434.77,47.04,7952000,0,-1430.78,-71906000,3714000,-3839000,0,5753000,0,7952000,2004.66,-17332.28,26981.28,0.0,0,0,0,1.64,1.3606
7,2018-03-31,USD,28312236.29,0,24742058.75,3570177.53,-6288830.51,-5724544.22,0,0,-5724544.22,0,1286999.44,0,-6288830.51,102937.66,0,None,None,None,0,0,0,0.0,564286.28,0,-5724544.22,-5724544.22,0,USD,122677971.50,686251.09,None,1629010.43,24666348.22,98011623.28,0,4044900.88,39487.30,30690709.34,0,0,817610.06,962025.32,24666348.22,0,0,-42119098.80,12997532.04,108176578.30,0,97325372.18,0,76329750.82,0,29255791.74,13036860.12,0,0,0,0,0,0,0,0,0,0,0,0,0,0,0,0,0,0,0,0,0,None,USD,0,1655441.45,-136852.16,-136852.16,14807.74,633070.62,0,-450362.23,-5724544.22,295677.10,-305628.53,0,458004.94,0,0,631000.72,-5455616.59,8492795.16,0.0,0,0,0,1.46,1.64
8,2017-12-31,CNY,485342000,22133.27,427579000,57763000,-1326.05,-82197000,12.35,0,-61180000,0,85924000,0,-61180000,118.75,0.09,21017000,None,None,0,0,0,901.03,-1296.81,0,-3523.89,-82197000.0,0,CNY,825418000,4364000,None,184.52,130682000,694736000,0,2092.80,206000,694530000,0,0,209000,199.61,130682000,0,3088.19,-22647.16,92310000.0,728535000,65.76,59194.21,0,532361000,0,191667000,5237.49,0,0,0,0,0,0,0,0,0,0,0,0,0,0,0,0,0,0,0,2328000,0,0,CNY,0,-8338.10,-5548000.0,70000,0,9537000,0,2484.33,-78285000,2218000,-2046000,0,15371000,0,9537000,1759.62,-11374.20,35367,5618000.0,0,0,0,2.39,1.46
9,2017-09-30,USD,36473231.73,38797682.39,32132368.41,4340863.32,-2324450.66,-6177067.36,0,0,-4597649.32,0,6457149.73,None,-2324450.66,208164.25,-37424.47,None,None,None,0,0,0,1579418.04,-2273198.67,0,-6177067.36,-6177067.36,None,USD,124059578.56,655905.25,None,323443.65,19641386.36,104418192.20,0,3668500.32,30961.61,42050229.96,0,0,782006.19,349896.29,19641386.36,5413322.51,5413322.51,-39698500.02,13123515.8,109498151.32,0,103762286.95,0,80017434.70,0,28807376.68,9180869.93,0,0,0,0,0,0,None,None,None,None,None,None,None,None,None,None,None,None,None,None,None,None,USD,0,-2246295.13,-4659.27,0,0,419409.63,0,669281.87,-6177067.36,162398.17,-271891.06,None,539047.70,0,419409.63,474043.35,-3064222.80,9527910.54,4659.27,None,None,None,1.39,2.39
10,2017-06-30,CNY,159174.50,-2311973.67,158767.18,47525.60,153789.47,37390.56,0,0,109721.33,0,7027.17,0,153789.47,-10994.58,102.63,-11276000,None,None,0,0,0,72330.76,-44068.14,0,37390.56,37390.56,0,CNY,440674.98,2767.89,None,12893.30,76006.31,364668.66,0,32964.51,80.18,1160281.39,0,0,8367.82,80.18,76006.31,0,111857.38,-848917.86,60540.77,2520319.11,0,2453443.94,0,1893586.14,0,92369.90,43041.81,0,0,0,0,0,0,0,0,0,0,0,0,0,0,0,0,0,0,0,535.62,0,0,CNY,0,10773.28,-8797.59,224.51,0,1873.06,0,-7019.15,-9347.64,91.41,744.09,0,13146.67,0,6344.02,8278.01,-15409.42,-17800.45,2629.98,0,0,0,1.38,1.39
11,2017-03-31,USD,168225000,180212500,171929500,-3704500,-11987500,-2914500,0,0,-8552500,0,7426000,None,-11987500,857000.0,-108500,None,None,None,0,0,0,-5638000.0,3435000,0,-2914500,-2914500.0,None,USD,931461000,5849000,None,None,160653000,770808000,None,20810000,171000,361764000,None,None,11840000,167000,160653000,34876000,34876000,-264684000,127962000.0,785810000,None,764959000,None,590401000,None,195242000,90976000,None,None,None,None,None,None,None,None,None,None,None,None,None,None,None,None,None,None,None,None,None,None,USD,None,3359000,-2743000.0,None,None,1978000,None,-2188500,-2914500,28500,786000,None,4099000,None,1978000,8750000,-4804500,-5550000,2778000.0,None,None,None,2.27,1.38
12,2016-12-31,USD,25574000,634693000,37045000,-36834000,-92140000,-321969000,115000,0,-316343000,0,4502000,None,-92140000,4152000.0,24500,None,None,None,0,0,0,99000.0,-225010000,0,-323016000,-321969000.0,None,USD,19313462.92,122822.17,None,55579.55,3293880.49,16019582.43,0,1519366.45,3167.75,52959395.25,0,0,393376.53,2303.82,3293880.49,0,5129733.62,-38113318.93,2707271.42,112565730.74,140676.75,110371346.29,0,81531317.49,0,4411951.04,1747300.22,0,0,0,0,0,0,0,0,0,0,0,0,0,0,0,0,0,0,0,0,0,3000000,USD,258000,-26010000,6404000.0,258000,-40076000,-33891000,None,16122000,-321802000,-404000,-8685000,None,45052000,None,6185000,2741000,-67578000,326128000,5618000.0,None,None,None,2.28,2.27
13,2016-09-30,USD,37495000,253817000,34843000,6723000,-2625000,167000,0,0,122000,0,1245000,None,-6215000,983000.0,-108500,None,None,None,0,0,0,-645000.0,3554000,0,1214000,167000.0,None,USD,206684000,2329000,None,1015000,37996000,168688000,None,11723000,1124893000,None,1404000,None,7038000,3842000,37786000,None,None,None,53752000.0,972895000,None,1109361000,None,691826000,None,38306000,25539000,None,None,None,None,None,None,None,None,None,None,None,None,None,None,None,None,None,None,None,None,None,3000000,USD,None,40105000,6516000.0,266000,None,1056000,None,15787000,167000,22299000,2685000,None,11115000,None,1056000,5363000,-58300000,12487000,2778000.0,None,None,None,3.11,2.28
14,2016-06-30,USD,30448000,0,24043000,0,0,3506000,0,0,3866000,0,1173000,None,3590000,0.0,0,None,None,None,0,0,0,360000.0,0,0,0,3506000.0,None,USD,200210000,2351000,None,2184000,31170000,169040000,None,10555000,None,None,None,None,6717000,500000,30959000,None,None,None,55601000.0,None,None,None,None,None,None,40900000,19590000,None,None,None,None,None,None,None,None,None,None,None,None,None,None,None,None,None,None,None,None,None,3000000,USD,None,None,6534000.0,264000,None,None,None,None,3506000,None,None,None,None,None,None,5453000,None,None,0.0,None,None,None,2.09,3.11
15,2016-03-31,USD,20806000,0,16255000,0,0,932000,0,0,1322000,0,1653000,None,1143000,0.0,0,None,None,None,0,0,0,390000.0,0,0,0,932000.0,None,USD,191438000,2438000,None,4135000,21425000,170013000,None,11632000,None,None,None,None,6708000,229000,21208000,None,None,None,59021000.0,None,None,None,None,None,None,42601000,8994000,None,None,None,None,None,None,None,None,None,None,None,None,None,None,None,None,None,None,None,None,None,3000000,USD,None,None,6732000.0,269000,None,None,None,None,932000,None,None,None,None,None,None,5054000,None,None,0.0,None,None,None,0.3753,2.09
16,2015-12-31,USD,29762000,929519000,22991000,125426000,87627000,-366553000,170000,0,-344795000,0,1818000,None,2454000,1763000.0,98000,None,None,None,0,0,0,684000.0,-426786000,0,-362412000,-366553000.0,None,USD,202695000,2439000,None,236000,34916000,167779000,216000,10673000,21000,37423000,1404000,None,3919000,79000,34699000,74039000,74039000,-262409000,63271000.0,877772000,None,1071031000,6433000,527205000,None,47370000,17022000,None,None,None,None,None,None,None,None,None,None,None,None,None,None,None,None,None,None,None,None,None,3000000,USD,109000,-11901000,-176742000.0,109000,-46003000,-47508000,None,-19481000,-362412000,-60641000,25006000,None,67976000,-232000,6185000,2507000,40022000,430867000,25425000.0,None,None,None,0.98,0.3753
17,2015-09-30,USD,51490000,0,41839000,0,0,4141000,0,0,5636000,0,1087000,None,6006000,0.0,190000,None,None,None,0,0,0,1495000.0,0,0,0,4141000.0,None,USD,300766000,5113000,None,1316000,65327000,235439000,None,16792000,None,None,None,588000,6590000,35609000,65106000,None,None,None,108548000.0,None,None,None,4543000,None,None,49705000,33633000,None,None,None,None,None,None,None,None,None,None,None,None,None,None,None,None,None,None,None,None,None,3000000,USD,None,None,102000.0,94000,None,None,None,None,4141000,None,26357000,None,None,-237000,None,521000,None,None,0.0,None,None,None,0.78,0.98
18,2015-06-30,USD,41928000,0,33393000,0,0,3102000,0,0,4259000,0,1338000,None,4430000,0.0,157000,None,None,None,0,0,0,1157000.0,0,0,0,3102000.0,None,USD,290082000,5268000,None,1717000,53046000,237036000,None,12071000,None,None,None,602000,6726000,41267000,52819000,None,None,None,110380000.0,None,None,None,4657000,None,None,50938000,26512000,None,None,None,None,None,None,None,None,None,None,None,None,None,None,None,None,None,None,None,None,None,3000000,USD,None,None,71000.0,63000,None,None,None,None,3102000,None,31576000,None,None,-243000,None,1193000,14301000,None,0.0,None,None,None,1.15,0.78
19,2015-03-31,USD,33840000,0,28837000,0,0,447000,0,0,701000,0,1320000,None,910000,0.0,179000,None,None,None,0,0,0,254000.0,0,0,0,447000.0,None,USD,280432000,5296000,None,732000,46460000,233972000,None,11913000,None,None,None,603000,7143000,32422000,46233000,None,None,None,113139000.0,None,None,None,4658000,None,None,51838000,20242000,None,None,None,None,None,None,None,None,None,None,None,None,None,None,None,None,None,None,None,None,None,3000000,USD,None,None,28000.0,None,None,None,None,None,447000,None,22773000,None,None,-243000,None,219000,18213000,None,0.0,None,None,None,1.16,1.15
