,fiscalDateEnding,reportedCurrency_x,totalRevenue,totalOperatingExpense,costOfRevenue,grossProfit,ebit,netIncome_x,researchAndDevelopment,effectOfAccountingCharges,incomeBeforeTax,minorityInterest,sellingGeneralAdministrative,otherNonOperatingIncome,operatingIncome,otherOperatingExpense,interestExpense,taxProvision,interestIncome,netInterestIncome,extraordinaryItems,nonRecurring,otherItems,incomeTaxExpense,totalOtherIncomeExpense,discontinuedOperations,netIncomeFromContinuingOperations,netIncomeApplicableToCommonShares,preferredStockAndOtherAdjustments,reportedCurrency_y,totalAssets,intangibleAssets,earningAssets,otherCurrentAssets,totalLiabilities,totalShareholderEquity,deferredLongTermLiabilities,otherCurrentLiabilities,commonStock,retainedEarnings,otherLiabilities,goodwill,otherAssets,cash,totalCurrentLiabilities,shortTermDebt,currentLongTermDebt,otherShareholderEquity,propertyPlantEquipment,totalCurrentAssets,longTermInvestments,netTangibleAssets,shortTermInvestments,netReceivables,longTermDebt,inventory,accountsPayable,totalPermanentEquity,additionalPaidInCapital,commonStockTotalEquity,preferredStockTotalEquity,retainedEarningsTotalEquity,treasuryStock,accumulatedAmortization,otherNonCurrrentAssets,deferredLongTermAssetCharges,totalNonCurrentAssets,capitalLeaseObligations,totalLongTermDebt,otherNonCurrentLiabilities,totalNonCurrentLiabilities,negativeGoodwill,warrants,preferredStockRedeemable,capitalSurplus,liabilitiesAndShareholderEquity,cashAndShortTermInvestments,accumulatedDepreciation,commonStockSharesOutstanding,reportedCurrency,investments,changeInLiabilities,cashflowFromInvestment,otherCashflowFromInvestment,netBorrowings,cashflowFromFinancing,otherCashflowFromFinancing,changeInOperatingActivities,netIncome_y,changeInCash,operatingCashflow,otherOperatingCashflow,depreciation,dividendPayout,stockSaleAndPurchase,changeInInventory,changeInAccountReceivables,changeInNetIncome,capitalExpenditures,changeInReceivables,changeInExchangeRate,changeInCashAndCashEquivalents,clossingVal,nextClossingVal
0,2020-06-30,USD,32207000,22199000,None,32207000,10008000,8246000,None,None,10008000,None,22199000,None,10008000,5473000,8135000,1762000,37911000,29776000,None,None,None,1762000,None,None,8246000,8246000,None,USD,4469551000,1335000,None,None,4139279000,330272000,None,3596022000,None,213327000,29371000,38730000,3083691000,663348000,3596022000,None,None,16598000,55377000,693362000,3566690000,291542000,549094000,30014000,70620000,None,37253000,None,None,None,None,213327000,-2027000,None,115392000,None,3776189000,19071000,70620000,472637000,543257000,None,None,None,102374000,4469551000,663348000,None,None,USD,-155240000,-1022000,-156870000,-260000,190591000,683739000,495805000,-1022000,8246000,527007000,138000,-9354000,1571000,-2617000,-40000,None,-2636000,697000,1370000,None,None,527007000,17.93,
1,2020-03-31,USD,32279000,21742000,None,32279000,10537000,8813000,None,None,10537000,None,21742000,None,10537000,4230000,10096000,1724000,39871000,29775000,None,None,None,1724000,None,None,8813000,8813000,None,USD,3779138000,1655000,683298000,None,3454336000,324802000,None,3100216000,None,207698000,30650000,38730000,2907073000,136341000,3100216000,None,None,17002000,55109000,163643000,3406649000,286072000,570582000,27302000,70620000,None,38381000,None,None,None,None,207698000,-2026000,None,115007000,None,3615495000,19397000,70620000,283500000,354120000,None,None,None,102128000,3779138000,136341000,None,15000000,USD,-65876000,-1285000,-67165000,38000,-2185000,-3885000,-2435000,-1285000,8813000,-56633000,14417000,4387000,487000,-2618000,3353000,None,-4061000,2015000,1327000,None,None,-56633000,18.87,17.93
2,2019-12-31,USD,35687000,22905000,None,35687000,12782000,10484000,None,None,12782000,None,22905000,None,12782000,3259000,10863000,2298000,40358000,29495000,None,None,None,2298000,-617000,None,10484000,10484000,None,USD,3763659000,1733000,586146000,13216000,3458693000,304966000,None,3102327000,None,201503000,33888000,38730000,2861017000,192974000,3102327000,37505000,37505000,6939000,54867000,217887000,3365482000,266236000,542313000,24913000,70620000,1633000,38476000,None,None,None,None,201503000,-2811000,None,86693000,None,3545772000,19363000,70620000,285746000,356366000,None,None,None,99335000,3763659000,192974000,None,15000000,USD,-71441000,6888000,-85008000,-11242000,-20194000,205396000,226760000,6888000,10484000,140813000,20425000,1267000,1477000,-2593000,1423000,None,1967000,309000,2325000,None,None,140813000,32.68,18.87
3,2019-09-30,USD,35428000,21198000,None,34059000,12615000,10357000,None,None,12615000,None,13695000,None,12861000,4225000,10184000,2258000,39820000,29636000,None,None,None,2258000,-246000,None,10357000,10320000,None,USD,3541170000,1761000,570207000,16708000,3244137000,297033000,None,2875595000,None,193612000,26610000,38730000,2798648000,52161000,2898478000,18016000,18016000,8530000,70484000,76779000,538955000,258046000,529867000,26159000,300705000,1473000,32125000,None,None,None,None,193612000,-2799000,None,100944000,None,3462850000,17696000,71268000,279906000,350526000,None,None,None,97690000,3541170000,52161000,None,15000000,USD,-127118000,0,-127118000,-400000,-9683000,128482000,140833000,-1667000,10357000,14231000,12867000,719000,1308000,-2583000,-85000,None,851000,2018000,2820000,None,None,14231000,28.7,32.68
4,2019-06-30,USD,33798000,21984000,None,33798000,11814000,9767000,None,None,11814000,None,21984000,None,11814000,4763000,9488000,2047000,38034000,28546000,None,None,None,2047000,-539000,None,9767000,9767000,None,USD,3400974000,1897000,573411000,16502000,3114359000,286615000,None,2734762000,None,185838000,29347000,38730000,2670321000,37930000,2787669000,52907000,52907000,6098000,51785000,597992000,2611857000,247885000,533970000,26092000,70620000,440000,33331000,None,None,None,None,185838000,-2735000,None,100610000,None,2802982000,17862000,70620000,256070000,326690000,None,None,None,97414000,3400974000,571900000,None,15000000,USD,-123635000,4909000,-126131000,-995000,17779000,91558000,76370000,4909000,9767000,-17352000,17221000,-1230000,1407000,-2591000,-1033000,None,-1039000,2368000,1501000,None,None,-17352000,28.24,28.7
5,2019-03-31,USD,32605000,21175000,0,32605000,11430000,9473000,None,None,11430000,None,21175000,None,11430000,4673000,8995000,1957000,36499000,27504000,None,None,None,1957000,-587000,None,9473000,9473000,None,USD,3287324000,2060000,537780000,16164000,3012365000,274959000,None,2657359000,None,178662000,24444000,38730000,2575600000,55282000,2657359000,0,0,860000,51331000,581709000,2517338000,236229000,500608000,25819000,70620000,474000,27272000,None,None,None,None,178662000,-1702000,None,98216000,None,2705615000,17109000,70620000,284386000,355006000,None,None,None,97139000,3287324000,555890000,None,15000000,USD,-29332000,-6520000,-30344000,1387000,-5112000,38669000,46372000,-6520000,9473000,9719000,1394000,-1419000,1100000,-2591000,-201000,None,-707000,-1240000,2399000,None,None,9719000,25.27,28.24
6,2018-12-31,USD,31108000,19467000,9669000,31108000,11102000,8945000,0,0,11102000,0,20006000,None,11641000,3423000,8228000,None,None,None,0,0,0,2157000,-539000,0,8945000,8908000,None,USD,3221521000,2222000,None,11460000,2958691000,262830000,None,2610786000,None,171780000,30619000,38730000,2523816000,45313000,2659897000,47562000,47562000,-3996000,49920000,65462000,3004377000,223373000,None,24266000,70620000,418000,2610786000,None,None,None,None,171780000,-2556000,None,58665000,None,3151692000,None,70620000,277285000,347905000,None,None,None,97602000,3221521000,45563000,None,15000000,USD,-81814000,0,-83730000,-221000,-7305000,76510000,88407000,1986000,8945000,9063000,16283000,3821000,1150000,-2592000,None,None,None,446000,1695000,None,None,9063000,22.95,25.27
7,2018-09-30,USD,31716000,20794000,8257000,31716000,10922000,9236000,0,0,10922000,0,20794000,None,10922000,3826000,7162000,None,None,None,0,0,0,1686000,-583000,0,9236000,9236000,None,USD,3129313000,2399000,None,12746000,2874937000,254376000,0,2522379000,0,165427000,28887000,38730000,2435148000,36500000,2524590000,2211000,323042000,-7771000,49301000,584832000,2374107000,215646000,522334000,25998000,70620000,1224000,2522379000,0,0,0,0,165427000,-608000,None,82343000,None,2544481000,None,70620000,279727000,350347000,None,None,None,97328000,3129313000,558834000,None,15000000,USD,-126636000,476000,-128201000,-1088000,-5390000,112825000,120814000,476000,9236000,-5827000,9549000,-1365000,687000,-2599000,0,407000,0,515000,477000,None,None,-5827000,28.86,22.95
8,2018-06-30,USD,29527000,19543000,8178000,29527000,9984000,8441000,0,0,9984000,0,19543000,None,9984000,3874000,6273000,None,None,None,0,0,0,1543000,-626000,0,8441000,8441000,None,USD,3009629000,2618000,None,13735000,2759736000,249893000,0,2401565000,0,158790000,29148000,38730000,2383342000,42327000,2401565000,328621000,328621000,-5348000,49745000,517698000,2322376000,211163000,450895000,24476000,70620000,2079000,2401565000,0,0,0,0,158790000,-608000,None,81080000,None,2491931000,None,70620000,287551000,358171000,None,None,None,97059000,3009629000,493222000,None,15000000,USD,-94214000,2917000,-90466000,4247000,-98586000,90395000,191504000,2917000,8441000,13723000,13794000,-481000,1693000,-2523000,0,0,0,1224000,499000,None,None,13723000,30.06,28.86
9,2018-03-31,USD,27220000,18999000,6918000,27220000,8221000,7097000,0,0,8221000,0,18999000,None,8221000,4243000,5287000,None,None,None,0,0,0,1124000,-546000,0,7097000,7097000,None,USD,2908883000,41497000,None,13463000,2664072000,244811000,0,2210055000,0,152872000,26999000,38730000,572722000,28604000,2301064000,91009000,427247000,-4245000,50174000,471129000,2264084000,206081000,418299000,24226000,70620000,2015000,2210055000,0,0,0,0,152872000,-602000,None,84766000,None,2437754000,None,70620000,292388000,363008000,None,None,None,96786000,2908883000,446903000,None,15000000,USD,-143913000,-766000,-149191000,-4881000,99039000,138308000,41792000,-766000,7097000,-6741000,4142000,-4148000,809000,-2523000,0,0,0,1150000,397000,None,None,-6741000,29.09,30.06
10,2017-12-31,USD,26237000,17588000,8002000,26237000,8649000,3451000,0,0,8649000,0,17588000,None,8649000,16380000,16827000,None,None,None,0,0,0,5198000,-1488000,0,3451000,3451000,None,USD,2768773000,41742000,None,11556000,2524863000,243910000,0,2167815000,0,148298000,29069000,38730000,554885000,35345000,2202231000,34416000,7550000,-343000,50715000,465496000,2155785000,205180000,409709000,20442000,70620000,1562000,2167815000,0,0,0,0,148298000,-1087000,None,58047000,None,2303277000,None,70620000,252012000,322632000,None,None,None,97042000,2768773000,445054000,None,15000000,USD,-34042000,4302000,-30532000,5007000,-84799000,19367000,106688000,698000,3451000,-330000,10835000,-3721000,1046000,-2522000,0,0,0,5757000,1497000,None,None,-330000,26.24,29.09
11,2017-09-30,USD,27149000,17618000,5952000,27149000,9531000,7246000,0,0,9531000,0,17618000,None,9531000,-2839000,426000,None,None,None,0,0,0,2285000,0,0,7246000,7246000,None,USD,2745069000,42002000,None,13200000,2500621000,244448000,0,2060610000,0,147132000,27233000,38730000,576072000,35675000,2202347000,141737000,413253000,1163000,50165000,483691000,2114523000,205718000,424761000,23255000,271041000,2432000,2060610000,0,0,0,0,147132000,-544000,None,57960000,None,2261378000,None,271041000,27233000,298274000,None,None,None,96697000,2745069000,460436000,None,15000000,USD,-53579000,-531000,-66132000,-11830000,79218000,60513000,-16182000,-531000,7246000,2626000,8245000,4393000,796000,-2523000,19294000,0,0,-3659000,723000,None,None,2626000,27.32,26.24
12,2017-06-30,USD,26944000,17797000,5148000,26944000,9147000,6683000,0,0,9147000,0,17797000,None,9147000,-1755000,-3790000,None,None,None,0,0,0,2464000,0,0,6683000,6683000,None,USD,2678909000,42303000,None,9509000,2438617000,240292000,0,2076789000,0,142409000,28268000,38730000,589392000,33049000,2121748000,44959000,334108000,1934000,50367000,507192000,2034261000,201562000,453065000,21078000,288601000,2541000,2076789000,0,0,0,0,142409000,-541000,None,48359000,None,2171717000,None,288601000,28268000,316869000,None,None,None,96490000,2678909000,486114000,None,15000000,USD,-87243000,898000,-90192000,-1831000,33861000,83415000,52078000,898000,6683000,4680000,11457000,-417000,812000,-2524000,19294000,2392000,0,3481000,1118000,None,None,4680000,23.97,27.32
13,2017-03-31,USD,25959000,17034000,4918000,25959000,8925000,6480000,0,0,8925000,0,17034000,None,8925000,1347000,3902000,None,None,None,0,0,0,2445000,0,0,6480000,6480000,None,USD,2592307000,42638000,None,None,2358089000,234218000,0,2025479000,0,138250000,26398000,38730000,611005000,28369000,2169093000,143614000,229079000,-28000,50433000,527317000,1927294000,195488000,475111000,23837000,156085000,10095000,2031992000,0,0,0,0,138250000,-287000,None,48533000,None,2064990000,None,156085000,32911000,188996000,None,None,None,96283000,2592307000,503480000,None,15000000,USD,-14155000,-3971000,-16795000,-763000,-7925000,15755000,6911000,None,6480000,-814000,226000,-1220000,1386000,-2525000,19294000,0,0,-2449000,1877000,None,None,-814000,23.89,23.97
14,2016-12-31,USD,24605000,17538000,5920000,24605000,7067000,5040000,0,0,7067000,0,17538000,None,7067000,11563000,13073000,None,None,None,0,739000,0,2027000,-6039000,0,5040000,5040000,None,USD,2573821000,42975000,None,17242000,2362037000,211784000,0,2017522000,0,134295000,36891000,38730000,629325000,29183000,2151600000,134078000,40109000,-121000,49522000,548273000,1888778000,173054000,495835000,23255000,70620000,11251000,2017522000,0,0,0,0,134295000,-127000,None,48518000,None,2025548000,None,70620000,139817000,210437000,None,None,None,77737000,2573821000,525018000,None,14000000,USD,-80367000,9180000,-85170000,-760000,31802000,29590000,176000,2095000,5040000,-7721000,47859000,27164000,961000,-2388000,0,1790000,0,5514000,4043000,None,None,-7721000,26.74,23.89
15,2016-09-30,USD,25782000,17096000,3647000,25782000,8686000,6416000,0,0,8686000,0,17096000,None,8686000,-779000,9000,None,None,None,0,-426000,0,2270000,0,0,6416000,6416000,None,USD,2539944000,43219000,None,None,2324455000,215489000,0,2023781000,0,131643000,24852000,38967000,667589000,36904000,2099781000,76000000,205202000,6466000,46335000,595445000,1810947000,176522000,506744000,51797000,70620000,3961000,2023781000,0,0,0,0,131643000,-163000,None,48250000,None,1944499000,None,70620000,154054000,224674000,None,None,None,77543000,2539944000,543648000,None,14000000,USD,-8519000,-6335000,-15668000,-4451000,69549000,60565000,-6597000,None,6416000,12978000,-31919000,-31538000,885000,-2387000,0,0,0,-1347000,2698000,None,None,12978000,21.16,26.74
16,2016-06-30,USD,23553000,18304000,3290000,23553000,5249000,4065000,0,0,5249000,0,18304000,None,5249000,437000,-3178000,None,None,None,0,173000,0,1184000,0,0,4065000,4065000,None,USD,2336392000,30108000,None,None,2125454000,210938000,0,1890595000,0,127614000,28586000,27194000,629955000,23926000,2022016000,131421000,185653000,6192000,41276000,562263000,1661180000,183744000,521001000,17336000,20620000,1379000,1890595000,0,0,0,0,127614000,-205000,None,44479000,None,1774129000,None,20620000,82818000,103438000,None,None,None,77337000,2336392000,544927000,None,14000000,USD,-30265000,2308000,-34281000,-2056000,29503000,27501000,384000,None,4065000,-1651000,5129000,-669000,739000,-2386000,0,671000,0,-1314000,1960000,None,None,-1651000,17.8,21.16
17,2016-03-31,USD,20889000,14180000,4320000,20889000,6709000,5019000,0,0,6709000,0,14180000,None,6709000,0,3124000,None,None,None,0,0,0,1690000,0,0,5019000,5019000,None,USD,2301001000,30330000,None,None,2092845000,208156000,0,1890211000,0,125935000,25864000,27194000,644484000,25577000,1947116000,56905000,None,5307000,40044000,580844000,1608481000,180962000,538721000,16546000,20620000,1326000,1890211000,0,0,0,0,125935000,-274000,None,44438000,None,1720157000,None,20620000,125109000,145729000,None,None,None,77188000,2301001000,564298000,None,14000000,USD,-16671000,-3058000,-15764000,2331000,-64365000,8385000,75135000,None,5019000,-1684000,5695000,1324000,571000,-2385000,0,918000,0,1839000,1424000,None,None,-1684000,17.59,17.8
18,2015-12-31,USD,22406000,14816000,3734000,22406000,7590000,5508000,0,0,7590000,0,14816000,None,7590000,11245000,9272000,None,None,None,0,308000,0,2082000,-2702000,0,5508000,5508000,None,USD,2285136000,30551000,None,10143000,2083223000,201913000,0,1815053000,0,123301000,27035000,27194000,655409000,27261000,1931325000,116272000,242002000,1899000,39370000,591237000,1582939000,174719000,546043000,17933000,20620000,2035000,1815053000,0,0,0,0,123301000,-1114000,None,44396000,None,1693899000,None,20620000,131278000,151898000,None,None,None,77827000,2285136000,573304000,None,14000000,USD,-24239000,2338000,-28144000,-2336000,54485000,19469000,-32639000,5435000,5508000,-167000,8508000,624000,1779000,-2377000,0,0,0,-1741000,1569000,None,None,-167000,18.03,17.59
19,2015-09-30,USD,21990000,14427000,3662000,21990000,7563000,5522000,0,0,7563000,0,14427000,None,7563000,0,44000,None,None,None,0,0,0,2041000,0,0,5522000,5522000,None,USD,2259722000,30687000,None,225000,2059871000,199851000,0,1847692000,0,120170000,25529000,27194000,693587000,27418000,1938196000,90504000,None,3150000,38493000,632481000,1517363000,172657000,587333000,17505000,20620000,1114000,1847692000,0,0,0,0,120170000,-1146000,None,44191000,None,1627241000,None,20620000,101055000,121675000,None,None,None,77677000,2259722000,614751000,None,14000000,USD,-7238000,-2574000,-7983000,264000,14386000,-3047000,-15056000,None,5522000,-2982000,8048000,1991000,1185000,-2377000,0,518000,0,1924000,1009000,None,None,-2982000,18.17,18.03
