,fiscalDateEnding,reportedCurrency_x,totalRevenue,totalOperatingExpense,costOfRevenue,grossProfit,ebit,netIncome_x,researchAndDevelopment,effectOfAccountingCharges,incomeBeforeTax,minorityInterest,sellingGeneralAdministrative,otherNonOperatingIncome,operatingIncome,otherOperatingExpense,interestExpense,taxProvision,interestIncome,netInterestIncome,extraordinaryItems,nonRecurring,otherItems,incomeTaxExpense,totalOtherIncomeExpense,discontinuedOperations,netIncomeFromContinuingOperations,netIncomeApplicableToCommonShares,preferredStockAndOtherAdjustments,reportedCurrency_y,totalAssets,intangibleAssets,earningAssets,otherCurrentAssets,totalLiabilities,totalShareholderEquity,deferredLongTermLiabilities,otherCurrentLiabilities,commonStock,retainedEarnings,otherLiabilities,goodwill,otherAssets,cash,totalCurrentLiabilities,shortTermDebt,currentLongTermDebt,otherShareholderEquity,propertyPlantEquipment,totalCurrentAssets,longTermInvestments,netTangibleAssets,shortTermInvestments,netReceivables,longTermDebt,inventory,accountsPayable,totalPermanentEquity,additionalPaidInCapital,commonStockTotalEquity,preferredStockTotalEquity,retainedEarningsTotalEquity,treasuryStock,accumulatedAmortization,otherNonCurrrentAssets,deferredLongTermAssetCharges,totalNonCurrentAssets,capitalLeaseObligations,totalLongTermDebt,otherNonCurrentLiabilities,totalNonCurrentLiabilities,negativeGoodwill,warrants,preferredStockRedeemable,capitalSurplus,liabilitiesAndShareholderEquity,cashAndShortTermInvestments,accumulatedDepreciation,commonStockSharesOutstanding,reportedCurrency,investments,changeInLiabilities,cashflowFromInvestment,otherCashflowFromInvestment,netBorrowings,cashflowFromFinancing,otherCashflowFromFinancing,changeInOperatingActivities,netIncome_y,changeInCash,operatingCashflow,otherOperatingCashflow,depreciation,dividendPayout,stockSaleAndPurchase,changeInInventory,changeInAccountReceivables,changeInNetIncome,capitalExpenditures,changeInReceivables,changeInExchangeRate,changeInCashAndCashEquivalents,clossingVal,nextClossingVal
0,2020-06-30,USD,140990000,-81460000,53886000,-53886000,30218000,8564000,None,None,11299000,None,39839000,2644000,27574000,-121094000,15499000,2735000,735000,-14764000,None,-205000,None,2735000,-1306000,None,8564000,8564000,None,USD,1005401000,None,None,39530000,1240951000,-235550000,None,35400000,47000,-729082000,19943000,None,13841000,417026000,100063000,None,None,-12906000,406747000,497116000,None,-235550000,None,40560000,832750000,None,64663000,None,None,47000,None,-729082000,None,None,101538000,None,508285000,314221000,832750000,308138000,1140888000,None,None,None,506391000,1005401000,417026000,None,47279201,USD,-13930000,456000,-13930000,None,48498000,13315000,-3716000,325000,8564000,40696000,41311000,325000,20347000,-31738000,271000,None,2697000,8922000,13930000,2697000,1214000,41910000,77.36,
1,2020-03-31,USD,140915000,-81771000,55921000,-55921000,28055000,9227000,None,None,12835000,None,39675000,2205000,25850000,-121407000,15220000,3608000,2205000,-13015000,None,-39000,None,3608000,39000,None,9227000,9227000,None,USD,913625000,None,None,38482000,1135850000,-222225000,None,27799000,47000,-705908000,17815000,None,13657000,375116000,90140000,None,None,-15819000,367682000,456562000,None,-222225000,None,42964000,779882000,None,62341000,None,None,47000,None,-705908000,None,None,89106000,None,275000,266690000,779882000,265828000,1045710000,None,None,None,499455000,913625000,375116000,None,47139369,USD,-12866000,1067000,-12866000,None,-2566000,-38572000,-6167000,-3187000,9227000,-22980000,28458000,-3187000,19985000,-30557000,718000,None,-2790000,4156000,12866000,-2790000,-1326000,-24306000,81.97,77.36
2,2019-12-31,USD,140293000,-84027000,55991000,-55991000,25979000,7466000,None,None,10768000,None,36516000,-2057000,28036000,-120292000,15211000,3303000,-2057000,-17267000,-28000,-251000,None,3302000,251000,None,7466000,7466000,None,USD,932124000,None,None,35822000,1135803000,-203679000,None,27318000,47000,-684578000,15327000,None,14007000,399422000,89694000,None,None,-12326000,368929000,475728000,None,-203679000,None,40484000,782457000,None,62376000,None,None,47000,None,-684578000,None,None,87132000,None,335000,266580000,782457000,263652000,1046109000,None,None,None,493178000,932124000,399422000,-997853000,46840434,USD,-9899000,3692000,-9899000,None,-2653000,-34124000,-2062000,1731000,7466000,2074000,46097000,1731000,20480000,-29776000,367000,None,1110000,11618000,9899000,1110000,1077000,3151000,65.81,81.97
3,2019-09-30,USD,136942000,-81052000,55253000,-55253000,34146000,13701000,None,None,18955000,None,35971000,8347000,25799000,-116936000,15191000,5254000,8347000,-6844000,None,-87000,None,5254000,87000,None,13701000,13701000,None,USD,932344000,None,None,36810000,1122845000,-190501000,None,27261000,47000,-662268000,13014000,None,14555000,396271000,86225000,None,None,-15676000,370825000,474373000,None,-190501000,None,41292000,778097000,None,58964000,None,None,47000,None,-662268000,None,None,86533000,None,613000,263692000,778097000,258523000,1036620000,None,None,None,487396000,932344000,396271000,None,46821586,USD,-12051000,-3738000,-12051000,None,-2574000,-32817000,-2029000,738000,13701000,-11425000,33443000,738000,20492000,-28565000,351000,None,-1048000,3298000,12051000,-1048000,-1583000,-13008000,55.1,65.81
4,2019-06-30,USD,134789000,-76429000,54407000,-54407000,23775000,7136000,None,None,10180000,None,38566000,1753000,22022000,-114810000,13595000,3044000,1753000,-11842000,None,-185000,None,3044000,185000,None,7136000,7136000,None,USD,949065000,None,None,36030000,1125655000,-176590000,None,27032000,47000,-647404000,7588000,None,14881000,409279000,90217000,None,None,-10967000,375936000,485993000,None,-176590000,None,40684000,783907000,None,63185000,None,None,47000,None,-647404000,None,None,87136000,None,463072000,262282000,783907000,251531000,1035438000,None,None,None,481734000,949065000,409279000,None,46336499,USD,-11720000,11197000,-11720000,None,149741000,120770000,-1976000,-812000,7136000,149682000,40632000,-4143000,20405000,-27741000,746000,None,-1259000,7296000,11720000,-1259000,459000,150141000,59.36,55.1
5,2019-03-31,USD,134137000,-78550000,54150000,-54150000,26227000,9217000,None,None,12771000,None,35860000,1827000,24400000,-113874000,13456000,3554000,-11629000,-11629000,None,-536000,None,3554000,536000,None,9217000,9217000,None,USD,797003000,None,None,35454000,961234000,-164231000,None,26368000,46000,-626799000,5795000,None,14502000,259138000,81551000,10389000,10389000,-12753000,375346000,333850000,None,-164231000,None,39258000,631702000,None,55183000,None,None,46000,None,-626799000,None,None,87648000,159000,463153000,259868000,631702000,247981000,879683000,None,None,None,475275000,797003000,259138000,None,46336499,USD,-13288000,-6109000,-13288000,None,-2387000,-31809000,-3030000,-6518000,9217000,-16460000,28637000,-3187000,20677000,-26565000,173000,None,2264000,5775000,13288000,2264000,-495000,-16955000,54.25,59.36
6,2018-12-31,USD,128849000,-466110000,55657000,-443798000,24372000,7100000,0,0,10864000,0,33222000,2060000,22312000,-499240000,13508000,None,None,None,-130000,-92000,0,3764000,-11355000,0,7100000,7100000,None,USD,739850000,None,None,32535000,888852000,-149002000,5538000,8283000,46000,-609451000,25380000,None,14188000,276093000,75307000,7074000,None,-10928000,375325000,350337000,None,-149002000,None,41709000,631459000,None,59950000,None,None,46000,None,-609451000,None,None,11455000,2733000,389513000,156706000,788165000,25380000,813545000,None,None,None,471331000,739850000,276093000,-925178000,46336499,USD,None,3887000,-10937000,None,-4678000,-37510000,-1000,197000,28667000,-7721000,40726000,-19880000,21360000,-26516000,-6316000,None,-924000,7616000,10937000,-924000,-744000,-8465000,45.21,54.25
7,2018-09-30,USD,130139000,53269000,54615000,75524000,24192000,8231000,0,0,11425000,0,33409000,1937000,22255000,20276000,12767000,None,None,None,0,-416000,0,3194000,-10414000,0,8231000,8231000,None,USD,757319000,0,None,32956000,883163000,-125844000,5410000,8617000,46000,-590035000,26717000,0,17808000,284558000,72272000,8665000,None,-8672000,381004000,358507000,None,-125844000,0,40993000,631220000,0,54990000,0,0,46000,0,-590035000,0,None,11482000,6326000,398812000,152954000,784174000,26717000,810891000,None,None,None,472817000,757319000,284558000,None,46461371,USD,None,-3055000,-12107000,0,65129000,40883000,-1363000,212000,8231000,60521000,31745000,8443000,20651000,-24764000,518000,0,-1539000,7245000,12107000,-1539000,-245000,60276000,55.8,45.21
8,2018-06-30,USD,129296000,53563000,54379000,74917000,21543000,6552000,0,0,9170000,0,33704000,189000,21354000,20216000,12373000,None,None,None,0,-357000,0,2618000,-11827000,0,6552000,6552000,None,USD,700229000,0,None,32972000,814865000,-114636000,5991000,8746000,46000,-573502000,27350000,0,20763000,224282000,74951000,8428000,720992000,-8187000,382730000,296736000,None,-114636000,0,39482000,561125000,0,57777000,0,0,46000,0,-573502000,0,None,11725000,9038000,403493000,151439000,712564000,27350000,739914000,None,None,None,467007000,700229000,224282000,None,46443945,USD,None,-413000,-11988000,0,-6044000,-29127000,-1363000,-301000,6552000,-9844000,31271000,6251000,20597000,-23788000,705000,0,-2096000,6932000,11988000,-2096000,-1900000,-11744000,53.4,55.8
9,2018-03-31,USD,128706000,53194000,54875000,73831000,22331000,6784000,0,0,9923000,0,33523000,1694000,20637000,19788000,12408000,None,None,None,0,-117000,0,3139000,-10597000,0,6784000,6784000,None,USD,716453000,0,None,33508000,813508000,-97055000,6223000,8309000,46000,-556266000,27196000,0,23134000,236026000,74474000,7003000,718841000,-1989000,385770000,307549000,None,-97055000,0,38015000,560899000,0,59162000,0,0,46000,0,-556266000,0,None,11893000,11241000,408904000,150939000,711838000,27196000,739034000,None,None,None,461154000,716453000,236026000,None,46283140,USD,None,-2005000,-14905000,0,-4269000,-26791000,-1363000,-2036000,6784000,-11517000,30179000,4748000,20158000,-22819000,297000,0,1355000,5923000,14905000,1355000,532000,-10985000,43.4,53.4
10,2017-12-31,USD,125226000,50777000,53917000,71309000,20698000,-6227000,0,0,8478000,0,31751000,166000,20532000,19344000,12220000,None,None,None,0,-318000,0,14705000,-40938000,0,-6227000,-6227000,None,USD,710588000,0,None,20011000,813132000,-102544000,0,7816000,46000,-554686000,27596000,0,23188000,247011000,74526000,7171000,718181000,-4600000,381282000,306118000,None,-102544000,0,39096000,560677000,0,59539000,0,0,46000,0,-554686000,0,None,5572000,17616000,404470000,150333000,711010000,27596000,738606000,None,None,None,456696000,710588000,247011000,-852474000,45960799,USD,None,-1160000,-10618000,0,-3452000,-24982000,-1364000,2257000,5876000,-4240000,31360000,-5408000,19683000,-21833000,303000,0,-4161000,18089000,10618000,156000,486000,-3754000,45.3,43.4
11,2017-09-30,USD,122969000,51665000,53584000,69385000,19352000,3650000,0,0,7086000,0,32915000,1632000,17720000,19147000,12266000,None,None,None,0,-397000,0,3436000,0,0,3650000,3650000,None,USD,729860000,0,None,20427000,809983000,-80123000,0,7090000,46000,-526626000,28351000,0,38540000,250765000,73551000,6698000,714779000,-5912000,381010000,310310000,None,-80123000,0,39118000,560458000,0,59763000,0,0,46000,0,-526626000,0,None,5872000,32668000,419550000,147623000,708081000,28351000,736432000,None,None,None,452369000,729860000,250765000,None,45946226,USD,None,673000,-10927000,0,-4552000,-24998000,-1232000,2779000,3650000,-7142000,28783000,6429000,19480000,-20879000,433000,0,4317000,6177000,10927000,-3976000,1415000,-5727000,48.9,45.3
12,2017-06-30,USD,119777000,49662000,51115000,68662000,20015000,4317000,0,0,7925000,0,31788000,1015000,19000000,18897000,12090000,None,None,None,0,-1023000,0,3608000,0,0,4317000,4317000,None,USD,732439000,0,None,21906000,803640000,-71201000,0,6004000,46000,-509397000,28909000,0,42420000,256492000,72335000,7635000,710031000,-9702000,376867000,313152000,None,-71201000,0,34754000,560241000,0,58696000,0,0,46000,0,-509397000,0,None,6759000,35661000,419287000,142155000,702396000,28909000,731305000,None,None,None,447852000,732439000,256492000,None,45927374,USD,None,-424000,-12007000,0,-2927000,-24516000,-733000,186000,4317000,-8478000,28045000,4503000,19184000,-19946000,-1643000,0,341000,5166000,12007000,-384000,1774000,-6704000,40.1,48.9
13,2017-03-31,USD,117203000,47875000,50662000,66541000,19520000,4136000,0,0,7629000,0,31461000,854000,18666000,18538000,11891000,None,None,None,0,-2124000,0,3493000,0,0,4136000,4136000,None,USD,732675000,0,None,20944000,796287000,-63612000,0,4602000,45000,-493768000,29062000,0,45899000,263196000,69249000,7215000,7215000,-15865000,368938000,317838000,None,-63612000,0,33698000,560059000,0,57432000,0,0,45000,0,-493768000,0,None,6985000,38914000,414837000,137917000,697976000,29062000,727038000,None,None,None,445976000,732675000,263196000,None,45498751,USD,None,-1660000,-12249000,0,-4072000,-22771000,-218000,-1527000,4136000,-11506000,23514000,2609000,18818000,-18999000,300000,0,43000,3704000,12249000,43000,383000,-11123000,43.05,40.1
14,2016-12-31,USD,115010000,50127000,50090000,64920000,15139000,3892000,0,0,4535000,0,30720000,346000,14793000,20074000,10604000,None,None,None,0,-667000,0,643000,-35730000,0,3892000,3892000,None,USD,737892000,0,None,19706000,791146000,-53254000,0,2587000,45000,-478905000,28043000,0,48628000,274319000,67913000,6626000,701816000,-17193000,361641000,327623000,None,-53254000,0,33598000,559855000,0,58700000,0,0,45000,0,-478905000,0,None,6387000,42241000,410269000,135335000,695190000,28043000,723233000,None,None,None,442799000,737892000,274319000,774829000,45478787,USD,None,5769000,-7195000,0,121459000,100760000,-1202000,-3259000,3892000,127444000,33879000,5418000,20300000,-18199000,-2500000,0,-3183000,3097000,7195000,-705000,-1276000,126168000,41.35,43.05
15,2016-09-30,USD,113057000,48167000,48827000,64230000,16270000,3459000,0,0,6379000,0,30050000,207000,16063000,18804000,9891000,None,None,None,0,-687000,0,2920000,0,0,3459000,3459000,None,USD,617622000,0,None,20642000,658108000,-40486000,0,1028000,45000,-470758000,26519000,0,44593000,148151000,61959000,6122000,6122000,-11898000,370749000,202280000,None,-40486000,0,33487000,435401000,0,54809000,0,0,45000,0,-470758000,0,None,7877000,36716000,415342000,134229000,569630000,26519000,596149000,None,None,None,442125000,617622000,148151000,None,45537353,USD,None,-4266000,-8745000,0,-2354000,-20925000,-10775000,519000,3459000,-6837000,22833000,3978000,18987000,-17169000,-1402000,0,2478000,5167000,8745000,-1033000,21000,-6816000,36.81,41.35
16,2016-06-30,USD,109955000,44572000,47872000,62083000,17846000,4224000,0,0,7603000,0,30407000,335000,17511000,18604000,10243000,None,None,None,0,-4439000,0,3379000,0,0,4224000,4224000,None,USD,626378000,0,None,20701000,655767000,-29389000,0,43502000,45000,-457048000,24728000,0,47758000,154967000,65881000,6086000,6086000,-12586000,370573000,208047000,None,-29389000,0,32379000,435225000,0,59795000,0,0,45000,0,-457048000,0,None,8210000,39548000,418331000,129933000,565158000,24728000,589886000,None,None,None,440200000,626378000,154967000,None,45198718,USD,None,386000,-14260000,0,-33729000,-49976000,-19019000,-1228000,4224000,-40538000,23698000,2996000,19084000,-16671000,424000,0,1445000,2290000,14260000,-1058000,-545000,-41083000,40.06,36.81
17,2016-03-31,USD,108291000,45339000,47277000,61014000,15808000,3354000,0,0,5743000,0,29532000,133000,15675000,17753000,10065000,None,None,None,0,-1946000,0,2389000,0,0,3354000,3354000,None,USD,665096000,0,None,19815000,683478000,-18382000,0,13406000,45000,-444601000,27576000,0,51221000,196050000,78911000,5584000,5584000,-10619000,366482000,247393000,None,-18382000,0,31528000,445620000,0,59921000,0,0,45000,0,-444601000,0,None,8363000,42858000,417703000,131371000,576991000,27576000,604567000,None,None,None,436793000,665096000,196050000,None,45198718,USD,None,8379000,-15034000,0,-5553000,-21518000,-2184000,-4076000,3354000,-8995000,27557000,-722000,17969000,-16171000,206000,0,387000,2318000,15034000,-387000,1454000,-7541000,39.03,40.06
18,2015-12-31,USD,115335000,53278000,45837000,69498000,16612000,2480000,0,0,6333000,0,37293000,392000,16220000,18009000,10279000,None,None,None,0,-2024000,0,3853000,-33382000,0,2480000,2480000,None,USD,662816000,0,None,17030000,675087000,-12271000,0,11901000,45000,-431784000,30977000,0,51341000,203591000,68904000,6247000,581453000,-14693000,360136000,251339000,None,-12271000,0,30718000,445443000,0,50756000,0,0,45000,0,-431784000,0,None,6199000,45142000,411477000,129763000,575206000,30977000,606183000,None,None,None,434161000,662816000,203591000,-709975000,45198718,USD,None,-3410000,-4962000,111000,-3848000,-19758000,-1397000,-3119000,2480000,-2721000,21999000,-8978000,18191000,-16045000,135000,0,1119000,16195000,4962000,1000,-978000,-3699000,34.69,39.03
19,2015-09-30,USD,104501000,43800000,45182000,59319000,15569000,3161000,0,0,5567000,0,27318000,50000,15519000,17634000,10002000,None,None,None,0,-1152000,0,2406000,0,0,3161000,3161000,None,USD,672906000,0,None,21755000,671804000,1102000,0,45616000,45000,-418219000,29961000,0,55707000,207290000,68636000,7670000,None,-11947000,357163000,260036000,None,1102000,0,30991000,450000000,0,60966000,0,0,45000,0,-418219000,0,None,10670000,45037000,412870000,123207000,573207000,29961000,603168000,None,None,None,431223000,672906000,207290000,None,45176779,USD,None,77000,-6809000,29000,-6051000,-33447000,None,None,3160000,-16853000,23403000,3188000,17751000,-15296000,-12100000,0,1118000,2395000,6838000,-8000,-351000,-17204000,27.16,34.69
