,fiscalDateEnding,reportedCurrency_x,totalRevenue,totalOperatingExpense,costOfRevenue,grossProfit,ebit,netIncome_x,researchAndDevelopment,effectOfAccountingCharges,incomeBeforeTax,minorityInterest,sellingGeneralAdministrative,otherNonOperatingIncome,operatingIncome,otherOperatingExpense,interestExpense,taxProvision,interestIncome,netInterestIncome,extraordinaryItems,nonRecurring,otherItems,incomeTaxExpense,totalOtherIncomeExpense,discontinuedOperations,netIncomeFromContinuingOperations,netIncomeApplicableToCommonShares,preferredStockAndOtherAdjustments,reportedCurrency_y,totalAssets,intangibleAssets,earningAssets,otherCurrentAssets,totalLiabilities,totalShareholderEquity,deferredLongTermLiabilities,otherCurrentLiabilities,commonStock,retainedEarnings,otherLiabilities,goodwill,otherAssets,cash,totalCurrentLiabilities,shortTermDebt,currentLongTermDebt,otherShareholderEquity,propertyPlantEquipment,totalCurrentAssets,longTermInvestments,netTangibleAssets,shortTermInvestments,netReceivables,longTermDebt,inventory,accountsPayable,totalPermanentEquity,additionalPaidInCapital,commonStockTotalEquity,preferredStockTotalEquity,retainedEarningsTotalEquity,treasuryStock,accumulatedAmortization,otherNonCurrrentAssets,deferredLongTermAssetCharges,totalNonCurrentAssets,capitalLeaseObligations,totalLongTermDebt,otherNonCurrentLiabilities,totalNonCurrentLiabilities,negativeGoodwill,warrants,preferredStockRedeemable,capitalSurplus,liabilitiesAndShareholderEquity,cashAndShortTermInvestments,accumulatedDepreciation,commonStockSharesOutstanding,reportedCurrency,investments,changeInLiabilities,cashflowFromInvestment,otherCashflowFromInvestment,netBorrowings,cashflowFromFinancing,otherCashflowFromFinancing,changeInOperatingActivities,netIncome_y,changeInCash,operatingCashflow,otherOperatingCashflow,depreciation,dividendPayout,stockSaleAndPurchase,changeInInventory,changeInAccountReceivables,changeInNetIncome,capitalExpenditures,changeInReceivables,changeInExchangeRate,changeInCashAndCashEquivalents,clossingVal,nextClossingVal
0,2020-06-30,USD,449600000,100600000,240800000,208800000,109900000,45600000,None,None,74800000,1200000,100600000,15900000,94000000,None,35100000,13600000,None,-35100000,None,None,None,13600000,1700000,-14400000,61200000,45600000,None,USD,2854100000,235200000,None,169900000,3434800000,-596100000,131200000,388700000,1600000,1045500000,200600000,1348500000,320200000,215700000,526800000,20700000,20700000,-25900000,109100000,685600000,None,-2179800000,None,300000000,2655100000,None,117400000,None,None,1600000,None,1045500000,-2305200000,None,475700000,None,2168500000,None,2655100000,121700000,2908000000,None,None,None,687900000,2854100000,215700000,None,121100000,USD,20000000,-11100000,-19600000,-35500000,-94100000,-112800000,-500000,-31300000,46800000,-69000000,63400000,29900000,27000000,-18300000,100000,None,38700000,-21100000,4100000,38700000,None,-69000000,41.42,
1,2020-03-31,USD,516300000,105800000,242500000,273800000,167500000,57600000,None,None,132400000,1900000,105800000,-500000,168000000,None,35100000,38000000,-35100000,-35100000,-34900000,None,None,38000000,-500000,-34900000,94400000,57600000,None,USD,2964800000,236300000,None,245700000,3586000000,-635500000,None,477100000,1600000,1018300000,228300000,1345500000,337100000,284500000,554600000,20900000,20900000,-34300000,116900000,869800000,None,-2217300000,None,339600000,2747300000,None,340700000,None,None,1600000,None,1018300000,-2306500000,None,396300000,None,2095000000,None,2747300000,123800000,2747300000,None,None,None,685400000,2964800000,284500000,None,121500000,USD,-15300000,21500000,-40600000,-18200000,4600000,-13000000,-600000,3200000,59500000,79400000,133000000,97600000,24500000,-18200000,1200000,None,-26800000,16200000,7100000,-26800000,None,79400000,32.85,41.42
2,2019-12-31,USD,499600000,115600000,235900000,263700000,149400000,22300000,None,None,113000000,1800000,115600000,1300000,148100000,None,36400000,43200000,-36400000,-36400000,-45700000,None,None,43200000,1300000,-45700000,69800000,22300000,None,USD,2935900000,232700000,None,308500000,3562900000,-639400000,None,505000000,1600000,979100000,226800000,1364300000,301200000,222400000,537800000,21100000,21100000,5400000,126600000,851800000,None,-2236400000,None,320900000,2741200000,None,295600000,None,None,1600000,None,979100000,-2308500000,None,360500000,None,2084100000,None,2741200000,114300000,2741200000,None,None,None,683000000,2935900000,222400000,None,121500000,USD,7300000,-8600000,-20200000,-18300000,-165200000,-186200000,-2700000,-4000000,24100000,-99900000,106500000,65800000,24600000,-20500000,2200000,None,-22800000,47500000,9200000,-22800000,None,-99900000,54.68,32.85
3,2019-09-30,USD,494600000,107900000,247300000,247300000,141700000,82000000,None,None,104000000,2100000,107900000,2300000,139400000,None,37700000,25600000,-37700000,-37700000,6900000,None,None,25600000,2300000,5700000,78400000,82000000,None,USD,3058900000,228000000,None,279300000,3730500000,-684400000,None,503800000,1600000,975300000,214500000,1344100000,296400000,313100000,805900000,271300000,271300000,-26600000,131400000,1002800000,None,-2256500000,None,410400000,2655200000,None,300200000,None,None,1600000,None,975300000,-2312400000,None,352600000,None,2056100000,None,2655200000,112900000,2655200000,None,None,None,677700000,3058900000,313100000,None,121400000,USD,-12000000,-5500000,-27900000,-12800000,-5200000,-33900000,-8800000,-33200000,84100000,10400000,72200000,45200000,23500000,-22600000,2700000,None,-8100000,17100000,3100000,-8100000,None,10400000,48.09,54.68
4,2019-06-30,USD,167800000,196300000,2500000,165300000,-45500000,-155100000,None,None,-82700000,2100000,99900000,-14500000,-31000000,6400000,37200000,-39500000,-53700000,-37200000,-109200000,90000000,None,-39500000,-20900000,-109800000,-43200000,-155100000,None,USD,2999000000,225900000,None,263400000,3713500000,-729600000,148900000,420500000,1600000,911600000,216200000,1356300000,284900000,311400000,837900000,270800000,270800000,-6700000,144800000,987100000,None,-2311800000,None,412300000,2659400000,None,146600000,None,None,1600000,None,911600000,-2324600000,None,284900000,None,2011900000,None,2659400000,67300000,2875600000,None,None,None,688500000,2999000000,311400000,None,121100000,USD,10000000,2000000,-36100000,-30900000,-2100000,-104100000,-3900000,-33200000,-153000000,3700000,143900000,326700000,18400000,-20300000,-77800000,None,25400000,56300000,15200000,25400000,None,3700000,49.44,48.09
5,2019-03-31,USD,602100000,124400000,305800000,296300000,172900000,99800000,None,None,137500000,1900000,123800000,1000000,171900000,600000,35400000,32000000,-35400000,-35400000,13000000,None,None,35800000,400000,-156200000,101700000,99800000,None,USD,3165800000,264800000,None,155700000,3641200000,-490500000,None,420500000,1600000,1084900000,237000000,1588400000,280500000,306800000,754900000,268500000,268500000,-2400000,133300000,898800000,10000000,-2343700000,None,436300000,2649300000,None,302900000,None,None,1600000,None,1084900000,-2248100000,None,280500000,None,2267000000,None,2649300000,69900000,2649300000,None,None,None,673500000,3165800000,306800000,None,122400000,USD,-22600000,13400000,-22600000,-10500000,55200000,-36300000,-4200000,-6600000,101700000,81000000,139900000,-6600000,26100000,-18600000,-68700000,None,-25700000,31000000,12100000,-25700000,None,81000000,58.82,49.44
6,2018-12-31,USD,590400000,126500000,309900000,280500000,155600000,89000000,None,None,121300000,1900000,122700000,1600000,154000000,3800000,34300000,None,None,None,18300000,None,None,30400000,-66500000,-156200000,90900000,89000000,None,USD,3017100000,245800000,None,126800000,3517200000,-513300000,None,413600000,1600000,1003800000,214500000,1587400000,267800000,228700000,710700000,268000000,268000000,-7000000,139000000,767100000,10000000,-2346500000,None,411600000,2592000000,None,243600000,None,None,1600000,None,1003800000,-2116500000,None,277800000,None,2250000000,None,2592000000,None,2592000000,None,None,None,604800000,3017100000,228700000,None,124700000,USD,400000,-7500000,-22400000,-4500000,165400000,-119100000,-2500000,-35300000,90900000,-82200000,59300000,-35300000,25600000,-22500000,-259500000,None,-32000000,17600000,18300000,-32000000,None,-82200000,47.88,58.82
7,2018-09-30,USD,554500000,115500000,281600000,272900000,160000000,90300000,None,None,127800000,2000000,98300000,2600000,157400000,17200000,32200000,None,None,None,None,None,None,35500000,-50300000,-156200000,92300000,90300000,None,USD,3090900000,259800000,None,115600000,3390500000,-314700000,None,443700000,1600000,933600000,216300000,1592400000,275500000,312800000,500600000,17900000,17900000,5100000,141200000,812000000,10000000,-2166900000,9200000,383600000,2673600000,None,255300000,None,None,1600000,None,933600000,-1909600000,None,285500000,None,2278900000,None,2673600000,None,2673600000,None,None,None,654600000,3090900000,312800000,None,128800000,USD,-10000000,-9500000,-542100000,-523300000,63300000,-89500000,-16000000,12800000,92300000,-491600000,140000000,12800000,19700000,-23700000,-113100000,None,12200000,12500000,8800000,12200000,None,-491600000,62.56,47.88
8,2018-06-30,USD,569200000,122500000,288500000,280700000,162200000,99400000,131300000,0,136900000,2200000,118200000,4000000,158200000,4300000,25300000,None,None,None,0,6200000,0,35300000,-30100000,0,101600000,99400000,None,USD,3008400000,126500000,None,188300000,3355700000,-364800000,167100000,367000000,1600000,753000000,231800000,1217200000,165500000,804400000,548400000,45200000,45000000,11500000,131900000,1367300000,None,-1708500000,None,374600000,2575500000,None,136200000,None,None,1600000,None,753000000,-1810700000,None,165500000,None,1641100000,None,2575500000,64700000,2807300000,None,None,None,679800000,3008400000,804400000,None,130100000,USD,-10000000,25400000,-37300000,-28200000,480900000,275200000,-1400000,-54500000,101600000,357000000,119100000,-54500000,20500000,-19700000,-184600000,None,17300000,8800000,9100000,17300000,-14000000,343000000,65.05,62.56
9,2018-03-31,USD,576600000,124200000,295000000,281600000,159100000,96100000,0,0,135000000,1700000,121700000,1700000,157400000,2500000,24100000,None,None,None,0,-800000,0,37200000,-36800000,0,97800000,96100000,None,USD,2697900000,116100000,None,188600000,2914900000,-232300000,101300000,545700000,1600000,673400000,240800000,1226800000,171900000,461400000,580700000,45500000,45000000,45600000,137300000,1045800000,None,-1575200000,None,395800000,2093400000,None,230300000,None,None,1600000,None,673400000,-1626900000,None,171900000,None,1652100000,None,2093400000,None,2093400000,None,None,None,674000000,2697900000,461400000,None,133000000,USD,-10000000,7400000,-18100000,-9600000,-11600000,-159500000,-1800000,40900000,97800000,12900000,190500000,40900000,19600000,-27600000,-118500000,None,13100000,11700000,8500000,13100000,4900000,17800000,63.34,65.05
10,2017-12-31,USD,561700000,129800000,290800000,270900000,143500000,104000000,0,0,120300000,2200000,122200000,2400000,141100000,7600000,23200000,None,None,None,0,-11900000,0,14100000,-9100000,0,106200000,104000000,None,USD,2690000000,111900000,None,195300000,2878000000,-209000000,105000000,526700000,1600000,597700000,187400000,1216100000,1503000000,443600000,532100000,45900000,45000000,32100000,140800000,1046200000,None,-1537000000,None,407300000,2103900000,None,201500000,None,None,1600000,None,597700000,-1512100000,None,175000000,None,1643800000,None,2103900000,None,2103900000,None,None,None,671700000,2690000000,443600000,None,134600000,USD,-10000000,-17200000,-39000000,-20900000,-35200000,-333800000,-20000000,-51100000,106200000,-348600000,24200000,-51100000,19500000,-59900000,-326200000,None,-31400000,-1800000,18100000,-31400000,3600000,-345000000,71.28,63.34
11,2017-09-30,USD,565700000,120200000,307700000,258000000,143100000,81300000,0,0,119800000,1800000,113700000,5300000,137800000,6500000,23300000,None,None,None,0,6500000,0,36700000,-25100000,0,83100000,81300000,None,USD,2937900000,105800000,None,164900000,2930800000,-11700000,109400000,529300000,1600000,514200000,189300000,1191800000,1475200000,788600000,559800000,46200000,44900000,22200000,134000000,1328700000,None,-1309300000,None,375200000,2114400000,None,240900000,None,None,1600000,None,514200000,-1214500000,None,177600000,None,1609200000,None,2114400000,None,2114400000,None,None,None,664800000,2937900000,788600000,None,139000000,USD,800000,-3800000,-19100000,-9600000,11600000,-53100000,8500000,18900000,83100000,55600000,127800000,18900000,19500000,19700000,14600000,None,-1800000,11900000,10300000,-1800000,6900000,62500000,63.09,71.28
12,2017-06-30,USD,565400000,143800000,308900000,256500000,113200000,58700000,150000000,0,94100000,2200000,135700000,500000,112700000,8100000,19100000,None,None,None,0,15000000,0,33200000,-76800000,0,60900000,58700000,None,USD,2883100000,104000000,None,180600000,2939900000,-73800000,202000000,361000000,1600000,452700000,196200000,1181200000,1469300000,726100000,552600000,46500000,45000000,8000000,135000000,1278800000,None,-1359000000,0,372100000,2125200000,0,145100000,-56800000,608600000,1600000,0,452700000,-1144700000,None,184100000,None,1604300000,None,2125200000,60100000,2387300000,None,None,None,608600000,2883100000,726100000,None,140000000,USD,6000000,3000000,-20400000,-11000000,552500000,208300000,-32300000,-18800000,60900000,331700000,143800000,-18000000,18300000,-148000000,-1035300000,0,-8300000,45100000,15400000,34500000,9200000,340900000,62.06,63.09
13,2017-03-31,USD,556300000,124300000,307700000,248600000,125500000,77300000,0,0,110400000,1500000,117400000,1200000,124300000,6900000,15100000,None,None,None,0,3300000,0,31600000,0,0,78800000,77300000,None,USD,2557100000,101900000,None,173700000,2349100000,189900000,139500000,507000000,1600000,413900000,208500000,1165800000,1463200000,385200000,548000000,46800000,46800000,-16300000,130600000,963300000,None,-1077800000,0,404400000,1544500000,0,250800000,208000000,616000000,1600000,0,413900000,-825300000,None,195500000,None,1593800000,None,1544500000,None,1544500000,None,None,None,616000000,2557100000,385200000,None,145200000,USD,-1500000,12700000,-31700000,-12900000,-11700000,-27700000,1500000,3100000,78800000,54400000,113800000,37400000,17600000,20400000,0,0,42800000,7900000,17300000,-40600000,3200000,57600000,65.01,62.06
14,2016-12-31,USD,547800000,113200000,303200000,244600000,131200000,82700000,0,0,118900000,900000,110900000,-200000,131400000,2300000,12300000,None,None,None,0,-1000000,0,35300000,0,0,83600000,82700000,None,USD,2444900000,101500000,None,171100000,2318500000,109800000,145300000,502900000,1600000,357000000,215000000,1159200000,1457700000,327600000,495600000,46800000,46800000,-25100000,125500000,861700000,None,-1150900000,0,363000000,1555700000,0,213100000,126400000,615800000,1600000,0,357000000,-839500000,None,197000000,None,1583200000,None,1555700000,None,1555700000,None,None,None,615800000,2444900000,327600000,None,144900000,USD,1400000,-6300000,-18900000,-7400000,406600000,23100000,25600000,-17600000,83600000,90800000,86600000,-22300000,17300000,63800000,348900000,0,2200000,9700000,12900000,4600000,-8800000,82000000,59.69,65.01
15,2016-09-30,USD,550700000,114800000,315100000,235600000,122600000,76900000,0,0,111900000,2300000,113700000,1800000,120800000,1100000,10700000,None,None,None,0,1100000,0,32700000,0,0,79200000,76900000,None,USD,2379600000,103800000,None,148900000,1952500000,411400000,152700000,505800000,1600000,294900000,223800000,1179300000,1491500000,245600000,492400000,26800000,26800000,1700000,122400000,765700000,None,-871700000,0,371200000,1184100000,0,235800000,427100000,679500000,1600000,0,294900000,-566300000,None,208400000,None,1613900000,None,1184100000,None,1184100000,None,None,None,679500000,2379600000,245600000,None,149500000,USD,2000000,-5000000,-16900000,-2100000,-6600000,-43800000,-15100000,10000000,79200000,26100000,86800000,-15900000,17100000,-23200000,1100000,0,6800000,18200000,16800000,-6800000,400000,26500000,57.36,59.69
16,2016-06-30,USD,542200000,129100000,315600000,226600000,98600000,58300000,161000000,0,87900000,1900000,120300000,1100000,97500000,8800000,10700000,None,None,None,0,20200000,0,27700000,-57100000,0,60200000,58300000,None,USD,2365000000,107800000,None,154100000,1988800000,359800000,204600000,342500000,1600000,238300000,228200000,1182700000,1507700000,219100000,523400000,26800000,26800000,5800000,118600000,738700000,None,-930700000,0,365500000,1190300000,0,154100000,376200000,640700000,1600000,0,238300000,-526600000,None,217200000,None,1626300000,None,1190300000,70500000,1465400000,None,None,None,640700000,2365000000,219100000,None,150100000,USD,7700000,4000000,-21000000,-12900000,-6700000,-332800000,-2100000,23800000,60200000,-240600000,113200000,18100000,18400000,-25400000,-298600000,0,-57000000,-1600000,15800000,14100000,-4400000,-245000000,55.49,57.36
17,2016-03-31,USD,537700000,132700000,315800000,221900000,89300000,53800000,0,0,78600000,1900000,125000000,100000,89200000,7700000,10700000,None,None,None,0,0,0,22900000,0,0,55700000,53800000,None,USD,2672800000,112100000,None,178100000,2021900000,631400000,0,532500000,1600000,200500000,227200000,1202200000,1540300000,464100000,536600000,26400000,None,26200000,108800000,1023700000,None,-682900000,0,381500000,1196100000,0,266900000,0,0,1600000,0,200500000,-234000000,None,226000000,None,1649100000,None,1196100000,None,1196100000,None,None,None,637100000,2672800000,464100000,None,155300000,USD,1000000,19100000,-41400000,-25500000,-7100000,-28200000,-2400000,None,55700000,111500000,181100000,88700000,16900000,-21100000,2400000,0,0,2000000,16900000,-1300000,5100000,116600000,46.55,55.49
18,2015-12-31,USD,520100000,107600000,301200000,218900000,116300000,68200000,0,0,106800000,1500000,105800000,5000000,111300000,1800000,9500000,None,None,None,0,0,0,37100000,0,0,69700000,68200000,None,USD,2516000000,86900000,None,190700000,1920200000,578200000,0,490300000,1600000,167800000,202800000,1187300000,1497500000,347500000,443400000,26400000,None,19800000,101400000,917100000,None,-696000000,0,378900000,1202200000,0,201300000,0,0,1600000,0,167800000,-240600000,None,223300000,None,1598900000,None,1202200000,None,1202200000,None,None,None,629600000,2516000000,347500000,None,155200000,USD,7700000,-5900000,-3300000,-1000000,245000000,-24200000,1000000,None,69700000,-6900000,20600000,-17700000,14700000,-21600000,-248600000,0,0,8000000,10000000,-48200000,-5200000,-12100000,47.47,46.55
19,2015-09-30,USD,514600000,99300000,310800000,203800000,105100000,59000000,0,0,95800000,2200000,97400000,600000,104500000,1900000,9300000,None,None,None,0,0,0,34600000,0,0,61200000,59000000,None,USD,2488500000,92800000,None,185400000,1684200000,788200000,0,500700000,1600000,121400000,200200000,1197300000,1510100000,359600000,456200000,13300000,None,34800000,99700000,878700000,None,-501900000,0,333700000,968600000,0,201600000,0,0,1600000,0,121400000,-45200000,None,220000000,None,1609800000,None,968600000,None,968600000,None,None,None,675600000,2488500000,359600000,None,159400000,USD,-6700000,-1900000,-15900000,-1100000,-3300000,-34100000,-2100000,None,61200000,-44800000,5200000,-65300000,14000000,-19200000,-9500000,0,0,18800000,8100000,-21600000,-3800000,-48600000,47.78,47.47
