,fiscalDateEnding,reportedCurrency_x,totalRevenue,totalOperatingExpense,costOfRevenue,grossProfit,ebit,netIncome_x,researchAndDevelopment,effectOfAccountingCharges,incomeBeforeTax,minorityInterest,sellingGeneralAdministrative,otherNonOperatingIncome,operatingIncome,otherOperatingExpense,interestExpense,taxProvision,interestIncome,netInterestIncome,extraordinaryItems,nonRecurring,otherItems,incomeTaxExpense,totalOtherIncomeExpense,discontinuedOperations,netIncomeFromContinuingOperations,netIncomeApplicableToCommonShares,preferredStockAndOtherAdjustments,reportedCurrency_y,totalAssets,intangibleAssets,earningAssets,otherCurrentAssets,totalLiabilities,totalShareholderEquity,deferredLongTermLiabilities,otherCurrentLiabilities,commonStock,retainedEarnings,otherLiabilities,goodwill,otherAssets,cash,totalCurrentLiabilities,shortTermDebt,currentLongTermDebt,otherShareholderEquity,propertyPlantEquipment,totalCurrentAssets,longTermInvestments,netTangibleAssets,shortTermInvestments,netReceivables,longTermDebt,inventory,accountsPayable,totalPermanentEquity,additionalPaidInCapital,commonStockTotalEquity,preferredStockTotalEquity,retainedEarningsTotalEquity,treasuryStock,accumulatedAmortization,otherNonCurrrentAssets,deferredLongTermAssetCharges,totalNonCurrentAssets,capitalLeaseObligations,totalLongTermDebt,otherNonCurrentLiabilities,totalNonCurrentLiabilities,negativeGoodwill,warrants,preferredStockRedeemable,capitalSurplus,liabilitiesAndShareholderEquity,cashAndShortTermInvestments,accumulatedDepreciation,commonStockSharesOutstanding,reportedCurrency,investments,changeInLiabilities,cashflowFromInvestment,otherCashflowFromInvestment,netBorrowings,cashflowFromFinancing,otherCashflowFromFinancing,changeInOperatingActivities,netIncome_y,changeInCash,operatingCashflow,otherOperatingCashflow,depreciation,dividendPayout,stockSaleAndPurchase,changeInInventory,changeInAccountReceivables,changeInNetIncome,capitalExpenditures,changeInReceivables,changeInExchangeRate,changeInCashAndCashEquivalents,clossingVal,nextClossingVal
0,2020-06-30,USD,4365700000,463800000,3618500000,747200000,285100000,189100000,None,None,245400000,None,463800000,1700000,283400000,None,39700000,None,None,None,None,None,None,56300000,None,None,189100000,189100000,None,USD,8749500000,492900000,None,199700000,7693900000,1055600000,67600000,275400000,1400000,-1932500000,132800000,2532100000,24900000,958400000,3561500000,37900000,None,-151600000,326500000,5235800000,None,-1969400000,None,3382900000,3861600000,694800000,3248200000,None,None,1400000,None,-1932500000,None,None,162200000,None,3513700000,None,3861600000,203200000,4132400000,None,None,None,3138300000,8749500000,958400000,None,142600000,USD,None,-223800000,-74600000,None,-182000000,524300000,22500000,18700000,189100000,742500000,292800000,83000000,125200000,-162500000,-281600000,-22900000,None,13600000,74600000,128600000,None,742500000,116.18,
1,2020-03-31,USD,4389200000,510700000,3632700000,756500000,249700000,167900000,None,None,211800000,None,510700000,3900000,245800000,None,37900000,43900000,-37900000,-37900000,None,None,None,-43900000,3900000,None,255700000,167900000,None,USD,8222400000,540200000,None,187400000,7332700000,889700000,62800000,257600000,1400000,-2067300000,117800000,2529500000,25500000,214400000,3647200000,33700000,33700000,-159300000,331900000,4665800000,None,-2180000000,None,3591900000,3438500000,672100000,3355900000,None,None,1400000,None,-2067300000,None,None,25500000,None,3427100000,129200000,3438500000,184200000,3685500000,None,None,None,3114900000,8222400000,214400000,None,142300000,USD,-25400000,260800000,-25400000,None,781000000,-130000000,21900000,39700000,167900000,67600000,223000000,-63700000,91400000,54200000,140800000,-66400000,-209000000,42000000,25400000,-209000000,None,67600000,93.27,116.18
2,2019-12-31,USD,4536900000,493700000,3759400000,777500000,274300000,185600000,None,None,236000000,None,493700000,-9500000,283800000,None,38300000,50400000,-38300000,-38300000,None,None,None,-50400000,-9500000,None,286400000,185600000,None,USD,7999400000,594100000,None,171600000,7039100000,960300000,62400000,743600000,1400000,-2018600000,133400000,2553000000,22400000,154000000,3491400000,34100000,34100000,-117800000,363100000,4334100000,900000,-2186800000,None,3397300000,3283200000,611200000,2713700000,None,None,1400000,None,-2018600000,None,None,23300000,None,3533500000,131100000,3283200000,202100000,3547700000,None,None,None,3095300000,7999400000,154000000,None,143000000,USD,-181400000,133100000,-181400000,-20100000,585000000,-181300000,100000,274300000,185600000,-17800000,344900000,71300000,69600000,54500000,163900000,-1900000,-73000000,-39800000,161300000,-73000000,None,-17800000,142.84,93.27
3,2019-09-30,USD,4907700000,495900000,4091200000,816500000,303200000,201700000,None,None,260900000,None,495900000,-17400000,320600000,None,42300000,59200000,-42300000,-42300000,None,None,None,-59200000,-17400000,None,320100000,201700000,None,USD,7703100000,616100000,None,193100000,6768000000,935100000,111300000,212100000,1400000,-1985400000,186300000,2515900000,19400000,166900000,3241000000,25400000,25400000,-154100000,171100000,4295300000,1100000,-2196900000,None,3331700000,3259000000,603600000,3003500000,None,None,1400000,None,-1985400000,None,None,20500000,None,3323600000,81700000,3259000000,156700000,3527000000,None,None,None,3073200000,7703100000,166900000,None,143900000,USD,-31100000,-154600000,-31100000,-75000000,969500000,-263300000,9700000,23700000,201700000,-26600000,267800000,27400000,68200000,42600000,161100000,46200000,58300000,20600000,31100000,58300000,None,-26600000,123.24,142.84
4,2019-06-30,USD,4629900000,473500000,3856100000,773800000,301700000,196600000,None,None,261200000,None,473500000,1400000,300300000,None,40500000,64600000,-40500000,-40500000,None,None,None,-64600000,1400000,None,325800000,196600000,None,USD,7921900000,660500000,None,205300000,6985800000,936100000,123100000,200800000,1500000,-1973600000,185600000,2524700000,28200000,194500000,3460300000,25500000,25500000,-139400000,163400000,4425300000,2500000,-2249100000,None,3373300000,3253300000,652200000,3234000000,None,None,1500000,None,-1973600000,None,None,30700000,None,3379300000,86600000,3253300000,149100000,3525500000,None,None,None,3047600000,7921900000,194500000,None,145000000,USD,-30800000,276300000,-30800000,-6300000,802500000,-225000000,10600000,-100300000,196600000,-93700000,162100000,-77700000,65000000,42900000,155100000,-63100000,-242000000,7000000,24500000,-242000000,None,-93700000,111.0,123.24
5,2019-03-31,USD,3957900000,443200000,3285800000,672100000,229900000,152900000,None,None,191600000,None,443200000,1000000,228900000,None,38300000,38700000,-38300000,-38300000,None,None,None,-38700000,1000000,None,230300000,152900000,None,USD,7679500000,696000000,None,178300000,6752200000,927300000,132700000,192100000,1500000,-1972000000,186500000,2528200000,35500000,285000000,3215000000,25700000,25700000,-127500000,155200000,4132500000,8300000,-2296900000,None,3078500000,3257700000,590700000,2997200000,None,None,1500000,None,-1972000000,None,None,35500000,None,3414900000,93000000,3257700000,146800000,3537200000,None,None,None,3025300000,7679500000,285000000,None,146300000,USD,-88100000,187600000,-88100000,-68700000,88500000,-80200000,11600000,39700000,152900000,84100000,252400000,-31900000,64300000,43400000,177100000,-134200000,11900000,1800000,19400000,11900000,None,84100000,96.37,111.0
6,2018-12-31,USD,4074800000,450900000,3381000000,693800000,243700000,159300000,0,0,206600000,0,450900000,800000,242900000,0,37100000,None,None,None,1900000,0,0,-47000000,-36300000,0,253600000,159300000,None,USD,7167700000,712200000,None,149100000,6192500000,975200000,141900000,410300000,1500000,-1892600000,206100000,2462800000,27700000,205800000,2803100000,25300000,25300000,-130600000,156100000,3796800000,12100000,-2199800000,None,2987600000,3183300000,454300000,2367500000,None,None,1500000,None,-1892600000,None,None,39800000,None,3370900000,None,3183300000,64200000,3389400000,None,None,None,2996900000,7167700000,205800000,None,147700000,USD,None,-4500000,-32700000,None,-2200000,-319500000,6800000,116200000,159300000,-48600000,303600000,91300000,66900000,43900000,497900000,25300000,-30800000,-3900000,32700000,-30800000,-700000,-49300000,81.05,96.37
7,2018-09-30,USD,4373200000,438800000,3659600000,713600000,275000000,183700000,0,0,238400000,0,438800000,200000,274800000,0,36600000,None,None,None,0,0,0,-54700000,-36400000,0,293100000,183700000,None,USD,7375400000,758200000,None,192400000,6214700000,1160700000,158400000,188500000,1500000,-1703500000,223400000,2469500000,28200000,255100000,2803900000,32000000,32000000,-108200000,147800000,3949500000,22200000,-2067000000,None,3020900000,3187400000,481100000,2583400000,None,None,1500000,None,-1703500000,None,None,50400000,None,3425900000,None,3187400000,65000000,3410800000,None,None,None,2970900000,7375400000,255100000,None,150900000,USD,None,-35400000,-19800000,None,200800000,-97100000,18400000,46900000,183700000,153100000,270000000,-3900000,65800000,31700000,4500000,95600000,-39100000,3300000,19800000,-39100000,1300000,154400000,88.92,81.05
8,2018-06-30,USD,4186100000,430100000,3490500000,695600000,267000000,173000000,0,0,229800000,0,430100000,1500000,265500000,0,37200000,None,None,None,0,0,0,-56800000,-35700000,0,286600000,173000000,None,USD,7330100000,802300000,None,181100000,6261200000,1068900000,172900000,169900000,1500000,-1780800000,239500000,2472500000,36800000,100700000,2820000000,38600000,38600000,-105100000,150300000,3844700000,23500000,-2205900000,0,2986000000,3201700000,576900000,2611500000,0,0,1500000,0,-1780800000,0,None,60300000,None,3485400000,None,3201700000,66600000,3441200000,None,None,None,2953300000,7330100000,100700000,None,151500000,USD,None,399100000,-17700000,0,318100000,-207000000,1800000,-95100000,173000000,-114600000,110100000,-77600000,65100000,31800000,12600000,-95300000,-355700000,1500000,17700000,-355700000,-5700000,-120300000,80.79,88.92
9,2018-03-31,USD,3606400000,399800000,3002500000,603900000,203400000,127000000,0,0,165700000,0,399800000,-700000,204100000,0,37700000,None,None,None,0,0,0,-39000000,-38400000,0,204700000,127000000,None,USD,7027900000,859000000,None,188900000,6031000000,996900000,188900000,193600000,1500000,-1854600000,238800000,2488800000,25600000,221000000,2582500000,25800000,25800000,-78500000,153100000,3479900000,21500000,-2350900000,0,2584200000,3209700000,485800000,2363100000,0,0,1500000,0,-1854600000,0,None,47100000,None,3548000000,None,3209700000,49900000,3448500000,None,None,None,2928500000,7027900000,221000000,None,151900000,USD,None,29300000,-15900000,0,170000000,-131200000,8700000,74500000,127000000,75100000,222200000,15400000,67800000,32000000,7300000,-72400000,60500000,-5400000,15900000,60500000,1700000,76800000,70.31,80.79
10,2017-12-31,USD,3838500000,392700000,3224300000,614200000,220500000,195200000,0,0,184600000,0,392700000,-1000000,221500000,0,37100000,None,None,None,0,0,0,10600000,-205800000,0,174000000,195200000,None,USD,6956600000,897000000,None,127400000,5973700000,982900000,196300000,194000000,1500000,-1834300000,51800000,2479600000,3417400000,144200000,2514600000,25500000,25500000,-95900000,161100000,3378100000,5000000,-2393700000,0,2657000000,3210000000,449500000,2295100000,0,0,1500000,0,-1834300000,0,None,40800000,None,3578500000,None,3210000000,52800000,3459100000,None,None,None,2911600000,6956600000,144200000,None,153000000,USD,None,30000000,-22500000,0,281600000,-271100000,7600000,-51300000,195200000,45000000,338600000,62900000,67400000,32200000,3900000,99000000,-128400000,-107900000,22500000,-8000000,1300000,46300000,69.49,70.31
11,2017-09-30,USD,4033900000,398300000,3391900000,642000000,244400000,129200000,0,0,206600000,0,398300000,700000,243700000,0,37800000,None,None,None,0,0,0,-77400000,0,0,284000000,129200000,None,USD,7101800000,937100000,None,153500000,6295300000,806500000,315900000,228400000,1500000,-1997200000,32300000,2477600000,3446800000,97900000,2558700000,41500000,41500000,-101700000,162500000,3492500000,None,-2608200000,0,2692100000,3388400000,549000000,2288800000,0,0,1500000,0,-1997200000,0,None,32100000,None,3609300000,None,3388400000,32300000,3736600000,None,None,None,2903900000,7101800000,97900000,None,152900000,USD,None,-72500000,-21800000,0,1211400000,-20900000,38400000,40700000,129100000,20200000,62900000,-58400000,66000000,24400000,1700000,-32700000,120400000,-4500000,21800000,35900000,-1300000,18900000,66.0,69.49
12,2017-06-30,USD,3994400000,410000000,3353300000,641100000,231400000,141000000,0,0,195500000,0,410000000,300000,231100000,0,35900000,None,None,None,0,0,0,-54500000,0,0,250000000,141000000,None,USD,7041600000,976600000,None,131000000,6192500000,849100000,329500000,180900000,1500000,-1927100000,30000000,2469300000,3484200000,79000000,2555200000,18500000,3792700000,-115800000,160700000,3396700000,None,-2596800000,0,2673100000,3277800000,513600000,2355800000,0,0,1500000,0,-1927100000,0,None,38300000,None,3644900000,None,3277800000,30000000,3637300000,None,None,None,2890500000,7041600000,79000000,None,155600000,USD,None,270300000,-17200000,0,23600000,-164500000,42200000,-152600000,141100000,-175400000,6300000,-100700000,65800000,24800000,3000000,-17500000,156300000,-11800000,17200000,-340900000,2700000,-172700000,62.53,66.0
13,2017-03-31,USD,3324700000,382800000,2772100000,552600000,112400000,57600000,0,0,73600000,0,382800000,-57400000,169800000,0,39700000,None,None,None,0,0,0,-16000000,0,0,89600000,57600000,None,USD,6774700000,1015100000,None,127300000,5867400000,907300000,350400000,205100000,1600000,-1835400000,32200000,2459100000,3514700000,251700000,2222800000,18500000,3725500000,-133500000,162400000,3097600000,None,-2566900000,0,2225200000,3262000000,493400000,1999200000,0,0,1600000,0,-1835400000,0,None,40500000,None,3677100000,None,3262000000,32200000,3644600000,None,None,None,2874600000,6774700000,251700000,None,158000000,USD,None,68800000,-19600000,0,44100000,-362200000,-200000,59000000,57600000,-11900000,369900000,-20200000,66900000,25500000,4400000,-40300000,184600000,52500000,19600000,184600000,-100000,-12000000,57.71,62.53
14,2016-12-31,USD,3492400000,380700000,2914500000,577900000,195300000,103200000,0,0,162800000,0,380700000,-1900000,197200000,0,33900000,None,None,None,0,0,0,-59600000,-146800000,0,222400000,103200000,None,USD,6948400000,1055600000,None,118900000,5902900000,1045500000,369200000,172600000,1600000,-1673800000,34900000,2455000000,3546600000,263700000,2280700000,18500000,18500000,-139600000,163700000,3238100000,5000000,-2465100000,0,2403500000,3215900000,452000000,2089600000,0,0,1600000,0,-1673800000,0,None,36000000,None,3710300000,None,3215900000,37100000,3622200000,None,None,None,2857300000,6948400000,263700000,None,160300000,USD,-300000,64400000,-22400000,-2400000,6700000,66300000,-300000,-51300000,103200000,148600000,104700000,51100000,65900000,25600000,1400000,-3900000,-179900000,-14000000,22100000,-162000000,-3200000,145400000,52.09,57.71
15,2016-09-30,USD,3708200000,376800000,3093900000,614300000,235400000,125900000,0,0,198200000,0,376800000,-2100000,237500000,0,37600000,None,None,None,0,0,0,-72300000,0,0,270500000,125900000,None,USD,6772800000,1110600000,None,138700000,5782300000,990500000,393200000,180100000,1600000,-1738900000,39400000,2467900000,3612500000,118300000,2126800000,18500000,18500000,-115800000,162500000,2997800000,None,-2588000000,0,2289200000,3222900000,451600000,1928200000,0,0,1600000,0,-1738900000,0,None,34000000,None,3775000000,None,3222900000,39400000,3655500000,None,None,None,2843600000,6772800000,118300000,None,160500000,USD,-2100000,-26100000,-17800000,0,226700000,-178200000,500000,-56800000,125900000,-9800000,186200000,-6900000,64100000,17400000,2200000,34400000,17900000,-62200000,15700000,57000000,-1300000,-11100000,45.73,52.09
16,2016-06-30,USD,3664600000,387000000,3054100000,610500000,224400000,117500000,0,0,187500000,0,387000000,900000,223500000,0,36900000,None,None,None,0,0,0,-70000000,0,0,257500000,117500000,None,USD,6887900000,1162000000,None,115800000,5874500000,1013400000,420800000,144600000,1600000,-1715300000,61600000,2475000000,3648800000,129400000,2177700000,26100000,26100000,-104000000,163800000,3075300000,None,-2623600000,0,2342800000,3214400000,487300000,2007000000,0,0,1600000,0,-1715300000,0,None,11800000,None,3812600000,None,3214400000,61600000,3696800000,None,None,None,2831100000,6887900000,129400000,None,163200000,USD,None,114900000,-14700000,0,42000000,13700000,-300000,-53800000,117500000,-118800000,-114500000,-78700000,65400000,17700000,2600000,-30800000,74900000,9700000,14700000,-312500000,-3300000,-118800000,40.08,45.73
17,2016-03-31,USD,3116700000,363500000,2528200000,524500000,162000000,77800000,0,0,123900000,0,361900000,1000000,162600000,0,38100000,None,None,None,0,0,0,-46100000,0,0,170000000,77800000,None,USD,6717900000,1225400000,None,114800000,5678000000,1039900000,448500000,166300000,1700000,-1710000000,61100000,2495200000,3733200000,248200000,1943400000,26900000,None,-68900000,168400000,2816300000,None,-2680700000,0,1992900000,3225000000,460400000,1750200000,0,0,1700000,0,-1710000000,0,None,12600000,None,3901600000,None,3225000000,61100000,3734600000,None,None,None,2817100000,6717900000,248200000,None,169000000,USD,None,122000000,-11000000,0,63400000,-206400000,-500000,None,77800000,210200000,427600000,-15600000,64000000,18000000,1200000,-68200000,237600000,8400000,11000000,237600000,400000,210600000,41.5,40.08
18,2015-12-31,USD,3418400000,377700000,2860800000,557600000,77800000,89300000,0,0,141700000,0,377700000,-102100000,179900000,0,203600000,None,None,None,0,0,0,-52400000,-95000000,0,194100000,89300000,None,USD,6755300000,1276400000,None,144300000,5659400000,1095900000,469600000,151900000,1700000,-1651600000,66800000,2500400000,3789100000,37600000,1887300000,27200000,27200000,-61100000,175400000,2790800000,None,-2680900000,0,2215800000,3232500000,393100000,1708200000,0,0,1700000,0,-1651600000,0,None,12300000,None,3964500000,None,3232500000,70000000,3772100000,None,None,None,2806900000,6755300000,37600000,None,168200000,USD,None,-48400000,-46200000,-500000,209500000,3400000,200000,-2300000,89300000,-60200000,-17400000,-24000000,64100000,18300000,700000,23300000,-342600000,42500000,46200000,-164200000,300000,-59900000,42.04,41.5
19,2015-09-30,USD,3501100000,362600000,2933900000,567200000,302700000,150900000,0,0,246200000,0,362600000,98100000,204600000,0,38500000,None,None,None,0,0,0,-95300000,0,0,341500000,150900000,None,USD,6741500000,1325400000,None,135400000,5665800000,1075700000,495900000,126400000,1700000,-1674600000,57700000,2517400000,3852200000,97500000,1871900000,27500000,None,-45300000,154400000,2734900000,None,-2767100000,0,2090600000,3240300000,411400000,1718000000,0,0,1700000,0,-1674600000,0,None,9400000,None,4006600000,None,3240300000,57700000,3793900000,None,None,None,2793900000,6741500000,97500000,None,169200000,USD,None,98900000,-284800000,-263800000,119800000,-146800000,-41000000,None,150900000,-235800000,195800000,-81600000,61500000,57800000,88200000,44100000,178400000,-57300000,21000000,-20700000,-2400000,-238200000,40.86,42.04
