,fiscalDateEnding,reportedCurrency_x,totalRevenue,totalOperatingExpense,costOfRevenue,grossProfit,ebit,netIncome_x,researchAndDevelopment,effectOfAccountingCharges,incomeBeforeTax,minorityInterest,sellingGeneralAdministrative,otherNonOperatingIncome,operatingIncome,otherOperatingExpense,interestExpense,taxProvision,interestIncome,netInterestIncome,extraordinaryItems,nonRecurring,otherItems,incomeTaxExpense,totalOtherIncomeExpense,discontinuedOperations,netIncomeFromContinuingOperations,netIncomeApplicableToCommonShares,preferredStockAndOtherAdjustments,reportedCurrency_y,totalAssets,intangibleAssets,earningAssets,otherCurrentAssets,totalLiabilities,totalShareholderEquity,deferredLongTermLiabilities,otherCurrentLiabilities,commonStock,retainedEarnings,otherLiabilities,goodwill,otherAssets,cash,totalCurrentLiabilities,shortTermDebt,currentLongTermDebt,otherShareholderEquity,propertyPlantEquipment,totalCurrentAssets,longTermInvestments,netTangibleAssets,shortTermInvestments,netReceivables,longTermDebt,inventory,accountsPayable,totalPermanentEquity,additionalPaidInCapital,commonStockTotalEquity,preferredStockTotalEquity,retainedEarningsTotalEquity,treasuryStock,accumulatedAmortization,otherNonCurrrentAssets,deferredLongTermAssetCharges,totalNonCurrentAssets,capitalLeaseObligations,totalLongTermDebt,otherNonCurrentLiabilities,totalNonCurrentLiabilities,negativeGoodwill,warrants,preferredStockRedeemable,capitalSurplus,liabilitiesAndShareholderEquity,cashAndShortTermInvestments,accumulatedDepreciation,commonStockSharesOutstanding,reportedCurrency,investments,changeInLiabilities,cashflowFromInvestment,otherCashflowFromInvestment,netBorrowings,cashflowFromFinancing,otherCashflowFromFinancing,changeInOperatingActivities,netIncome_y,changeInCash,operatingCashflow,otherOperatingCashflow,depreciation,dividendPayout,stockSaleAndPurchase,changeInInventory,changeInAccountReceivables,changeInNetIncome,capitalExpenditures,changeInReceivables,changeInExchangeRate,changeInCashAndCashEquivalents,clossingVal,nextClossingVal
0,2020-06-30,USD,833483000,157420000,571423000,262060000,101457000,68800000,None,None,89628000,537000,157420000,-3183000,104640000,None,11829000,20291000,358000,-11471000,None,None,None,-20291000,-3541000,None,109919000,68800000,None,USD,2263969000,138305000,None,29211000,1132159000,1059425000,None,31648000,546000,497192000,52994000,289854000,30166000,508875000,385250000,98000,98000,-1684000,239240000,1467293000,None,702724000,0,503288000,693915000,425919000,353504000,None,None,546000,None,497192000,None,None,129277000,None,796676000,103106000,693915000,52994000,746909000,None,None,None,563371000,2263969000,508875000,None,None,USD,-8878000,30885000,-7434000,-999000,-1095000,-9798000,-154000,36877000,69337000,164346000,181578000,10279000,13758000,-153000,-105729000,91221000,None,8439000,46283000,-42341000,None,164346000,35.99,
1,2020-03-31,USD,703229000,141012000,496112000,207117000,66543000,42704000,None,None,55790000,438000,141012000,438000,66105000,None,10753000,12648000,1417000,-9336000,None,None,None,-12648000,-979000,None,68438000,42704000,None,USD,2167407000,141686000,None,36160000,1103205000,993013000,None,32403000,547000,431486000,52483000,289854000,35963000,344576000,357100000,103000,103000,-1645000,241878000,1358928000,None,632233000,None,460985000,693622000,517207000,324594000,None,None,547000,None,431486000,None,None,135061000,None,808479000,103163000,693622000,52483000,746105000,None,None,None,562625000,2167407000,344576000,None,55000000,USD,4015000,13290000,-13987000,362000,28000,-25160000,-160000,3646000,43142000,-113783000,-74636000,1194000,13651000,57000,24972000,38856000,None,8203000,9610000,-192972000,None,-113783000,27.5,35.99
2,2019-12-31,USD,482828000,129201000,351562000,131266000,4374000,-4417000,None,None,-6267000,-122000,129201000,2309000,2065000,None,10641000,-1728000,2004000,-8637000,None,None,None,1728000,305000,None,-7995000,-4417000,None,USD,2135157000,145153000,None,37569000,1086702000,973124000,None,34320000,554000,403693000,49513000,289854000,31998000,458803000,343860000,107000,107000,-1240000,241795000,1321080000,None,613400000,0,268229000,693329000,556479000,309433000,None,None,554000,None,403693000,None,None,137275000,None,814077000,109603000,693329000,49513000,742842000,None,None,None,570117000,2135157000,458803000,None,55000000,USD,424000,31393000,-10376000,75000,31000,-24031000,-946000,-20636000,-4539000,-52429000,-18022000,-7816000,13586000,None,23054000,-89327000,32173000,6508000,9877000,32173000,None,-52429000,31.07,27.5
3,2019-09-30,USD,540744000,529881000,392220000,148524000,26719000,2440000,None,None,2518000,170000,137661000,None,10863000,None,10684000,573000,2584000,-8100000,None,None,None,573000,-245000,None,1945000,2440000,None,USD,2025020000,146100000,None,12952000,1028843000,996007000,None,None,561000,421742000,57281000,286077000,28108000,497749000,278525000,113000,113000,-1676000,245405000,1307193000,12100000,563793000,None,300135000,693037000,466197000,149246000,None,None,None,None,None,None,None,40208000,None,717790000,None,693037000,None,750318000,None,None,None,575380000,None,497749000,None,58000000,USD,-11256000,10745000,-11256000,-312000,-31000,-46639000,-1430000,-11294000,2440000,54145000,112170000,None,13517000,None,-45178000,154000,95260000,890000,10689000,None,None,None,29.23,31.07
4,2019-06-30,USD,706575000,150413000,487291000,219284000,71229000,46152000,None,None,60553000,189000,150413000,2358000,68871000,None,10676000,14212000,2178000,-8498000,None,None,None,-14212000,180000,None,74765000,46152000,None,USD,2064918000,139406000,None,32453000,1030595000,1033645000,None,None,577000,444645000,58834000,281177000,33561000,456556000,278813000,116000,116000,-1426000,238948000,1349626000,None,613062000,119000,395581000,692948000,464917000,278697000,None,None,577000,None,444645000,None,None,55761000,None,715292000,None,692948000,58834000,751782000,None,None,None,589849000,2064918000,456675000,None,58000000,USD,9000,-21100000,-37451000,30021000,9696000,-23855000,-102000,3037000,46341000,110817000,172123000,2533000,13540000,64000,14057000,55780000,66158000,8871000,6586000,66158000,None,110817000,26.95,29.23
5,2019-03-31,USD,673700000,143898000,467650000,206051000,64908000,42391000,None,None,54268000,331000,143898000,2755000,62153000,None,10640000,11546000,2255000,-8385000,None,None,None,-11546000,500000,None,65814000,42391000,None,USD,2046140000,142800000,None,33161000,1046838000,998749000,None,None,581000,407117000,55064000,281177000,52340000,345839000,299128000,5119000,5119000,-1280000,217538000,1352287000,None,574772000,None,456129000,692646000,517158000,294009000,None,None,581000,None,407117000,None,None,52340000,None,693855000,None,692646000,55064000,747710000,None,None,None,592331000,2046140000,345839000,None,58000000,USD,250000,23383000,-18169000,11087000,36432000,-39636000,-12000,23839000,42722000,-143924000,-86119000,8933000,12335000,None,3192000,6506000,-185511000,5513000,6464000,-185511000,None,-143924000,25.56,26.95
6,2018-12-31,USD,461990000,120001000,331808000,130182000,12526000,1803000,0,None,1912000,-164000,120001000,2345000,10181000,None,10614000,None,None,None,None,None,None,-273000,-8269000,None,2185000,1803000,None,USD,1950846000,148782000,None,38398000,994362000,956263000,None,None,578000,364726000,52482000,281177000,37303000,489658000,249548000,117000,117000,-1492000,211560000,1272024000,None,526304000,None,250223000,692332000,493745000,249431000,None,None,578000,None,364726000,None,None,37303000,None,678822000,None,692332000,52482000,744814000,None,None,None,592451000,1950846000,489658000,None,58000000,USD,1499000,38902000,-9387000,50000,34000,-635000,-54000,-5658000,1639000,-3222000,6800000,-11705000,12810000,None,547000,-66136000,25578000,5712000,7838000,25578000,None,-3222000,34.45,25.56
7,2018-09-30,USD,502314000,128808000,355296000,147018000,15489000,10568000,0,0,4870000,-201000,128808000,-2721000,18210000,0,10619000,None,None,None,0,0,0,5497000,-13340000,0,-627000,10568000,None,USD,1907209000,152265000,None,20562000,954375000,952449000,0,None,576000,362923000,49380000,281177000,20322000,493005000,212964000,122000,122000,-1218000,217647000,1217298000,18500000,519007000,0,275908000,692031000,427823000,212842000,952834000,590168000,576000,0,362923000,0,None,38822000,None,689911000,None,692031000,49380000,741411000,None,None,None,590168000,1907209000,493005000,None,53000000,USD,952000,-20973000,-13320000,4467000,22605000,194691000,-49000,-10436000,10367000,277721000,96350000,10760000,12785000,0,182689000,-231000,72867000,10775000,10842000,72867000,-3000,277718000,36.04,34.45
8,2018-06-30,USD,657943000,141245000,455879000,202064000,63529000,41545000,0,0,52932000,-8000,141245000,2710000,60819000,0,10597000,None,None,None,0,0,0,-11395000,-7887000,0,64327000,41545000,None,USD,1708405000,138610000,None,26735000,963684000,744135000,0,None,521000,352355000,40798000,268243000,67846000,218366000,231145000,119000,119000,-1153000,211817000,1021889000,None,337282000,0,348781000,691741000,428007000,231026000,744721000,392412000,521000,0,352355000,0,None,67846000,None,686516000,None,691741000,40798000,732539000,None,None,None,392412000,1708405000,218366000,None,53000000,USD,1493000,-39145000,-34840000,23405000,-294480000,-4590000,-86000,-1337000,41537000,72290000,111720000,-4017000,13044000,3194000,21415000,43109000,53104000,4088000,9437000,53104000,-167000,72123000,43.48,36.04
9,2018-03-31,USD,613094000,128671000,418637000,194457000,67984000,45234000,0,0,57409000,532000,128671000,2198000,65786000,0,10575000,None,None,None,0,0,0,-11643000,-8377000,0,69052000,45234000,None,USD,1703963000,141500000,None,26677000,998861000,704508000,0,None,519000,310810000,40368000,268243000,50064000,146165000,267409000,20000,20000,-673000,210563000,1033563000,None,294765000,0,395151000,691084000,465522000,267389000,705102000,393852000,519000,0,310810000,0,None,50064000,None,670370000,None,691084000,40368000,731452000,None,None,None,393852000,1703963000,146165000,None,53000000,USD,-1493000,32150000,-75261000,63598000,-560000,-6295000,-30000,6476000,45766000,-151301000,-69745000,-8021000,11578000,0,-5705000,287000,-157534000,6029000,9380000,-157534000,100000,-151201000,43.0,43.48
10,2017-12-31,USD,442011000,109316000,310174000,131837000,19619000,26247000,0,0,12214000,203000,109316000,-2902000,22521000,0,7405000,None,None,None,0,0,0,14236000,-10307000,0,-2022000,26247000,None,USD,1617352000,113700000,None,22519000,955401000,661889000,0,None,518000,265576000,39478000,256275000,74221000,295866000,224959000,372000,372000,-907000,179230000,993900000,None,291914000,0,235075000,690964000,440421000,224587000,661951000,396702000,518000,0,265576000,0,None,74221000,None,623426000,None,690964000,39478000,730442000,None,None,None,396702000,1617352000,295866000,None,53000000,USD,6555000,7762000,-15715000,-226000,295435000,290977000,-93000,-17549000,26450000,251049000,-24213000,-2252000,11540000,-1597000,-2768000,-58252000,2822000,-12283000,8186000,2822000,20000,251069000,38.92,43.0
11,2017-09-30,USD,490486000,130947000,345136000,145328000,13114000,4259000,0,0,5881000,-456000,130947000,-1267000,14381000,0,7233000,None,None,None,0,0,0,91320000,-29933000,0,-85439000,4259000,None,USD,1306906000,116067000,None,18045000,669764000,635686000,0,None,518000,239329000,54279000,256275000,61395000,45042000,220207000,375000,375000,-951000,180913000,683056000,9200000,263344000,0,237868000,395278000,382101000,219832000,637142000,396790000,518000,0,239329000,0,None,70595000,None,623850000,None,395278000,54279000,449557000,None,None,None,396790000,1306906000,45042000,None,52000000,USD,1005000,18544000,-14651000,-2941000,512456000,-39246000,3963000,36974000,3803000,17764000,71661000,-10914000,11666000,2038000,53210000,1462000,-32419000,5266000,7572000,41815000,160000,17924000,38.84,38.92
12,2017-06-30,USD,574592000,125340000,391319000,183273000,59612000,32248000,0,0,52339000,641000,125340000,1679000,57933000,0,7273000,None,None,None,0,0,0,-19450000,0,0,71789000,32248000,None,USD,1351747000,90004000,None,51964000,722740000,627095000,0,None,517000,235070000,68792000,230385000,113185000,25472000,218874000,375000,435449000,-1487000,177784000,740389000,None,306706000,0,279504000,435074000,383449000,218499000,629007000,392995000,517000,0,235070000,0,None,113185000,None,611358000,None,435074000,68792000,503866000,None,None,None,392995000,1351747000,25472000,None,52000000,USD,9495000,-24710000,-67885000,46779000,-61007000,-62778000,3711000,15285000,32889000,8227000,138890000,4855000,11370000,0,-5482000,46428000,74234000,2973000,10293000,65085000,77000,8304000,31.79,38.84
13,2017-03-31,USD,569924000,119669000,386395000,183529000,62903000,34684000,0,0,56073000,565000,119669000,-957000,63860000,0,6830000,None,None,None,0,0,0,-20824000,0,0,76897000,34684000,None,USD,1398928000,91400000,None,54074000,804437000,593220000,0,None,515000,202822000,64981000,230385000,60361000,17157000,243586000,374000,374000,-1658000,175940000,840818000,None,271435000,0,343202000,495870000,426385000,243212000,594491000,391541000,515000,0,202822000,0,None,60361000,None,558086000,None,495870000,64981000,560851000,None,None,None,391541000,1398928000,17157000,None,52000000,USD,-9495000,12789000,-14655000,0,100477000,97141000,7916000,8157000,35249000,-443000,-82929000,8157000,10675000,-2037000,-28085000,3903000,139319000,-2793000,13826000,-150909000,31000,-412000,37.07,31.79
14,2016-12-31,USD,419498000,100740000,298820000,120678000,19009000,7637000,0,0,12136000,152000,100740000,-929000,19938000,0,6873000,None,None,None,0,0,0,-4347000,0,0,16483000,7637000,None,USD,1247701000,92851000,None,53346000,687745000,559249000,0,None,511000,168138000,62606000,230385000,61326000,17562000,230128000,397000,397000,-1802000,169836000,693303000,None,236013000,0,192224000,395011000,430171000,229731000,559956000,392402000,511000,0,168138000,0,None,61326000,None,554398000,None,395011000,62606000,457617000,None,None,None,392402000,1247701000,17562000,None,52000000,USD,2000000,25363000,-67386000,60042000,74000,-5509000,4356000,-1238000,7789000,-86208000,-13313000,-1238000,10350000,1018000,7913000,-67678000,-11590000,511000,12968000,11590000,-193000,-86401000,33.09,37.07
15,2016-09-30,USD,413412000,107183000,293232000,120180000,-3707000,-5611000,0,0,-10349000,-283000,107718000,-16704000,12462000,0,6642000,None,None,None,0,0,0,62962000,-59185000,0,-73311000,-5611000,None,USD,1212193000,95900000,None,47759000,657606000,553014000,0,None,510000,160501000,29071000,231385000,11413000,103892000,202219000,463000,463000,-1294000,158224000,714806000,500000,225729000,0,201151000,394806000,362004000,201756000,554587000,393297000,510000,0,160501000,0,None,11913000,None,497422000,None,394806000,60581000,455387000,None,None,None,393297000,1212193000,103892000,None,51000000,USD,-12495000,4617000,-7286000,133424000,18770000,-1360000,2143000,19218000,-5893000,53197000,61843000,-973000,11055000,0,44000,-591000,27444000,12992000,47108000,40680000,-215000,52982000,26.0,33.09
16,2016-06-30,USD,514544000,115560000,350799000,163745000,48546000,26030000,0,0,41582000,636000,115560000,361000,48185000,0,6964000,None,None,None,0,1828000,0,-14916000,0,0,56498000,26030000,None,USD,1216907000,95070000,None,45075000,658967000,556084000,0,None,507000,166112000,63975000,233011000,28525000,52029000,200389000,530000,530000,-805000,159430000,700871000,None,228003000,0,241954000,394603000,361813000,199859000,557940000,390270000,507000,0,166112000,0,None,28525000,None,516036000,None,394603000,63975000,458578000,None,None,None,390270000,1216907000,52029000,None,51000000,USD,-2000000,-32322000,-2924000,-133324000,304737000,-107165000,3545000,4744000,26666000,30174000,140426000,4744000,0,0,2002000,29292000,13236000,2136000,32281000,98435000,-163000,30174000,22.83,26.0
17,2016-03-31,USD,541249000,109936000,371910000,169339000,59324000,32697000,0,0,52228000,738000,109936000,-79000,59403000,0,7096000,None,None,None,0,0,0,-18793000,0,0,71021000,32697000,None,USD,1323099000,82989000,None,50758000,790157000,531722000,0,None,503000,140082000,None,213753000,0,21772000,231487000,594000,None,-528000,164794000,803810000,None,234980000,0,340526000,496396000,390754000,230893000,0,0,503000,0,140082000,0,None,57753000,None,519289000,None,496396000,62274000,558670000,None,None,None,391665000,1323099000,21772000,None,50000000,USD,None,12888000,-8218000,0,-304579000,0,281000,None,0,1035000,-50362000,8670000,0,-1184000,-2889000,0,0,4645000,0,-145407000,-215000,820000,16.34,22.83
18,2015-12-31,USD,359812000,0,260026000,99786000,0,-8602000,0,0,-13823000,-21000,91013000,-451000,8773000,0,22145000,None,None,None,0,0,0,-5200000,0,0,-8623000,-8602000,None,USD,1211209000,74552000,None,59873000,0,498400000,0,None,0,107385000,None,209089000,70987000,20945000,218430000,292000,None,-69000,163948000,692633000,None,214759000,0,195357000,435893000,416458000,218138000,498881000,498881000,501000,498881000,107385000,-498881000,None,70987000,None,518576000,None,435893000,58005000,493898000,None,None,None,390583000,1211209000,20945000,None,49000000,USD,None,24341000,-72767000,0,400072000,34745000,900000,None,-8602000,-38503000,-481000,-6921000,0,0,0,-61101000,-33736000,8638000,5256000,33736000,-75000,-38578000,13.52,16.34
19,2015-09-30,USD,386369000,106639000,278397000,107972000,1283000,-4369000,0,0,-7387000,-26000,99367000,-50000,1333000,0,8670000,None,None,None,0,7272000,0,-2992000,-47157000,0,-4395000,-4369000,None,USD,1134754000,75460000,None,49731000,628374000,505286000,0,None,499000,115987000,51622000,209089000,30419000,60741000,176904000,291000,291000,164000,162809000,653820000,None,220737000,0,207402000,399848000,335946000,176613000,506380000,506380000,499000,506380000,115987000,-506380000,None,33576000,None,480934000,None,399848000,51622000,451470000,None,None,None,388636000,1134754000,60741000,None,50000000,USD,9980000,-29759000,-26878000,22384000,261784000,-286000,1469000,-1987000,-4395000,3688000,30852000,-1466000,10623000,0,-1948000,18194000,-9093000,17280000,3870000,20375000,55000,3743000,15.47,13.52
