,fiscalDateEnding,reportedCurrency_x,totalRevenue,totalOperatingExpense,costOfRevenue,grossProfit,ebit,netIncome_x,researchAndDevelopment,effectOfAccountingCharges,incomeBeforeTax,minorityInterest,sellingGeneralAdministrative,otherNonOperatingIncome,operatingIncome,otherOperatingExpense,interestExpense,taxProvision,interestIncome,netInterestIncome,extraordinaryItems,nonRecurring,otherItems,incomeTaxExpense,totalOtherIncomeExpense,discontinuedOperations,netIncomeFromContinuingOperations,netIncomeApplicableToCommonShares,preferredStockAndOtherAdjustments,reportedCurrency_y,totalAssets,intangibleAssets,earningAssets,otherCurrentAssets,totalLiabilities,totalShareholderEquity,deferredLongTermLiabilities,otherCurrentLiabilities,commonStock,retainedEarnings,otherLiabilities,goodwill,otherAssets,cash,totalCurrentLiabilities,shortTermDebt,currentLongTermDebt,otherShareholderEquity,propertyPlantEquipment,totalCurrentAssets,longTermInvestments,netTangibleAssets,shortTermInvestments,netReceivables,longTermDebt,inventory,accountsPayable,totalPermanentEquity,additionalPaidInCapital,commonStockTotalEquity,preferredStockTotalEquity,retainedEarningsTotalEquity,treasuryStock,accumulatedAmortization,otherNonCurrrentAssets,deferredLongTermAssetCharges,totalNonCurrentAssets,capitalLeaseObligations,totalLongTermDebt,otherNonCurrentLiabilities,totalNonCurrentLiabilities,negativeGoodwill,warrants,preferredStockRedeemable,capitalSurplus,liabilitiesAndShareholderEquity,cashAndShortTermInvestments,accumulatedDepreciation,commonStockSharesOutstanding,reportedCurrency,investments,changeInLiabilities,cashflowFromInvestment,otherCashflowFromInvestment,netBorrowings,cashflowFromFinancing,otherCashflowFromFinancing,changeInOperatingActivities,netIncome_y,changeInCash,operatingCashflow,otherOperatingCashflow,depreciation,dividendPayout,stockSaleAndPurchase,changeInInventory,changeInAccountReceivables,changeInNetIncome,capitalExpenditures,changeInReceivables,changeInExchangeRate,changeInCashAndCashEquivalents,clossingVal,nextClossingVal
0,2020-06-30,USD,135545000,25047000,66324000,69221000,44502000,31179000,None,None,38748000,-77000,25047000,328000,44174000,None,5754000,7646000,151000,-5603000,None,None,None,7416000,177000,None,31332000,31179000,None,USD,1462542000,358934000,None,32883000,844345000,348441000,6157000,29280000,20364000,-1418722000,60247000,639414000,8981000,176094000,167145000,6952000,6952000,-262061000,102378000,340895000,None,-380537000,None,131918000,597124000,None,130913000,None,None,20364000,None,-1418722000,None,None,20921000,None,1121647000,11883000,597124000,80076000,677200000,None,269370000,None,2008860000,1462542000,176094000,None,None,USD,-3899000,-9376000,-3899000,70000,-1912000,-1915000,-3000,-54344000,31102000,33267000,39081000,-6712000,10903000,None,None,None,11566000,1598000,3969000,11566000,None,33267000,3.54,
1,2020-03-31,USD,143816000,28846000,88773000,55043000,20061000,9041000,None,None,13466000,-71000,28846000,-6136000,26197000,None,6595000,4496000,142000,-6453000,None,None,None,4599000,-6278000,None,8867000,9041000,None,USD,1411162000,352739000,None,36916000,850502000,290674000,6560000,33588000,20343000,-1449901000,58230000,615599000,10018000,140323000,189220000,6655000,6655000,-287919000,104288000,317418000,None,-408294000,None,140179000,584573000,None,148977000,None,None,20343000,None,-1449901000,None,None,21118000,None,1093744000,11043000,584573000,76709000,661282000,None,269370000,None,2008151000,1411162000,140323000,None,267000000,USD,-4759000,33175000,-4759000,31000,-2006000,-2014000,-8000,-39538000,8970000,109141000,115914000,12919000,10914000,None,None,None,41897000,8039000,4790000,41897000,None,109141000,3.13,3.54
2,2019-12-31,USD,225795000,157341000,110567000,115228000,167138000,49672000,None,None,64389000,513000,46774000,None,68454000,None,5857000,14532000,120000,-6560000,None,None,None,14532000,2495000,None,49857000,34984000,None,USD,1447862000,293826000,None,76954000,1105644000,341705000,7277000,226000,20288000,-1458942000,71566000,667988000,10485000,36621000,156001000,6836000,6836000,-226916000,125583000,349980000,None,-620109000,None,188618000,600273000,75909000,56610000,None,None,None,None,None,None,None,8224000,None,1097882000,11637000,600273000,4137000,949643000,None,None,None,2007275000,None,36621000,None,266000000,USD,-8756000,-3431000,-8756000,48000,-1991000,-1991000,-2079000,-85196000,49672000,2467000,11679000,None,96892000,None,None,None,-52768000,-1463000,8784000,None,None,None,4.53,3.13
3,2019-09-30,USD,138851000,25558000,82510000,56341000,26820000,13745000,None,None,18783000,-223000,25558000,-3963000,30783000,None,8037000,5261000,80000,-7957000,None,None,None,5349000,-4043000,None,13522000,13745000,None,USD,1339181000,293121000,None,114704000,804599000,264665000,7587000,24285000,20288000,-1508614000,70549000,640427000,10767000,34154000,145291000,6063000,6063000,-253159000,104553000,279642000,None,-399513000,None,130784000,581101000,73369000,114943000,None,None,20288000,None,-1508614000,None,None,21438000,None,1059539000,10627000,581101000,78207000,659308000,None,269370000,None,2006150000,1339181000,34154000,None,267000000,USD,-7353000,-13656000,-7353000,14000,-57175000,-57169000,6000,-82348000,13522000,-36829000,27693000,-24988000,11110000,None,None,None,38573000,3132000,7367000,38573000,-3656000,-40485000,4.495,4.53
4,2019-06-30,USD,183599000,28708000,94429000,89170000,62699000,43959000,None,None,54964000,119000,28708000,2237000,60462000,None,7735000,10886000,115000,-7620000,None,None,None,10914000,2122000,None,44078000,43959000,None,USD,1468526000,297070000,None,110478000,915644000,283053000,8486000,32653000,20285000,-1522359000,73568000,676730000,11208000,74639000,169413000,6089000,6089000,-220088000,110627000,360963000,None,-421377000,None,175846000,664110000,77606000,130671000,None,None,20285000,None,-1522359000,None,None,23136000,None,1107563000,11878000,664110000,82121000,746231000,None,269400000,None,2005215000,1468526000,74639000,None,266000000,USD,-3907000,927000,-3907000,6000,-47119000,-47193000,-74000,-67573000,44078000,-6829000,44271000,8936000,11120000,None,None,None,-18669000,-2121000,3907000,-18669000,1436000,-5393000,4.36,4.495
5,2019-03-31,USD,146559000,24894000,94028000,52531000,24540000,11758000,None,None,16298000,-7000,24894000,-3097000,27637000,None,8242000,4547000,152000,-8090000,None,None,None,4677000,-3249000,None,11751000,11758000,None,USD,1445669000,307764000,None,109276000,953697000,222171000,8928000,38453000,20262000,-1566318000,72698000,660461000,11647000,80032000,171477000,5802000,5802000,-235961000,110347000,343130000,None,-476684000,None,153822000,700694000,74648000,127222000,None,None,20262000,None,-1566318000,None,None,23967000,None,1102539000,12271000,700694000,81526000,782220000,None,269400000,None,2004188000,1445669000,80032000,None,265000000,USD,-4359000,22658000,-4359000,6000,-71437000,-71736000,-299000,-53810000,11751000,19914000,96009000,10822000,11294000,None,None,None,35220000,4264000,4365000,35220000,-1913000,18001000,3.98,4.36
6,2018-12-31,USD,281647000,39524000,152289000,129358000,87563000,55830000,0,0,72347000,195000,39524000,-2271000,89834000,0,15216000,None,None,None,0,0,0,13880000,-20639000,-2721000,58746000,55830000,None,USD,1488361000,307923000,None,118691000,989670000,229020000,9660000,13679000,20228000,-1578076000,67293000,676333000,12408000,62031000,139692000,5545000,None,-216650000,117604000,374093000,None,-485866000,None,193371000,772339000,77624000,120468000,None,None,20228000,None,-1578076000,None,None,12408000,None,1114268000,None,782685000,67293000,849978000,None,269370000,None,2003518000,1488361000,62031000,None,258000000,USD,None,-15557000,-12462000,2973000,-1842000,-1842000,231000,-120866000,56025000,9786000,24090000,2958000,13922000,None,105652000,None,-41196000,-10556000,12485000,-41196000,627000,2183000,2.78,3.98
7,2018-09-30,USD,123522000,28072000,74484000,49038000,22537000,68571000,0,0,14100000,-80000,28072000,1571000,20966000,0,8437000,None,None,None,0,0,0,3164000,-6866000,57581000,10910000,68571000,None,USD,1471456000,297141000,None,186020000,1013487000,188577000,10333000,36644000,20227000,-1633906000,61589000,690016000,13352000,56003000,162737000,4392000,793553000,-200318000,99362000,371585000,None,-529210000,0,129562000,780510000,0,121701000,188599000,2002574000,20227000,269370000,-1633906000,0,None,13352000,None,1099871000,None,789161000,61589000,850750000,None,269370000,None,2002574000,1471456000,56003000,None,265000000,USD,None,-27661000,-4259000,99906000,-87579000,-88672000,-1169000,-85105000,68491000,-83633000,9298000,-6643000,10354000,0,0,0,17201000,-51485000,4264000,17201000,-1595000,15556000,3.75,2.78
8,2018-06-30,USD,159555000,24596000,89117000,70438000,38906000,26041000,0,0,28465000,-16000,24596000,-6936000,45842000,0,10441000,None,None,None,0,0,0,7556000,-17377000,4700000,21325000,26041000,None,USD,1522292000,293114000,None,249082000,1149005000,103869000,10946000,57436000,20170000,-1702477000,92879000,682555000,13939000,40447000,223251000,51015000,47510000,-213434000,96781000,435903000,None,-602430000,0,146374000,825995000,0,114800000,103917000,1999610000,20170000,269370000,-1702477000,0,None,13939000,None,1086389000,None,821657000,104097000,925754000,None,269370000,None,1999610000,1522292000,40447000,None,259000000,USD,None,-19925000,-3734000,-480000,-134235000,-31401000,-613000,-77019000,26025000,-26024000,9111000,3003000,10882000,0,103371000,0,-15918000,777000,3736000,-15918000,-2968000,-33817000,4.15,3.75
9,2018-03-31,USD,139182000,26022000,92215000,46967000,24993000,7250000,0,0,9981000,-178000,26022000,4048000,20945000,0,15012000,None,None,None,0,0,0,3511000,-10964000,988000,6084000,7250000,None,USD,1649926000,325354000,None,254483000,1369199000,14055000,12237000,66683000,11858000,-1728518000,76553000,734222000,1075353000,74264000,217335000,3439000,1068526000,-175254000,105850000,468723000,None,-778481000,0,139976000,1054322000,0,147213000,13687000,1905969000,11858000,267040000,-1728518000,0,None,15777000,None,1181203000,None,1054322000,97542000,1151864000,None,267040000,None,1905969000,1649926000,74264000,None,242000000,USD,None,24967000,-4085000,-1632000,-62728000,-60447000,-79000,-56907000,7072000,1993000,66525000,3218000,11279000,0,2281000,0,23452000,13098000,4098000,23452000,2531000,19361000,4.2,4.15
10,2017-12-31,USD,137923000,25461000,61626000,76297000,54048000,40643000,0,0,47495000,193000,25461000,3212000,50836000,0,6553000,None,None,None,0,0,0,8097000,-69664000,1362000,38583000,40643000,None,USD,1628055000,330405000,None,250968000,1369232000,-5788000,12947000,41411000,11639000,-1735768000,74685000,712359000,1059633000,54903000,188264000,2960000,1099439000,-187438000,103648000,464774000,None,-783959000,0,158903000,1085714000,0,143893000,-5770000,1905779000,11639000,264593000,-1735768000,0,None,16869000,None,1163281000,None,1085714000,95254000,1180968000,None,264593000,None,1905779000,1628055000,54903000,None,236000000,USD,None,-17166000,-8492000,-933000,-3703000,-372000,2671000,-314441000,40836000,-4181000,4683000,-2039000,11385000,0,585000,0,1555000,-2087000,8516000,-33725000,561000,-12131000,4.65,4.2
11,2017-09-30,USD,119431000,25803000,77606000,41825000,19564000,-7745000,0,0,1212000,-188000,25803000,3542000,16022000,0,18352000,None,None,None,0,0,0,2718000,-3824000,-5988000,-1945000,-7745000,None,USD,1572690000,335557000,None,233878000,1369911000,-59278000,0,55781000,11590000,-1776411000,65703000,693142000,1049064000,67034000,215528000,2425000,1079900000,-199906000,100308000,423318000,None,-825862000,0,122406000,1067153000,0,157322000,-59336000,1905449000,11590000,262115000,-1776411000,0,None,20365000,None,1149372000,None,1067153000,87230000,1154383000,None,262115000,None,1905449000,1572690000,67034000,None,156000000,USD,None,11803000,-1669000,-4148000,-59715000,-59679000,-210000,-94658000,-7933000,-27480000,33868000,-10476000,6839000,0,36000,0,35280000,8965000,1691000,27943000,3115000,-25472000,4.05,4.65
12,2017-06-30,USD,181856000,28583000,102450000,79406000,57964000,27935000,0,0,35991000,-137000,28583000,7141000,50823000,0,21973000,None,None,None,0,0,0,7603000,4816000,29000000,28388000,27935000,None,USD,1558386000,350719000,None,121193000,1357267000,-58923000,0,29117000,11583000,-1768666000,65487000,667159000,1039394000,95359000,182172000,2386000,1100700000,-209249000,115982000,403010000,None,-817140000,0,186458000,1087992000,0,150669000,-58542000,1907409000,11583000,259661000,-1768666000,0,None,21516000,None,1155376000,None,1087992000,87103000,1175095000,None,259661000,None,1907409000,1558386000,95359000,None,236000000,USD,None,-16596000,-6980000,896000,1932000,1990000,-168000,-94658000,27798000,-3172000,1818000,-6429000,11835000,0,226000,0,7337000,9704000,6991000,-24494000,6687000,4400000,4.0,4.05
13,2017-03-31,USD,135002000,24908000,97826000,37176000,14593000,-11065000,0,0,-9162000,-209000,24908000,2325000,12268000,0,23755000,None,None,None,0,0,0,1811000,2325000,-8747000,-10973000,-11065000,None,USD,1420280000,322477000,None,117870000,1278760000,-116707000,0,29145000,11534000,-1796601000,47334000,610282000,953329000,90959000,194420000,1576000,1576000,-240566000,108977000,357974000,None,-792210000,0,149145000,1016728000,0,163699000,-115736000,1908926000,11534000,257256000,-1796601000,0,None,20570000,None,1062306000,None,1016728000,67612000,1084340000,None,257256000,None,1908926000,1420280000,90959000,None,155000000,USD,None,19552000,-7601000,266000,-394000,-93000,2578000,-67307000,-11274000,47258000,54952000,5935000,11302000,0,301000,0,31831000,-2394000,7707000,31831000,82000,47500000,3.1,4.0
14,2016-12-31,USD,207101000,35604000,119946000,87155000,47428000,21088000,0,0,21539000,81000,35604000,-4123000,51551000,0,25889000,None,None,None,0,0,0,1548000,-279175000,7136000,21169000,21088000,None,USD,1390717000,317696000,None,118622000,1242350000,-107804000,15019000,9089000,11476000,-1785536000,48423000,602069000,941208000,43459000,171564000,1494000,1012541000,-243988000,109089000,340420000,None,-772670000,0,178339000,1002028000,0,160981000,-106532000,1910244000,11476000,254899000,-1785536000,0,None,21443000,None,1050297000,None,1002028000,68758000,1070786000,None,254899000,None,1910244000,1390717000,43459000,None,151000000,USD,None,-19611000,-9622000,587000,-398000,652000,-21647000,-419791000,21169000,-17617000,-8647000,5748000,11198000,0,1050000,0,-18972000,23402000,9720000,-50553000,-3642000,-20770000,2.55,3.1
15,2016-09-30,USD,126706000,27181000,91141000,35565000,8771000,-19627000,0,0,-18865000,-196000,27181000,387000,8384000,0,27636000,None,None,None,0,0,0,726000,554000,-8054000,-19823000,-19627000,None,USD,1444236000,342667000,None,129931000,1308068000,-117157000,0,23210000,11392000,-1806624000,28970000,639073000,1002085000,64229000,196578000,1258000,1070426000,-232545000,109424000,332727000,None,-846385000,0,138567000,1059670000,0,172110000,-116344000,1910620000,11392000,252512000,-1806624000,0,None,20345000,None,1111509000,None,1059670000,51820000,1111490000,None,252512000,None,1910620000,1444236000,64229000,None,153000000,USD,None,13215000,-8479000,81000,-312000,575000,489000,-105175000,-19823000,17111000,25015000,-11872000,11127000,0,887000,0,32411000,1456000,8560000,30912000,676000,17787000,2.31,2.55
16,2016-06-30,USD,175206000,26353000,104962000,70244000,-106434000,-141317000,0,0,-135979000,68000,26353000,-150325000,43891000,0,29545000,None,None,None,0,0,0,5507000,-1583000,0,-141249000,-141317000,None,USD,1421953000,329017000,None,119237000,1273499000,-102739000,0,24664000,11316000,-1786997000,35116000,632740000,982926000,46442000,163199000,1157000,1064000000,-238483000,105644000,333383000,None,-814348000,0,167704000,1053443000,0,137378000,-101694000,1911425000,11316000,250148000,-1786997000,0,None,21169000,None,1088570000,None,1053443000,56857000,1110300000,None,250148000,None,1911425000,1421953000,46442000,None,149000000,USD,None,-36796000,-5179000,409000,-16242000,-23288000,None,-123000000,-141249000,-50576000,-22109000,-5003000,12385000,0,-7046000,0,1499000,177959000,5211000,-29405000,-1778000,-51977000,2.11,2.31
17,2016-03-31,USD,129000000,23460000,97777000,31223000,9179000,-40435000,0,0,-39975000,-259000,23460000,1416000,7763000,0,49154000,None,None,None,0,0,0,-573000,1416000,0,-40694000,-40435000,None,USD,1494798000,336605000,None,122686000,1197005000,51277000,0,45065000,10872000,-1645680000,44515000,650785000,1019117000,98419000,186268000,1202000,None,-224285000,111748000,363933000,None,-690405000,0,142828000,945685000,0,140001000,0,0,10872000,245708000,-1645680000,0,None,31727000,None,1130865000,None,945685000,65052000,1010737000,None,245708000,None,1910370000,1494798000,98419000,None,147000000,USD,None,22957000,-6076000,328000,-682000,-682000,None,None,-40694000,32900000,39658000,440000,25847000,0,0,0,30904000,204000,6076000,30904000,3512000,36740000,2.55,2.11
18,2015-12-31,USD,195552000,32370000,116654000,78898000,42711000,-11427000,0,0,-2871000,146000,31985000,-3817000,46528000,0,45582000,None,None,None,0,385000,0,818000,-154968000,-12418000,1137000,-11427000,None,USD,1454201000,169073000,None,85972000,1134362000,77260000,27060000,10448000,10864000,-1605245000,39759000,622243000,987395000,61679000,146308000,1155000,918916000,-242409000,108522000,358284000,None,-472858000,0,167427000,922305000,0,134705000,0,0,10864000,241198000,-1605245000,0,None,44917000,None,1095917000,None,922305000,65749000,988054000,None,241198000,None,1914050000,1454201000,61679000,None,147000000,USD,None,-14062000,-4207000,-361000,-9225000,-1242000,6366000,-238775000,-11281000,1343000,6792000,7470000,24778000,0,7983000,0,-7430000,47164000,7173000,-47424000,-937000,-102000,2.69,2.55
19,2015-09-30,USD,117322000,2637000,85832000,31490000,22376000,-21522000,0,0,-21622000,-253000,2403000,-6477000,28853000,0,43998000,None,None,None,0,234000,0,-316000,-22122000,-265000,-21510000,-21522000,None,USD,1476915000,187479000,None,92477000,1137782000,105129000,0,25010000,10864000,-1593818000,52237000,639177000,1033634000,61781000,431368000,261230000,None,-229553000,109237000,334044000,None,-484805000,0,126476000,626357000,0,136778000,0,0,10864000,236722000,-1593818000,0,None,12496000,None,1142871000,None,626357000,8350000,706414000,None,236722000,None,1917636000,1476915000,61781000,None,147000000,USD,None,11237000,-11831000,5000,-311000,-311000,-20000,None,-21775000,25421000,37563000,-17777000,25106000,0,0,0,39347000,2957000,11882000,36573000,-396000,23768000,2.16,2.69
