,fiscalDateEnding,reportedCurrency_x,totalRevenue,totalOperatingExpense,costOfRevenue,grossProfit,ebit,netIncome_x,researchAndDevelopment,effectOfAccountingCharges,incomeBeforeTax,minorityInterest,sellingGeneralAdministrative,otherNonOperatingIncome,operatingIncome,otherOperatingExpense,interestExpense,taxProvision,interestIncome,netInterestIncome,extraordinaryItems,nonRecurring,otherItems,incomeTaxExpense,totalOtherIncomeExpense,discontinuedOperations,netIncomeFromContinuingOperations,netIncomeApplicableToCommonShares,preferredStockAndOtherAdjustments,reportedCurrency_y,totalAssets,intangibleAssets,earningAssets,otherCurrentAssets,totalLiabilities,totalShareholderEquity,deferredLongTermLiabilities,otherCurrentLiabilities,commonStock,retainedEarnings,otherLiabilities,goodwill,otherAssets,cash,totalCurrentLiabilities,shortTermDebt,currentLongTermDebt,otherShareholderEquity,propertyPlantEquipment,totalCurrentAssets,longTermInvestments,netTangibleAssets,shortTermInvestments,netReceivables,longTermDebt,inventory,accountsPayable,totalPermanentEquity,additionalPaidInCapital,commonStockTotalEquity,preferredStockTotalEquity,retainedEarningsTotalEquity,treasuryStock,accumulatedAmortization,otherNonCurrrentAssets,deferredLongTermAssetCharges,totalNonCurrentAssets,capitalLeaseObligations,totalLongTermDebt,otherNonCurrentLiabilities,totalNonCurrentLiabilities,negativeGoodwill,warrants,preferredStockRedeemable,capitalSurplus,liabilitiesAndShareholderEquity,cashAndShortTermInvestments,accumulatedDepreciation,commonStockSharesOutstanding,reportedCurrency,investments,changeInLiabilities,cashflowFromInvestment,otherCashflowFromInvestment,netBorrowings,cashflowFromFinancing,otherCashflowFromFinancing,changeInOperatingActivities,netIncome_y,changeInCash,operatingCashflow,otherOperatingCashflow,depreciation,dividendPayout,stockSaleAndPurchase,changeInInventory,changeInAccountReceivables,changeInNetIncome,capitalExpenditures,changeInReceivables,changeInExchangeRate,changeInCashAndCashEquivalents,clossingVal,nextClossingVal
0,2020-04-30,USD,50029000,None,None,None,None,19474000,None,None,24562000,None,20658000,None,None,3498000,28094000,5088000,74381000,46287000,None,None,None,5088000,None,None,19474000,19458000,None,USD,9558814000,None,None,None,8258294000,1300520000,None,None,1415000,138496000,50067000,None,7665468000,396219000,None,None,None,-51044000,114453000,None,1220054000,1300520000,1220054000,None,1989089000,None,149454000,None,None,None,None,None,None,None,None,None,None,None,None,None,None,None,None,None,None,None,None,None,None,USD,108644000,4481000,108644000,None,-127000000,140150000,278884000,1400000,19474000,279555000,30761000,None,2744000,-11734000,None,None,None,-158000,2925000,None,None,None,11.99,
1,2020-01-31,USD,52661000,None,None,None,None,4276000,None,None,5100000,None,20751000,None,None,3261000,30287000,824000,78955000,48668000,None,None,None,824000,None,None,4276000,4273000,None,USD,9371193000,None,1343124000,None,8083400000,1287793000,None,None,1415000,130756000,65542000,None,7740776000,118374000,None,None,None,-55844000,113689000,None,1236037000,1287793000,1236037000,None,2115869000,None,127370000,None,None,None,None,None,None,None,None,None,None,None,None,None,None,None,None,None,1211466000,None,None,None,138000000,USD,-65032000,-11304000,-65032000,-99314000,-70000000,130867000,212575000,2412000,4276000,77401000,11566000,None,2775000,-11733000,638000,None,None,21371000,2615000,None,None,None,13.18,11.99
2,2019-10-31,USD,53490000,26500000,None,53976000,None,22511000,None,None,27476000,None,20884000,None,27476000,3752000,31339000,4965000,80036000,48697000,None,None,None,4965000,None,None,22511000,22492000,None,USD,9236572000,None,1375875000,26600000,7929978000,1306594000,None,3802000,1415000,138213000,42592000,None,7695721000,70703000,6773367000,1090000000,1090000000,-44206000,113588000,97815000,1229587000,1306594000,1229587000,None,2189991000,512000,107742000,None,None,None,None,None,None,None,None,None,None,None,None,None,None,None,None,None,1211172000,None,None,None,138000000,USD,-40779000,-2909000,-40779000,911000,-50000000,-142468000,-34418000,1237000,22511000,-156437000,26810000,None,2786000,-58663000,613000,None,None,-625000,3882000,None,None,None,14.27,13.18
3,2019-07-31,USD,55074000,26945000,None,55370000,None,22409000,None,None,29040000,None,21173000,None,28425000,3459000,33474000,6631000,83285000,49811000,None,None,None,6631000,615000,None,22409000,22389000,None,USD,9340018000,7502000,1502128000,54800000,8003692000,1336326000,None,40000000,1414000,174277000,79968000,9324000,7585472000,220370000,6773735000,1090000000,1090000000,-49591000,96784000,255017000,1204863000,1319500000,1204863000,2000,2239989000,1345000,101868000,None,None,None,None,None,None,None,None,None,None,None,None,None,None,None,None,None,1210226000,None,None,None,138000000,USD,142820000,-2356000,142820000,3809000,-50000000,15338000,26913000,3258000,22409000,183579000,25421000,None,2786000,-11713000,1485000,None,None,-1172000,2886000,None,None,None,13.66,14.27
4,2019-04-30,USD,56674000,27091000,None,56905000,None,22897000,None,None,29214000,None,22267000,None,29814000,3625000,30530000,6317000,82211000,51681000,None,None,None,6317000,-600000,None,22897000,22881000,None,USD,9286275000,None,1373564000,27000000,7959176000,1327099000,None,None,1414000,163581000,54904000,None,7765053000,43051000,6654285000,990000000,990000000,-12532000,96170000,71692000,1253251000,1327099000,769393000,495000,2239987000,1146000,83414000,None,None,None,None,None,None,None,None,None,None,None,None,None,None,None,None,None,1209740000,None,None,None,138000000,USD,89426000,-2751000,90439000,99285000,-100000000,-274164000,-93030000,1544000,22897000,-161350000,23388000,None,2774000,-46154000,1347000,None,None,-466000,4263000,None,None,None,13.8,13.66
5,2019-01-31,USD,57133000,25482000,None,57598000,None,24554000,None,None,31457000,None,20914000,None,32116000,2991000,29440000,6903000,82037000,52597000,None,None,None,6903000,-659000,None,24554000,24544000,None,USD,9534551000,None,1576295000,13400000,8178568000,1355983000,None,115000,1413000,186838000,65676000,None,7828318000,218051000,6762907000,990000000,990000000,-5416000,96492000,232922000,1274188000,1355983000,750570000,None,2339985000,1471000,71681000,None,None,None,None,None,None,None,None,None,None,None,None,None,None,None,None,None,1208665000,None,None,None,138000000,USD,-80592000,-5718000,1013000,5596000,58814000,59265000,135742000,368000,48937000,92416000,32138000,None,4710000,-77062000,585000,None,None,-845000,4583000,None,None,None,12.87,13.8
6,2018-10-31,USD,57725000,26254000,30120000,57725000,0,24383000,None,None,30943000,None,22032000,None,31471000,4222000,None,None,None,None,None,None,None,6560000,-528000,None,24383000,24374000,None,USD,9303782000,None,None,2100000,7957869000,1345913000,None,3413000,1413000,173984000,46916000,None,7784504000,81713000,6554784000,925000000,925000000,-37807000,96109000,85323000,1337846000,1345913000,None,None,1356169000,1510000,5623171000,None,None,None,None,None,-35930000,None,None,None,None,None,None,None,None,None,None,None,1208323000,None,None,None,138000000,USD,93879000,-8921000,81605000,1176000,-3866000,-151109000,-82348000,-8920000,24383000,-55202000,14302000,None,3126000,-11696000,467000,None,None,-957000,2183000,None,None,None,12.41,12.87
7,2018-07-31,USD,55897000,24262000,27236000,55897000,0,21389000,0,0,29140000,0,20020000,None,31635000,4242000,123407000,None,None,None,0,0,0,7751000,-2495000,0,21389000,21381000,None,USD,9449547000,9818000,None,11000000,8057925000,1391622000,None,34000000,1412000,214569000,86517000,7989000,7681461000,128055000,6561375000,875000000,875000000,-32003000,96005000,152814000,1501460000,1373815000,122733000,2177000,1410033000,1897000,5652375000,None,None,None,None,None,-36343000,None,None,None,None,None,None,None,None,None,None,None,None,None,None,None,135000000,USD,-19179000,5004000,20609000,4579000,-39100000,-97733000,-47215000,1268000,21389000,-43023000,34101000,None,2417000,-11430000,None,15646000,None,5589000,4699000,None,None,None,13.07,12.41
8,2018-04-30,USD,54857000,23698000,32728000,54857000,0,22372000,0,0,30346000,0,20031000,None,31159000,3667000,38234000,None,None,None,0,0,0,7974000,-813000,0,22372000,22363000,None,USD,9048737000,None,None,None,7707412000,1341325000,None,None,1383000,204610000,58225000,None,7453713000,182078000,5649371000,275000000,275000000,-32993000,85604000,188843000,1320577000,1341325000,None,None,1999816000,897000,5374371000,None,None,None,None,None,-36756000,None,None,None,None,None,None,None,None,None,None,None,None,None,None,None,135000000,USD,53087000,2707000,109320000,97751000,-39100000,-91125000,-46106000,-1813000,22372000,41498000,23303000,None,2095000,-11429000,None,15646000,None,-1727000,2848000,None,None,None,12.47,13.07
9,2018-01-31,USD,55322000,22751000,31885000,55322000,0,23330000,0,0,31724000,0,19407000,None,32571000,3344000,-57831000,None,None,None,0,0,0,8394000,-847000,0,23330000,23320000,None,USD,9116461000,None,None,None,7751721000,1364740000,18611000,669000,1382000,227281000,73307000,None,7419347000,140580000,5778936000,375000000,375000000,-32010000,84704000,141266000,1471144000,1364740000,None,None,1899478000,686000,5403267000,None,None,None,None,None,-37169000,None,None,None,None,None,None,None,None,None,None,None,None,None,None,None,134000000,USD,-6167000,-2441000,-15607000,3045000,-39100000,103620000,114868000,726000,23330000,111460000,23447000,None,2122000,-11427000,179000,15645000,None,5149000,2180000,None,None,None,13.08,12.47
10,2017-10-31,USD,54732000,21184000,31270000,54732000,0,31836000,0,0,32696000,0,13293000,None,39381000,3433000,19309000,None,None,None,0,0,0,860000,-852000,0,31836000,31836000,None,USD,8990159000,None,None,None,7639548000,1350611000,17981000,6440000,1382000,219119000,99185000,None,1685829000,29120000,5994617000,675000000,675000000,-34508000,84591000,29995000,1468160000,1350611000,None,None,2274146000,875000,5266217000,None,None,None,None,None,-37582000,None,None,None,None,None,None,None,None,None,None,None,None,None,None,None,134000000,USD,-31889000,-5909000,-135889000,434000,-100000000,-229962000,-79596000,1531000,31836000,-322539000,43312000,None,2058000,-50412000,46000,15642000,None,7549000,2034000,None,None,None,13.79,13.08
11,2017-07-31,USD,102278000,148589000,30916000,381262000,-291582000,20602000,0,0,32074000,0,13765000,None,39776000,23487000,65681000,None,None,None,0,0,0,11472000,-6172000,0,25647000,20602000,None,USD,9192916000,None,None,9100000,7824603000,1368313000,24458000,29930000,1382000,237558000,140927000,7989000,1559964000,342559000,5362588000,100000000,100000000,-35077000,84818000,353063000,1410623000,1368313000,340748000,None,2273808000,1404000,5309868000,None,None,None,None,None,-37995000,None,None,None,None,None,None,None,None,None,None,None,None,None,None,None,134000000,USD,375907000,-10743000,146284000,5138000,-200000000,-161834000,146956000,51000,20602000,69895000,85445000,None,7796000,-117963000,8843000,6816000,None,2195000,9128000,None,None,None,14.26,13.79
12,2017-04-30,USD,587589000,-83529000,30266000,-218311000,485970000,21370000,0,0,32179000,0,13869000,None,39002000,-12734000,104361000,None,None,None,0,0,0,10809000,3511000,0,119215000,21370000,None,USD,9103280000,None,None,None,7744294000,1358986000,24512000,21492000,1382000,229104000,103137000,None,1646631000,130249000,5906642000,2373472000,2373472000,-34753000,83853000,132202000,1499670000,1358986000,None,None,2373472000,1953000,5267685000,None,None,None,None,None,-38408000,None,None,None,None,None,None,None,None,None,None,None,None,None,None,None,134000000,USD,73301000,-3526000,8267000,4297000,-100000000,-161468000,80692000,-1144000,21370000,-110338000,57109000,None,1953000,-106552000,166000,None,None,-1385000,6509000,None,None,None,14.63,14.26
13,2017-01-31,USD,348323000,21059000,28606000,54627000,-242985000,21587000,0,0,32690000,0,13308000,None,39379000,3179000,-69858000,None,None,None,0,0,0,11103000,-878000,0,-81303000,21587000,None,USD,9246390000,None,None,None,7864101000,1382289000,24860000,25228000,1382000,253269000,121754000,None,1726173000,240587000,5911338000,2473113000,2473113000,-34599000,83248000,243248000,1580468000,1382289000,None,None,2473113000,2661000,5269234000,None,None,None,None,None,-38821000,None,None,None,None,None,None,None,None,None,None,None,None,None,None,None,134000000,USD,101129000,-4530000,-19499000,2865000,-100000000,98019000,105839000,1615000,21587000,90027000,38461000,None,1940000,-61584000,3329000,None,None,-1216000,3966000,None,None,None,15.45,14.63
14,2016-10-31,USD,80590000,0,28016000,0,48597000,20578000,0,0,30977000,0,13309000,None,37374000,0,17620000,None,None,None,0,0,0,10399000,0,0,20578000,20578000,None,USD,9139510000,None,None,None,7771335000,1368175000,24594000,5192674000,1379000,243447000,105907000,None,1830340000,1777931000,None,2472754000,2472754000,-34634000,83838000,None,8593417000,1368175000,None,None,2472754000,3362000,5192674000,None,None,None,None,None,-39235000,None,None,None,None,None,None,None,None,None,None,None,None,None,None,None,134000000,USD,-4007000,-3556000,-4716000,1272000,-100000000,-153442000,-8391000,8462000,20578000,-131204000,26954000,None,3618000,-50198000,5147000,None,None,-2148000,1981000,None,None,None,14.67,15.45
15,2016-07-31,USD,135288000,85357000,27113000,216244000,-47880000,20698000,0,0,30211000,0,13456000,None,38864000,15364000,91083000,None,None,None,0,0,0,9513000,-8948000,0,62943000,20698000,None,USD,9267247000,None,None,8800000,7874283000,1392964000,25374000,27510000,1375000,274381000,137876000,None,1940504000,272964000,5213877000,2572389000,2572389000,-33732000,83221000,285498000,1796145000,1392964000,267829000,None,2572389000,3734000,5164018000,None,None,None,None,None,-39647000,None,None,None,None,None,None,None,None,None,None,None,None,None,None,None,133000000,USD,391823000,-6840000,99494000,5756000,-900000000,-675318000,332323000,1807000,20698000,-490868000,84956000,None,7141000,-111767000,4070000,None,None,-3895000,14854000,None,None,None,14.17,14.67
16,2016-04-30,USD,1302000,0,27597000,0,-1739000,20551000,0,0,30032000,0,13435000,None,38111000,0,-33000,None,None,None,0,0,0,9481000,0,0,-976000,20551000,None,USD,9241775000,None,None,None,7860960000,1380815000,25925000,5085129000,1372000,265914000,103805000,None,2163561000,2122482000,None,2672026000,2672026000,-33240000,81928000,None,8694349000,1380815000,None,123000,2672026000,4332000,5085129000,None,None,None,None,None,-40060000,None,None,None,None,None,None,None,None,None,None,None,None,None,None,None,133000000,USD,23522000,-1914000,23371000,4582000,-100000000,-92713000,229891000,-1638000,20551000,-50980000,62059000,None,3685000,-100441000,-299000,None,None,-2322000,11300000,None,None,None,13.29,14.17
17,2016-01-31,USD,82258000,0,27094000,0,49619000,21527000,0,0,31738000,0,12904000,None,40491000,-750000,17881000,None,None,None,0,0,0,10211000,0,0,21527000,21527000,None,USD,9316684000,None,None,None,7913276000,1403408000,25924000,5119829000,1372000,290142000,121791000,None,2256978000,2266457000,None,2671656000,2671656000,-33459000,80857000,None,8717459000,1403408000,None,123000,2671656000,5844000,5119829000,None,None,None,None,None,-40473000,None,None,None,None,None,None,None,None,None,None,None,None,None,None,None,133000000,USD,-207346000,613000,-210173000,1879000,-100000000,164098000,278019000,-5716000,21527000,-28543000,43697000,None,3350000,-55856000,-158000,None,None,-2242000,8446000,None,None,None,12.27,13.29
18,2015-10-31,USD,0,0,26377000,0,0,20718000,0,0,29958000,0,13159000,None,38683000,0,0,None,None,None,0,0,0,9240000,0,0,0,20718000,None,USD,9133422000,None,None,None,7742589000,1390833000,None,None,1371000,278482000,98837000,None,2151295000,None,None,None,None,None,79185000,None,None,None,None,None,2671272000,5460000,4972480000,None,None,None,None,None,-40887000,None,None,None,None,None,None,None,None,None,None,None,None,None,None,None,133000000,USD,None,None,175492000,815000,None,None,102458000,None,20718000,None,26165000,None,None,-44551000,None,None,None,None,4555000,None,None,None,12.98,12.27
19,2015-07-31,USD,210137000,84302000,26471000,210137000,0,18785000,0,0,28139000,0,13889000,None,37722000,14054000,107594000,None,None,None,0,0,0,9354000,-10067000,0,78093000,18785000,None,USD,9844161000,None,None,8700000,8427935000,1416226000,26391000,14600000,1371000,305113000,124894000,None,2366359000,763932000,5569205000,3470521000,3470521000,-32925000,75810000,778036000,2221636000,1416226000,764816000,1071000,3470521000,4333000,4832520000,None,None,None,None,None,-41299000,None,None,None,None,None,None,None,None,None,None,None,None,None,None,None,135000000,USD,360778000,-6215000,-18497000,25067000,-120000000,-106320000,177876000,3878000,18785000,-38208000,86609000,None,6844000,-114162000,267000,None,None,1187000,12022000,None,None,None,12.02,12.98
