,fiscalDateEnding,reportedCurrency_x,totalRevenue,totalOperatingExpense,costOfRevenue,grossProfit,ebit,netIncome_x,researchAndDevelopment,effectOfAccountingCharges,incomeBeforeTax,minorityInterest,sellingGeneralAdministrative,otherNonOperatingIncome,operatingIncome,otherOperatingExpense,interestExpense,taxProvision,interestIncome,netInterestIncome,extraordinaryItems,nonRecurring,otherItems,incomeTaxExpense,totalOtherIncomeExpense,discontinuedOperations,netIncomeFromContinuingOperations,netIncomeApplicableToCommonShares,preferredStockAndOtherAdjustments,reportedCurrency_y,totalAssets,intangibleAssets,earningAssets,otherCurrentAssets,totalLiabilities,totalShareholderEquity,deferredLongTermLiabilities,otherCurrentLiabilities,commonStock,retainedEarnings,otherLiabilities,goodwill,otherAssets,cash,totalCurrentLiabilities,shortTermDebt,currentLongTermDebt,otherShareholderEquity,propertyPlantEquipment,totalCurrentAssets,longTermInvestments,netTangibleAssets,shortTermInvestments,netReceivables,longTermDebt,inventory,accountsPayable,totalPermanentEquity,additionalPaidInCapital,commonStockTotalEquity,preferredStockTotalEquity,retainedEarningsTotalEquity,treasuryStock,accumulatedAmortization,otherNonCurrrentAssets,deferredLongTermAssetCharges,totalNonCurrentAssets,capitalLeaseObligations,totalLongTermDebt,otherNonCurrentLiabilities,totalNonCurrentLiabilities,negativeGoodwill,warrants,preferredStockRedeemable,capitalSurplus,liabilitiesAndShareholderEquity,cashAndShortTermInvestments,accumulatedDepreciation,commonStockSharesOutstanding,reportedCurrency,investments,changeInLiabilities,cashflowFromInvestment,otherCashflowFromInvestment,netBorrowings,cashflowFromFinancing,otherCashflowFromFinancing,changeInOperatingActivities,netIncome_y,changeInCash,operatingCashflow,otherOperatingCashflow,depreciation,dividendPayout,stockSaleAndPurchase,changeInInventory,changeInAccountReceivables,changeInNetIncome,capitalExpenditures,changeInReceivables,changeInExchangeRate,changeInCashAndCashEquivalents,clossingVal,nextClossingVal
0,2020-06-30,USD,0,8162797,None,None,-8120423,-17617236,5544000,None,-17617236,None,2618797,None,-8162797,None,None,None,25546,25546,None,None,None,None,-9479985,None,-17617236,-17617236,None,USD,67705744,None,None,None,53432210,14273534,None,None,2780,-237310107,44422593,None,105420,30819397,5894333,None,None,-7129,3934411,44979077,18686836,14273534,8831981,None,None,None,3019097,None,None,None,None,None,None,None,105420,None,22726667,3753335,None,72747,47537877,None,None,None,None,None,None,None,None,USD,-21531374,-3012489,-21531374,None,None,None,-3636963,295778,-17617236,20187454,-10144199,None,42374,None,None,None,None,7972721,0,None,None,None,6.39,
1,2020-03-31,USD,0,8064341,None,None,-7648508,-7578486,5104441,None,-7578486,None,2959900,415833,-8064341,None,-70022,None,70022,70022,None,None,None,None,415833,None,-7578486,-7578486,None,USD,26428742,None,None,8620316,17820221,8608521,5653145,634932,1533,-219692871,5725892,None,105420,10631943,8903703,None,None,9199,1052169,22283347,None,8608521,6018894,105420,None,None,8268771,None,None,1533,None,-219692871,None,None,105420,None,1052169,3825558,None,3263373,8916518,None,None,None,228290660,26428742,16650837,None,15332042,USD,-6002877,-1157290,-6002877,-6002880,None,None,-3636963,933832,-7578486,-13552197,-7549320,933832,35555,None,None,None,None,217069,0,None,None,-13552197,5.76,6.39
2,2019-12-31,USD,0,49262235,257038,-257038,-10380447,-10355484,32218568,None,-10355484,None,17043667,-3909786,-6470661,None,-24963,None,-3884820,24963,None,None,None,None,-3909786,None,-10355484,-10355484,None,USD,35008709,None,None,9619201,19463803,15544906,6068978,631889,1533,-212114385,6141725,None,105420,24184140,10057950,None,None,None,1099948,30759515,None,15544906,0,105420,None,None,9426061,None,None,1533,None,-212114385,None,None,105420,None,1099948,3896017,None,3336875,9405853,None,None,None,227657758,35008709,24184140,None,15332042,USD,0,-1701768,-6002877,21991130,None,21320590,-1713410,106210,-10355484,13682551,-7638039,106210,42373,None,21320590,None,None,4270629,20000,None,None,13682551,0.6207,5.76
3,2019-09-30,USD,0,-7626575,628989,-628989,-5439865,-5359118,-5250327,None,-5359118,None,-2376248,2186710,-7626575,None,-80747,None,2267460,80747,None,None,None,None,2186710,None,-5359118,-5359118,None,USD,17443435,None,None,5438699,13224478,4218957,2159192,628676,7941,-201758901,2231939,None,355420,10501589,7659673,None,None,None,1147727,12842109,None,4218957,0,355420,None,None,7030997,None,None,7941,None,-201758901,None,None,355420,None,1147727,3961542,None,3405613,5564805,None,None,None,205969917,17443435,10501589,None,79409556,USD,6800000,3746184,6800000,21991130,None,0,-1713410,-359802,-5359118,3124450,-3675550,-359802,91892,None,None,None,None,-1794705,20000,None,None,3124450,0.3581,0.6207
4,2019-06-30,USD,0,-7407479,670610,-670610,-8771347,-8666906,-4804076,None,-8666906,None,-2603403,-1363868,-7407479,None,-104441,None,104441,104441,None,None,None,None,-1363868,None,-8666906,-8666906,None,USD,20916996,None,None,1986484,11728930,9188066,4345902,625541,7941,-196399783,4418649,None,355420,7377139,3910355,None,None,1996,1195506,16215138,None,9188066,6851515,600000,None,None,3284814,None,None,7941,None,-196399783,None,None,3506352,None,4701858,4025467,None,3472673,7818575,None,None,None,205577912,20916996,14228654,None,79409556,USD,9341125,-2036040,9341125,15191130,None,0,-1713410,61251,-8666906,551547,-8789578,61251,118322,None,None,None,None,1733795,20000,None,None,551547,0.51,0.3581
5,2019-03-31,USD,0,-6361733,141426,-141426,11437896,11587015,-4107140,None,11587015,None,-2254593,17799629,-6361733,None,-149119,None,17948750,149119,None,None,None,None,17799629,None,11587015,11587015,None,USD,29947550,None,None,5255624,12463465,17484085,None,4087831,7941,-187732877,3054781,None,355420,6825592,5943336,2982034,622483,1036,1243285,25146721,None,17484085,16267629,355420,3465348,None,5393600,None,None,7941,None,-187732877,None,None,355420,None,1243285,4087831,None,72747,6520129,None,None,None,205207985,29947550,23093221,None,79409556,USD,5850000,-453101,5830001,5850000,None,0,-1713410,-1070468,11587015,-1494725,-7324726,-1070468,87683,None,None,None,None,-17475855,19999,None,None,-1494725,0.3977,0.51
6,2018-12-31,USD,0,8844512,223066,-223066,-8844512,5935696,6495456,0,5935696,0,2125990,None,-8844512,0,0,None,None,None,0,0,0,0,14780208,0,5935696,5935696,None,USD,32872571,None,None,988799,27330611,5541960,21460845,None,7941,-199319892,21533592,None,355420,8320317,5797019,None,None,-30300,1076099,31441052,None,5541960,22131936,202000,None,None,5797019,None,None,7941,None,-199319892,None,None,355420,None,1431519,None,None,72747,21533592,None,None,None,204884210,32872571,30452250,None,79406556,USD,4421751,356748,4421751,17284710,None,10432896,-1072607,814582,5935696,-2635035,-7056786,None,41029,None,11505500,None,None,-14204841,19999,None,None,None,1.53,0.3977
7,2018-09-30,USD,0,-7799290,417185,-417185,-4552525,-4377747,-5710455,0,-4377747,0,-2088835,3246765,-7799290,0,-174778,None,None,None,0,0,0,0,3421543,0,-4377747,-4377747,None,USD,40876418,0,None,1803381,41577780,-701362,36064762,2931000,7941,-205255588,36137509,0,355420,10955352,5440271,None,None,-19375,1117128,39403870,None,-701362,26645137,564000,0,0,5440271,0,0,7941,0,-205255588,0,None,355420,None,1472548,None,None,72747,36137509,None,None,None,204565660,40876418,37600489,None,79409556,USD,2013375,718030,1959163,0,None,10427393,-1072607,398518,-4377747,6385704,-6000852,392752,129720,0,10427393,0,0,-2863607,54212,None,None,6385704,2.07,1.53
8,2018-06-30,USD,0,-7496454,9505,-9505,-20299037,-20135892,-5252334,0,-20135892,0,-2244120,-12802583,-7496454,0,-163145,None,None,None,0,0,0,0,-12639438,0,-20135892,-20135892,None,USD,36953438,0,None,2201899,44112281,-7158843,39317293,3627000,7366,-200877841,39390040,0,355420,4569648,4722241,None,None,-44052,1102098,35495920,None,-7158843,28724373,498000,0,0,4722241,0,0,7366,0,-200877841,0,None,355420,None,1457518,None,None,72747,39390040,None,None,None,193755684,36953438,33294021,None,73659556,USD,7488454,665352,7488454,0,None,1628,-1072607,-384767,-20135892,1099129,-6390953,-390534,251405,0,1628,0,0,13218716,54212,None,None,1099129,2.21,2.07
9,2018-03-31,USD,0,-6984169,34525,-34525,-19258728,-19106481,-4735340,0,-19106481,0,-2248829,-12274559,-6984169,0,-152247,None,None,None,0,0,0,0,-12122312,0,-19106481,-19106481,None,USD,43161833,0,None,1817132,30650113,12511720,26520477,2402000,7366,-180741949,26727166,0,355420,3470519,3922947,None,None,-91620,1138824,41667589,None,12511720,36379938,428815,0,0,3922947,0,0,7366,0,-180741949,0,None,355420,None,1494244,None,None,206689,26727166,None,None,None,193337923,43161833,39850457,None,73658506,USD,3361132,-612721,3281856,0,None,3875,-1072607,69114,-19106481,-3524527,-6810258,61355,135349,0,3875,0,0,12712240,79276,None,None,-3524527,1.6252,2.21
10,2017-12-31,USD,0,37865932,482803,-482803,-18821440,-16779447,4814000,0,-15517658,0,7151000,None,-25707690,0,0,None,None,None,0,0,0,0,8928243,0,-3408729,-3408729,None,USD,50189479,0,None,1848063,18996034,31193445,14253677,3118000,7366,-161635468,14575000,0,393000,6995046,4420668,None,None,-74820,1093903,48701973,None,31193445,39858864,343372,0,0,4420668,0,0,7366,0,-161635468,0,None,393603,None,1487506,None,None,321689,14575366,None,None,None,192896367,50189479,46853910,None,73656006,USD,-9359641,324000,-9359641,0,None,37077000,-2923304,-1059502,-15517658,3188062,-24528993,None,187249,0,0,0,0,-9368256,133488,None,None,None,1.01,1.6252
11,2017-09-30,USD,0,-6735188,0,0,-1699058,-1575098,-4934788,0,-1575098,0,-1800400,5036130,-6735188,0,-123960,None,None,None,0,0,0,0,-1327529,0,-1575098,-1575098,None,USD,55124233,0,None,1259521,19658159,35466074,16728447,1695000,7366,-156877960,16728000,0,164000,4297503,2929712,None,None,-23750,1148138,53811576,None,35466074,48254552,None,0,0,2929712,0,0,7366,0,-156877960,0,None,164519,None,1312657,None,None,None,16728447,None,None,None,192360418,55124233,52552055,None,73656006,USD,-31657102,-701199,-31657102,0,None,37076696,-2923304,970376,-1575098,-581633,-6001227,4704034,269868,0,37076696,0,0,-8698832,0,None,None,-581633,1.11,1.01
12,2017-06-30,USD,0,-6079121,0,0,-2882256,-2836887,-3757168,0,-2836887,0,-2321953,3196865,-6079121,0,-45369,None,None,None,0,0,0,0,3248536,0,-2836887,-2836887,None,USD,25293459,0,None,2229897,14205487,11087972,10574576,1670000,4166,-155302862,10574000,0,164000,4879136,3630911,None,None,-19299,1190053,23938887,None,11087972,16829854,None,0,0,3630911,0,0,4166,0,-155302862,0,None,164519,None,1354572,None,None,None,10574576,None,None,None,166405967,25293459,21708990,None,41656006,USD,7145050,-796020,7145050,0,None,0,-2923304,-768044,-2836888,164554,-6980496,-3964325,269845,0,0,0,0,346892,0,None,None,164554,1.45,1.11
13,2017-03-31,USD,0,-6345013,0,0,-6424814,-6348164,-4201698,0,-6348164,0,-2143315,-79801,-6345013,0,-76650,None,None,None,0,0,0,0,-3151,0,-6348164,-6348164,None,USD,31749282,0,None,1461852,18197786,13551496,13770857,1409000,4166,-152465974,13771000,0,164000,4714582,4426929,None,None,-45771,1235593,30349170,None,13551496,24172736,None,0,0,4426929,0,0,4166,0,-152465974,0,None,164519,None,1400112,None,None,None,13770857,None,None,None,166059075,31749282,28887318,None,41656006,USD,7092320,8734,7092320,0,None,0,-2923304,-444208,-6348164,907598,-6184722,-366770,140567,0,0,0,0,380911,0,None,None,907598,1.8,1.45
14,2016-12-31,USD,0,33532246,1590668,-1590668,-33532246,595000,4451000,0,595000,0,6643000,None,-35418532,0,0,None,None,None,0,0,0,0,7731695,0,-28538399,595000,None,USD,37624470,0,None,1017645,18111616,19512854,13693419,2868000,4166,-146117810,13693000,0,165000,3806984,4418197,None,None,-51666,1281152,36178799,None,19512854,31354170,None,0,0,4418197,0,0,4166,0,-146117810,0,None,164519,None,1445671,None,None,None,13693419,None,None,None,165678164,37624470,35161154,None,41656006,USD,-8855375,650000,-8968567,0,None,32103000,-2952889,138352,595000,-6165797,-29300340,None,451008,0,0,0,0,-3569656,114000,None,None,None,1.75,1.8
15,2016-09-30,USD,0,-7891510,0,0,-10585204,-10530584,-5948026,0,-10530584,0,-1943484,-2693694,-7891510,0,-54620,None,None,None,0,0,0,0,-2604981,0,-10530584,-10530584,None,USD,45873188,0,None,1147898,27327926,18545262,20905679,2547000,4158,-146712179,20906000,0,165000,10665133,6422247,None,None,-39040,1347145,44361524,None,18545262,32548493,None,0,0,6422247,0,0,4158,0,-146712179,0,None,164519,None,1511664,None,None,None,20905679,None,None,None,165292323,45873188,43213626,None,41578804,USD,-24197256,-836818,-24170256,0,None,32047111,None,None,-10530584,73037,-7803818,1886178,222770,0,32047111,0,0,1454636,27000,None,None,73037,2.48,1.75
16,2016-06-30,USD,0,-9777796,0,0,-9707401,-9679022,-7271699,0,-9679022,0,-2506097,70395,-9777796,0,-28379,None,None,None,0,0,0,0,-364508,0,-9679022,-9679022,None,USD,22211474,0,None,1464717,8439163,13772311,1180098,3044000,2754,-136181595,1180000,0,165000,10592096,7259065,None,None,2932,1490307,20556630,None,13772311,8499817,None,0,0,7259065,0,0,2754,0,-136181595,0,None,164537,None,1654844,None,None,None,1180098,None,None,None,149948220,22211474,19091913,None,27482692,USD,9998830,2327987,9890249,0,None,16000,None,None,-9679022,2953450,-6952799,-274816,268503,0,16000,0,0,404549,108581,None,None,2953450,2.89,2.48
17,2016-03-31,USD,0,-9154803,0,0,-8966533,-8923162,-4430670,0,-8923162,0,-4724133,188270,-9154803,0,-43371,None,None,None,0,0,0,0,231641,0,-8923162,-8923162,None,USD,29035538,0,None,1109706,6174392,22861146,1243314,3110000,2748,-126502573,1243000,0,144000,7638646,4931078,None,None,-2381,1516198,27375719,None,22861146,18627367,None,0,0,4931078,0,0,2748,0,-126502573,0,None,143621,None,1659819,None,None,None,1243314,None,None,None,149363352,29035538,26266013,None,27485542,USD,4215970,1161894,4184359,0,None,0,None,None,-8923162,-2334135,-6518494,82328,267910,0,0,0,0,892536,31611,None,None,-2334135,3.4,2.89
18,2015-12-31,USD,0,25065337,1324425,-1324425,-25065337,-19556444,4923000,0,-25120964,0,7353000,None,-19346077,0,0,None,None,None,0,0,0,0,-210367,0,-25120964,-25120964,None,USD,35861137,0,None,1176895,5185627,30675510,1416443,2252000,2748,-117579411,1416000,0,144000,9972781,3769184,None,None,-30373,1618968,34098548,None,30675510,22948872,None,0,0,3769184,0,0,2748,0,-117579411,0,None,143621,None,1762589,None,None,None,1416443,None,None,None,148282546,35861137,32921653,None,27482692,USD,-21591927,600000,-21600084,0,None,28033000,-1665554,-808108,-25120964,-15749672,-22182601,None,537344,0,0,0,0,2608712,8000,None,None,None,4.75,3.4
19,2015-09-30,USD,0,-5719260,0,0,-5594113,-5564520,-3352531,0,-5564520,0,-2366729,125147,-5719260,0,-29593,None,None,None,0,0,0,0,107309,0,-5564520,-5564520,None,USD,32296760,0,None,945958,4125327,28171433,396253,1010756,2511,-109991070,397000,0,144000,20843916,3729074,None,None,-83985,1745147,30407992,None,28171433,8618118,None,0,0,2718318,0,0,2511,0,-109991070,0,None,143621,None,1888768,None,None,None,396253,None,None,None,138243977,32296760,29462034,None,25108329,USD,2938397,-979915,2938397,0,None,114402,None,None,-5564520,-2798036,-5850835,-869,235715,0,114402,0,0,458754,0,None,None,-2798036,4.45,4.75
