,fiscalDateEnding,reportedCurrency_x,totalRevenue,totalOperatingExpense,costOfRevenue,grossProfit,ebit,netIncome_x,researchAndDevelopment,effectOfAccountingCharges,incomeBeforeTax,minorityInterest,sellingGeneralAdministrative,otherNonOperatingIncome,operatingIncome,otherOperatingExpense,interestExpense,taxProvision,interestIncome,netInterestIncome,extraordinaryItems,nonRecurring,otherItems,incomeTaxExpense,totalOtherIncomeExpense,discontinuedOperations,netIncomeFromContinuingOperations,netIncomeApplicableToCommonShares,preferredStockAndOtherAdjustments,reportedCurrency_y,totalAssets,intangibleAssets,earningAssets,otherCurrentAssets,totalLiabilities,totalShareholderEquity,deferredLongTermLiabilities,otherCurrentLiabilities,commonStock,retainedEarnings,otherLiabilities,goodwill,otherAssets,cash,totalCurrentLiabilities,shortTermDebt,currentLongTermDebt,otherShareholderEquity,propertyPlantEquipment,totalCurrentAssets,longTermInvestments,netTangibleAssets,shortTermInvestments,netReceivables,longTermDebt,inventory,accountsPayable,totalPermanentEquity,additionalPaidInCapital,commonStockTotalEquity,preferredStockTotalEquity,retainedEarningsTotalEquity,treasuryStock,accumulatedAmortization,otherNonCurrrentAssets,deferredLongTermAssetCharges,totalNonCurrentAssets,capitalLeaseObligations,totalLongTermDebt,otherNonCurrentLiabilities,totalNonCurrentLiabilities,negativeGoodwill,warrants,preferredStockRedeemable,capitalSurplus,liabilitiesAndShareholderEquity,cashAndShortTermInvestments,accumulatedDepreciation,commonStockSharesOutstanding,reportedCurrency,investments,changeInLiabilities,cashflowFromInvestment,otherCashflowFromInvestment,netBorrowings,cashflowFromFinancing,otherCashflowFromFinancing,changeInOperatingActivities,netIncome_y,changeInCash,operatingCashflow,otherOperatingCashflow,depreciation,dividendPayout,stockSaleAndPurchase,changeInInventory,changeInAccountReceivables,changeInNetIncome,capitalExpenditures,changeInReceivables,changeInExchangeRate,changeInCashAndCashEquivalents,clossingVal,nextClossingVal
0,2020-06-30,USD,58566000,None,None,None,None,56158000,None,None,56158000,None,1520000,None,None,None,9443000,None,36228000,26785000,None,None,None,100000,None,None,56158000,55604000,None,USD,1958634000,None,None,None,1075330000,883304000,3749000,None,563000,-258876000,None,None,3749000,29916000,None,None,None,-1633000,None,None,1907555000,833304000,None,None,None,None,25972000,None,None,None,None,None,None,None,None,None,None,None,None,None,None,None,None,None,None,None,None,None,None,USD,None,0,None,None,-227249000,None,-13000,-2020000,56158000,-35609000,162486000,None,None,-20833000,0,None,None,107641000,0,None,None,None,8.57,
1,2020-03-31,USD,-119178000,1922000,25908000,24637000,None,-121100000,None,None,-121100000,None,1280000,None,23972000,None,12179000,None,44701000,32522000,None,None,None,52000,None,None,-121100000,-121100000,None,USD,2126826000,None,None,None,1328292000,798534000,4026000,None,563000,-293646000,None,None,4026000,65525000,None,None,None,-1633000,None,None,2024277000,798534000,None,None,1262960000,None,51269000,None,None,None,None,None,None,None,None,None,None,None,1262960000,None,None,None,None,None,1093250000,None,65525000,None,57000000,USD,None,0,None,None,87057000,38985000,-299000,-1577000,-121100000,28774000,-10211000,None,None,-31770000,-16003000,None,None,112610000,0,None,None,None,5.22,8.57
2,2019-12-31,USD,29813000,2977000,27272000,26193000,38933000,26836000,None,None,26836000,None,1447000,None,25377000,None,12026000,None,48186000,36160000,None,None,None,235000,-11862000,None,26836000,26836000,None,USD,2187533000,None,None,None,1231062000,956471000,4032000,31760000,578000,-151712000,None,None,4032000,36751000,53230000,None,None,-1633000,None,59537000,2123964000,956471000,None,22469000,1177832000,None,38524000,None,None,None,None,None,None,None,None,None,None,None,1177832000,None,None,None,None,None,1109238000,None,36751000,None,60000000,USD,None,0,None,None,-27312000,41457000,-216000,-1538000,26836000,-33530000,33029000,None,None,-21835000,-17196000,None,2205000,4593000,0,None,None,None,13.38,5.22
3,2019-09-30,USD,-7229000,1760000,28343000,27436000,40887000,-8989000,None,None,-8989000,None,1166000,None,26755000,None,13538000,None,50023000,36485000,None,None,None,49000,-49827000,None,-8989000,-8989000,None,USD,2225990000,None,None,None,1247389000,978601000,4687000,21825000,590000,-147201000,142000,None,4687000,70281000,44508000,None,None,-1633000,None,94615000,2126688000,978601000,None,24237000,1202739000,None,29516000,None,None,None,None,None,None,None,None,None,None,None,1202739000,None,None,None,None,None,1126845000,None,70281000,None,60000000,USD,None,0,None,None,107520000,108016000,-62000,-659000,-8989000,7957000,-55242000,None,None,-27092000,-17167000,None,-3560000,-42340000,0,None,None,None,14.4,13.38
4,2019-06-30,USD,11775000,2018000,28149000,28718000,41734000,9757000,None,None,9757000,None,1287000,None,27971000,None,13032000,None,50851000,37819000,None,None,None,60000,-31917000,None,9757000,9757000,None,USD,2172756000,None,None,None,1146164000,1026592000,4869000,27082000,602000,-116377000,228000,None,4869000,62324000,50373000,None,None,-1633000,None,92273000,2075614000,1026592000,None,29806000,1095563000,None,34645000,None,None,None,None,None,None,None,None,None,None,None,1095563000,None,None,None,None,None,1144000000,None,62324000,None,61000000,USD,None,0,None,None,-11562000,44817000,-1066000,-963000,9757000,22253000,73832000,None,None,-22682000,-16269000,None,-30000,64741000,0,None,None,None,15.24,14.4
5,2019-03-31,USD,55187000,2103000,26835000,28352000,40181000,33726000,None,None,33726000,None,730000,None,27562000,None,11991000,None,6164000,37168000,None,None,None,60000,-6395000,None,33726000,33726000,None,USD,2214279000,None,None,None,1154092000,1060187000,4069000,22681000,613000,-99051000,169000,None,4069000,40071000,46859000,None,None,-1633000,None,55001000,2155209000,1060187000,None,14922000,1107064000,None,30675000,None,None,None,None,None,None,None,None,None,None,None,1107064000,None,None,None,None,None,1160258000,None,40071000,None,62000000,USD,None,0,None,None,146324000,96396000,-355000,988000,33726000,-47115000,-143511000,None,None,-35488000,-14085000,None,-1661000,-176862000,0,None,None,None,14.48,15.24
6,2018-12-31,USD,56311000,15229000,26159000,56311000,41082000,-1160000,0,0,-1000000,0,15229000,None,41082000,0,-11142000,None,None,None,0,0,0,160000,-42082000,0,-1160000,-1160000,None,USD,2084743000,None,None,None,1021525000,1063218000,3950000,35497000,622000,-110105000,236000,None,3950000,87186000,60611000,None,None,-1633000,None,108636000,1972157000,1063218000,None,21321000,960678000,None,1870000,None,None,None,None,None,None,None,None,None,None,None,960678000,None,None,None,None,None,1174334000,None,87186000,None,63000000,USD,None,0,None,None,-39664000,-68411000,-730000,4675000,-1160000,-25725000,42686000,None,None,-22996470,-4882000,None,-1475000,40351000,0,None,None,None,12.4,14.48
7,2018-09-30,USD,51280000,14610000,14640000,51280000,36670000,6080000,0,0,6110000,0,14610000,None,36670000,0,-10582000,None,None,None,0,0,0,30000,-30560000,0,6080000,6080000,None,USD,2147841000,None,None,None,1043099000,1104742000,4126000,23150000,626000,-73683000,131000,None,4126000,112911000,42761000,None,None,-1633000,None,124717000,2018998000,1104742000,26489000,11786000,1000207000,None,13108000,None,None,None,None,None,None,None,None,None,None,None,None,None,None,None,None,None,None,None,None,None,63000000,USD,None,0,None,None,145394000,119642000,-2601000,-1990000,6080000,84983000,-34659000,None,None,-22865224,None,None,814000,-40609000,0,None,None,None,16.7,12.4
8,2018-06-30,USD,52452000,14922000,14952000,52452000,37530000,13106000,0,0,13136000,0,14922000,None,37530000,0,-8961000,None,None,None,0,-525000,0,30000,-24394000,0,13106000,13106000,None,USD,2031168000,None,None,None,909356000,1121812000,3246000,23151000,626000,-56613000,134000,None,3246000,27928000,52963000,856259000,856259000,-1633000,None,81130000,1946792000,1121812000,151561000,52677000,856259000,None,8780000,None,None,None,None,None,None,None,None,None,None,None,None,None,None,None,None,None,None,None,None,None,63000000,USD,None,0,None,None,57240000,34033000,-57000,1115000,13106000,-17682000,-51715000,None,None,-22432887,None,None,385000,-66624000,0,None,None,None,17.02,16.7
9,2018-03-31,USD,47483000,14003000,14013000,47483000,33480000,21089000,0,0,21099000,0,14003000,None,33480000,0,-8017000,None,None,None,0,525000,0,10000,-12381000,0,21089000,21089000,None,USD,1990655000,None,None,None,858798000,1131857000,3441000,23150000,626000,-46568000,104000,None,3441000,45610000,59726000,798968000,798968000,-1633000,None,73755000,1913459000,1131857000,136151000,27910000,798968000,None,16919000,None,None,None,None,None,None,None,None,None,None,None,None,None,None,None,None,None,None,None,None,None,63000000,USD,None,0,None,None,-35028000,-58912000,-32000,-581000,21089000,13571000,72483000,None,-2138000,-18010694,-15000,None,-1896000,53619000,0,None,None,None,17.9,17.02
10,2017-12-31,USD,49510000,34968000,14748000,122353000,87385000,26983000,0,0,26983000,0,34968000,None,34762000,0,8246000,None,None,None,0,-3641000,0,264000,-28464000,0,58657000,26983000,None,USD,2021383000,None,None,None,894079000,1127304000,3626000,37402000,622000,-44507000,69000,None,1839727000,32039000,60064000,833946000,833946000,-1618000,None,50226000,1967531000,1127304000,131506000,18111000,833946000,None,22662000,None,None,None,None,None,None,None,None,None,None,None,None,None,None,None,None,None,None,None,None,None,53000000,USD,None,0,None,None,98880000,379201000,-1063000,6883000,26983000,-6450000,-385651000,None,-10798000,-76045000,357429000,None,-5282000,-472401000,0,None,None,None,20.04,17.9
11,2017-09-30,USD,42648000,96000,11125000,62034000,46222000,25543000,0,0,25543000,0,23428000,None,31523000,0,6443000,None,None,None,0,-1356000,0,0,366000,0,42388000,25543000,None,USD,2013475000,None,None,None,889122000,1124353000,3734000,29164000,619000,-41277000,102000,None,1809663000,35149000,39250000,849770000,849770000,-1588000,None,45624000,1964117000,1124353000,158243000,10420000,849770000,None,10086000,None,None,None,None,None,None,None,None,None,None,None,None,None,None,None,None,None,None,None,None,None,62000000,USD,None,0,None,None,247172000,411647000,69000,1892000,25543000,6990000,-224036000,None,-1597000,-59636000,6505000,None,-2066000,-249640000,0,None,None,None,18.82,20.04
12,2017-06-30,USD,38744000,11029000,10707000,-48451000,-35906000,15501000,0,0,15501000,0,-23969000,None,28037000,0,6267000,None,None,None,0,2258000,0,0,-3412000,0,-33018000,15501000,None,USD,1759761000,None,None,None,646018000,1113743000,3629000,29105000,614000,-43932000,118000,None,1610148000,28159000,43353000,602547000,602547000,-1560000,None,36659000,1719473000,1113743000,113100000,8354000,602547000,None,14248000,None,None,None,None,None,None,None,None,None,None,None,None,None,None,None,None,None,None,None,None,None,46000000,USD,None,0,None,None,-101139000,180621000,-944000,-2427000,15501000,-16715000,-248616000,None,-2767000,-36916000,350990000,None,-2034000,-259884000,0,None,None,None,18.01,18.82
13,2017-03-31,USD,34099000,0,9455000,29065000,21207000,16173000,0,0,16173000,0,11666000,None,24644000,0,5537000,None,None,None,0,-1205000,0,0,-2934000,0,16173000,16173000,None,USD,1458993000,None,None,None,695675000,763318000,None,22202000,417000,-1200000,86000,None,1277818000,44874000,None,None,None,-35587000,None,None,1392545000,763318000,118107000,18194000,661508000,None,11879000,None,None,None,None,None,None,None,None,None,None,None,None,None,None,None,None,None,None,None,None,None,42000000,USD,None,3801000,None,None,-31370000,-51280000,None,-117000,16173000,6385000,57665000,None,-3345000,-19910000,350632000,None,-513000,38321000,0,None,None,None,nan,18.01
14,2016-12-31,USD,33156000,32239000,9386000,110971000,78732000,17396000,0,0,17396000,0,32239000,None,23770000,0,5421000,None,None,None,0,-3607000,0,76000,-8847000,0,69809000,17396000,None,USD,1490155000,None,None,None,726018000,764137000,3308000,24775000,417000,-35786000,215000,None,1331036000,38489000,33069000,692734000,692734000,-74000,None,64088000,1422759000,764137000,95073000,25557000,692734000,None,8294000,None,None,None,None,None,None,None,None,None,None,None,None,None,None,None,None,None,None,None,None,None,36000000,USD,None,0,None,None,187572000,311265000,-643000,4545000,17396000,-3348000,-314613000,None,-4188000,-61201000,185537000,None,-2528000,-387856000,0,None,None,None,nan,nan
15,2016-09-30,USD,28957000,0,8378000,0,0,29170000,0,0,29170000,0,0,None,20579000,0,4733000,None,None,None,0,0,0,0,0,0,0,29170000,None,USD,None,None,None,None,None,None,None,None,None,None,None,None,None,None,None,None,None,None,None,None,None,None,None,None,None,None,None,None,None,None,None,None,None,None,None,None,None,None,None,None,None,None,None,None,None,None,None,None,37000000,USD,None,None,None,None,None,None,None,None,29170000,None,None,None,None,None,None,None,None,None,0,None,None,None,nan,nan
16,2016-06-30,USD,25748000,0,7599000,0,0,25951000,0,0,25951000,0,0,None,18149000,0,4683000,None,None,None,0,0,0,0,0,0,0,25951000,None,USD,None,None,None,None,None,None,None,None,None,None,None,None,None,None,None,None,None,None,None,None,None,None,None,None,None,None,None,None,None,None,None,None,None,None,None,None,None,None,None,None,None,None,None,None,None,None,None,None,34000000,USD,None,None,None,None,None,None,None,None,25951000,None,None,None,None,None,None,None,None,None,0,None,None,None,nan,nan
17,2016-03-31,USD,23110000,0,6952000,0,0,0,0,0,0,0,0,None,16158000,0,4198000,None,None,None,0,0,0,0,0,0,0,0,None,USD,None,None,None,None,None,None,None,None,None,None,None,None,None,None,None,None,None,None,None,None,None,None,None,None,None,None,None,None,None,None,None,None,None,None,None,None,None,None,None,None,None,None,None,None,None,None,None,None,32000000,USD,None,None,None,None,None,None,None,None,None,None,None,None,None,None,None,None,None,None,0,None,None,None,nan,nan
18,2015-12-31,USD,20685000,22186000,9920000,69190000,47004000,9020000,0,0,9020000,0,22186000,None,10765000,0,-10527000,None,None,None,0,-2556000,0,0,-28331000,0,18673000,9020000,None,USD,1104032000,None,None,None,532306000,571726000,3877000,21786000,315000,-42459000,189000,None,1056929000,41837000,27160000,504957000,504957000,-74000,None,47489000,1052666000,571726000,None,5266000,504957000,None,5374000,None,None,None,None,None,None,None,None,None,None,None,None,None,None,None,None,None,None,None,None,None,25000000,USD,None,0,None,None,198872000,423028000,-2648000,432000,18673000,33083000,-389945000,None,-1984000,-35550000,262354000,None,1233000,-411334000,0,None,None,None,nan,nan
19,2015-09-30,USD,19601000,0,9267000,0,0,9653000,0,0,9653000,0,0,None,10334000,0,0,None,None,None,0,0,0,0,0,0,0,9653000,None,USD,None,None,None,None,None,None,None,None,None,None,None,None,None,None,None,None,None,None,None,None,None,None,None,None,None,None,None,None,None,None,None,None,None,None,None,None,None,None,None,None,None,None,None,None,None,None,None,None,27000000,USD,None,None,None,None,None,None,None,None,9653000,None,None,None,None,None,None,None,None,None,0,None,None,None,nan,nan
