,fiscalDateEnding,reportedCurrency_x,totalRevenue,totalOperatingExpense,costOfRevenue,grossProfit,ebit,netIncome_x,researchAndDevelopment,effectOfAccountingCharges,incomeBeforeTax,minorityInterest,sellingGeneralAdministrative,otherNonOperatingIncome,operatingIncome,otherOperatingExpense,interestExpense,taxProvision,interestIncome,netInterestIncome,extraordinaryItems,nonRecurring,otherItems,incomeTaxExpense,totalOtherIncomeExpense,discontinuedOperations,netIncomeFromContinuingOperations,netIncomeApplicableToCommonShares,preferredStockAndOtherAdjustments,reportedCurrency_y,totalAssets,intangibleAssets,earningAssets,otherCurrentAssets,totalLiabilities,totalShareholderEquity,deferredLongTermLiabilities,otherCurrentLiabilities,commonStock,retainedEarnings,otherLiabilities,goodwill,otherAssets,cash,totalCurrentLiabilities,shortTermDebt,currentLongTermDebt,otherShareholderEquity,propertyPlantEquipment,totalCurrentAssets,longTermInvestments,netTangibleAssets,shortTermInvestments,netReceivables,longTermDebt,inventory,accountsPayable,totalPermanentEquity,additionalPaidInCapital,commonStockTotalEquity,preferredStockTotalEquity,retainedEarningsTotalEquity,treasuryStock,accumulatedAmortization,otherNonCurrrentAssets,deferredLongTermAssetCharges,totalNonCurrentAssets,capitalLeaseObligations,totalLongTermDebt,otherNonCurrentLiabilities,totalNonCurrentLiabilities,negativeGoodwill,warrants,preferredStockRedeemable,capitalSurplus,liabilitiesAndShareholderEquity,cashAndShortTermInvestments,accumulatedDepreciation,commonStockSharesOutstanding,reportedCurrency,investments,changeInLiabilities,cashflowFromInvestment,otherCashflowFromInvestment,netBorrowings,cashflowFromFinancing,otherCashflowFromFinancing,changeInOperatingActivities,netIncome_y,changeInCash,operatingCashflow,otherOperatingCashflow,depreciation,dividendPayout,stockSaleAndPurchase,changeInInventory,changeInAccountReceivables,changeInNetIncome,capitalExpenditures,changeInReceivables,changeInExchangeRate,changeInCashAndCashEquivalents,clossingVal,nextClossingVal
0,2020-06-30,USD,0,6782000,None,None,-6782000,-6246000,4447000,None,-6246000,None,2335000,None,-6782000,None,None,0,None,536000,None,None,None,None,None,None,-6246000,-6246000,None,USD,145920000,None,None,None,16453000,129467000,None,None,227000,-371552000,5603000,None,3732000,None,8062000,None,None,None,5034000,137154000,None,129467000,None,None,None,None,None,None,None,None,None,None,None,None,None,None,8766000,3307000,None,None,8391000,None,None,None,None,None,None,None,None,USD,None,None,None,None,None,None,None,None,-6246000,None,None,None,None,None,None,None,None,None,0,None,None,None,15.02,
1,2020-03-31,USD,0,7398000,0,0,-7398000,-7128000,4712000,None,-7128000,None,2686000,None,-7398000,None,None,0,270000,270000,None,None,None,None,None,None,-7128000,-7128000,None,USD,131146000,None,None,None,17032000,114114000,None,None,114114000,None,5509000,None,3591000,121192000,8707000,None,None,114114000,5270000,122285000,None,114114000,None,None,None,None,None,None,None,None,None,None,None,None,8861000,None,8861000,3305000,None,None,8325000,None,None,None,None,None,121192000,None,70000000,USD,None,0,None,None,None,None,None,None,-7128000,None,None,None,None,None,None,None,None,None,0,None,None,None,7.26,15.02
2,2019-12-31,USD,0,6693000,0,0,-6693000,-6461000,4314000,None,-6461000,None,2379000,None,-6693000,None,None,0,232000,315000,None,None,None,None,232000,None,-6461000,-6461000,None,USD,53763000,None,None,652000,15442000,38321000,None,774000,187000,-358178000,5645000,None,3178000,9187000,6819000,None,None,None,5585000,45000000,None,38321000,34040000,35000,None,None,1088000,None,None,None,None,None,None,None,8763000,None,8763000,3578000,None,None,8623000,None,None,None,396312000,None,43227000,None,64000000,USD,None,0,5330000,5485000,None,25931000,None,None,-6461000,3373000,-27888000,None,989000,None,25931000,None,None,None,155000,None,None,None,5.96,7.26
3,2019-09-30,USD,0,6665000,0,0,-6665000,-6491000,4297000,None,-6491000,None,2368000,None,-6665000,None,None,0,174000,174000,None,None,None,None,348000,None,-6491000,-6491000,None,USD,57329000,None,None,None,15465000,41864000,None,898000,41864000,None,5646000,None,3098000,47638000,6727000,None,None,41864000,5878000,48353000,None,41864000,None,715000,None,None,5200000,None,None,None,None,None,None,None,8976000,None,8976000,3721000,None,None,8738000,None,None,None,None,None,47638000,None,65000000,USD,None,0,None,None,None,None,None,None,-6491000,None,None,None,None,None,None,None,None,None,0,None,None,None,4.23,5.96
4,2019-06-30,USD,0,7007000,0,0,-7007000,-5977000,4870000,None,-6699000,None,2137000,None,-7007000,None,None,-722000,308000,308000,None,None,None,-722000,308000,None,-5977000,-5977000,None,USD,48265000,None,None,633000,16470000,31795000,None,898000,170000,-345226000,5900000,None,3230000,5596000,7021000,None,None,31795000,7258000,37777000,None,31795000,30746000,802000,None,None,1150000,None,None,None,None,None,None,None,10488000,None,10488000,4733000,None,None,9449000,None,None,None,None,None,36342000,None,61000000,USD,None,0,8658000,8687000,None,7519000,None,None,-5977000,-237000,-16414000,None,561000,None,7519000,None,None,None,29000,None,None,None,3.84,4.23
5,2019-03-31,USD,0,8514000,0,0,-8514000,-8408000,6335000,None,-8408000,None,2179000,None,-8514000,None,None,0,106000,106000,None,None,None,None,106000,None,-8408000,-8408000,None,USD,50885000,None,None,None,17604000,33281000,None,1053000,33281000,None,6039000,None,779000,38154000,7766000,1142000,1142000,33281000,7839000,39682000,None,33281000,None,1528000,3799000,None,5571000,None,None,None,None,None,None,None,11203000,None,11203000,4941000,None,None,9838000,None,None,None,None,None,38154000,None,60000000,USD,None,0,None,None,None,None,None,None,-8408000,None,None,None,None,None,None,None,None,None,0,None,None,None,4.14,3.84
6,2018-12-31,USD,10000000,9676000,350000,9650000,-9676000,-9399000,7464000,0,-9399000,0,2212000,None,-9676000,0,0,None,None,None,0,0,0,0,277000,0,-9399000,-9399000,None,USD,53180000,None,None,605000,15937000,37243000,None,1089000,164000,-330841000,5948000,None,3230000,5861000,9989000,None,None,None,3372000,46578000,None,37243000,39209000,109000,3003000,None,2946000,None,None,None,None,None,None,None,None,None,None,None,None,None,None,None,None,None,367920000,None,45070000,None,55000000,USD,None,0,-35159000,-35001000,None,28396000,None,None,-9399000,-20054000,-13291000,None,1394000,None,28396000,None,None,None,158000,None,None,None,2.17,4.14
7,2018-09-30,USD,7800000,11132000,684000,7116000,-3332000,-3111000,7759000,0,-3111000,0,2689000,None,-3332000,0,0,None,None,None,0,0,0,0,221000,0,-3111000,-3111000,None,USD,51022000,None,None,1789000,12855000,38167000,None,None,38167000,None,3197000,None,2876000,34901000,9658000,None,None,None,3656000,44490000,None,38167000,None,9589000,None,None,9658000,None,None,None,None,None,None,None,None,None,None,None,None,None,None,None,None,None,None,None,None,None,57000000,USD,None,0,None,None,None,None,None,None,-3111000,None,None,None,None,None,None,None,None,None,0,None,None,None,3.85,2.17
8,2018-06-30,USD,10000000,10334000,-350000,-9650000,-10334000,-10193000,8027000,0,-10193000,0,2307000,None,-10334000,0,11000,None,None,None,0,0,0,0,141000,0,-10193000,-10193000,None,USD,51038000,None,None,634000,10491000,40547000,None,5741000,157000,-318331000,2994000,None,2699000,10305000,7497000,None,None,None,3967000,44372000,None,40547000,32151000,1282000,None,None,1756000,None,None,None,None,None,None,None,None,None,None,None,None,None,None,None,None,None,None,None,None,None,53000000,USD,None,0,None,None,None,20600000,None,None,-10193000,None,None,None,None,None,None,None,None,None,128000,None,None,None,3.3,3.85
9,2018-03-31,USD,10000000,9885000,350000,9650000,115000,104000,7068000,0,104000,0,2467000,None,115000,0,-11000,None,None,None,0,0,0,0,-11000,0,104000,104000,None,USD,39068000,None,None,1451000,8663000,30405000,None,None,30405000,None,3155000,None,2812000,20531000,5508000,None,None,None,4274000,31982000,None,30405000,None,11451000,None,None,5508000,None,None,None,None,None,None,None,None,None,None,None,None,None,None,None,None,None,None,None,None,None,52000000,USD,None,0,None,None,None,None,None,None,104000,None,None,None,None,None,None,None,None,None,0,None,None,None,4.45,3.3
10,2017-12-31,USD,0,11756000,0,0,-11756000,-11665000,7170000,0,-11665000,0,18592000,None,-11756000,0,15000,None,None,None,0,0,0,0,91000,0,-11665000,-11665000,None,USD,38746000,None,None,707000,9449000,29297000,None,2749000,140000,-308242000,3255000,None,2920000,25470000,6194000,None,None,17000,4647000,31179000,2810000,29297000,4968000,34000,None,None,3445000,None,None,None,None,None,None,None,None,None,None,None,None,None,None,None,None,None,None,None,None,None,51000000,USD,46660000,1564000,46275000,None,None,201000,None,651000,-37066000,15818000,-30658000,None,1593000,None,201000,None,247000,2600000,385000,None,None,None,2.5,4.45
11,2017-09-30,USD,0,51524000,0,0,-51524000,-51051000,7620000,0,-51051000,0,-11319000,None,-51524000,0,44000,None,None,None,0,0,0,0,473000,0,-51051000,-51051000,None,USD,47090000,None,None,910000,9092000,37998000,None,None,37998000,None,3238000,None,2802000,38457000,5854000,None,None,None,4921000,39367000,None,37998000,None,910000,None,None,5854000,None,None,None,None,None,None,None,None,None,None,None,None,None,None,None,None,None,None,None,None,None,51000000,USD,None,0,None,None,None,None,None,None,-9871000,None,None,None,None,None,None,None,None,None,0,None,None,None,3.8,2.5
12,2017-06-30,USD,0,-34658000,0,0,34658000,34357000,7063000,0,34357000,0,17220000,None,34658000,0,-11000,None,None,None,0,0,0,0,-301000,0,34357000,34357000,None,USD,55624000,None,None,1433000,8400000,47224000,None,2947000,140000,-289061000,3333000,None,2815000,16914000,5067000,None,None,326000,5265000,47544000,None,47224000,29197000,1433000,None,None,2120000,None,None,None,None,None,None,None,None,None,None,None,None,None,None,None,None,None,None,None,None,None,51000000,USD,None,0,22267000,None,None,None,None,None,-9178000,None,None,None,None,None,None,None,None,None,240000,None,None,None,3.8,3.8
13,2017-03-31,USD,0,8783000,0,0,-8783000,-8707000,6730000,0,-8707000,0,2053000,None,-8783000,0,0,None,None,None,0,0,0,0,76000,0,-8707000,-8707000,None,USD,64184000,None,None,1361000,8416000,55768000,None,None,55768000,None,3163000,None,2693000,54491000,5253000,None,None,None,5639000,55852000,None,55768000,None,1361000,None,None,5253000,None,None,None,None,None,None,None,None,None,None,None,None,None,None,None,None,None,None,None,None,None,51000000,USD,None,0,None,None,None,None,None,None,-8707000,None,None,None,None,None,None,None,None,None,0,None,None,None,4.3,3.8
14,2016-12-31,USD,53000,25258000,16047000,440000,-24616000,-23725000,6308000,0,-31486000,0,8523000,None,-24616000,0,147000,None,None,None,0,0,0,20000,1097000,0,-31506000,-31506000,None,USD,71139000,None,None,1078000,7620000,63519000,None,3466000,140000,-270965000,2880000,None,2494000,9709000,4740000,None,None,7000,5965000,62680000,2402000,63519000,51818000,75000,None,None,1274000,None,None,None,None,None,None,None,None,None,None,None,None,None,None,None,None,None,None,None,None,None,51000000,USD,18808000,-917000,16293000,84000,None,2458000,18892000,518000,-31506000,-1152000,-19819000,None,1484000,None,2458000,None,8103000,2802000,2599000,None,None,None,5.1,4.3
15,2016-09-30,USD,70000,37000,-15743000,49000,-967000,-781000,6004000,0,0,0,0,None,-967000,0,-124000,None,None,None,0,0,0,-20000,0,0,0,0,None,USD,77907000,None,None,1242000,7555000,70352000,None,53000,70352000,-271000000,2902000,None,2504000,68021000,4653000,None,None,None,6066000,69337000,None,None,74000,1242000,None,None,4600000,None,None,None,None,None,None,None,None,None,None,None,None,None,None,None,None,None,None,None,None,None,51000000,USD,None,None,None,None,None,None,None,None,-7781000,None,None,None,None,None,None,None,None,None,0,None,None,None,6.3,5.1
16,2016-06-30,USD,496000,8000000,15764000,0,-7000000,-7000000,5463000,0,0,0,0,None,-7000000,0,0,None,None,None,0,0,0,20000,0,0,0,0,None,USD,84460000,None,None,1332000,7327000,77133000,None,3226000,139000,-255000000,2789000,None,2377000,19325000,4538000,None,None,None,6169000,76000000,None,None,54857000,2000000,None,None,1312000,None,None,None,None,None,None,None,None,None,None,None,None,None,None,None,None,None,None,None,None,None,51000000,USD,None,None,15089000,None,None,1190000,None,None,-7000000,None,None,None,None,None,None,None,7767000,None,701000,None,None,None,6.48,6.3
17,2015-12-31,USD,8313000,30195000,1036000,7644000,-20918000,-20163000,5801000,0,-19773000,0,8004000,None,-20918000,0,60000,None,None,None,0,0,0,390000,1145000,0,-20163000,-20163000,None,USD,99307000,None,None,727000,9410000,89897000,None,4853000,138000,-239459000,2556000,None,2280000,10777000,6854000,None,None,421000,6028000,90999000,2179000,89897000,71070000,8311000,None,None,2001000,None,None,None,None,None,None,None,None,None,None,None,None,None,None,None,None,None,None,None,None,None,51000000,USD,13423000,-654000,9769000,-534000,None,972000,12889000,-1169000,-20163000,-14332000,-25607000,None,1106000,None,972000,None,-7800000,3073000,3120000,None,None,None,6.39,6.48
