,fiscalDateEnding,reportedCurrency_x,totalRevenue,totalOperatingExpense,costOfRevenue,grossProfit,ebit,netIncome_x,researchAndDevelopment,effectOfAccountingCharges,incomeBeforeTax,minorityInterest,sellingGeneralAdministrative,otherNonOperatingIncome,operatingIncome,otherOperatingExpense,interestExpense,taxProvision,interestIncome,netInterestIncome,extraordinaryItems,nonRecurring,otherItems,incomeTaxExpense,totalOtherIncomeExpense,discontinuedOperations,netIncomeFromContinuingOperations,netIncomeApplicableToCommonShares,preferredStockAndOtherAdjustments,reportedCurrency_y,totalAssets,intangibleAssets,earningAssets,otherCurrentAssets,totalLiabilities,totalShareholderEquity,deferredLongTermLiabilities,otherCurrentLiabilities,commonStock,retainedEarnings,otherLiabilities,goodwill,otherAssets,cash,totalCurrentLiabilities,shortTermDebt,currentLongTermDebt,otherShareholderEquity,propertyPlantEquipment,totalCurrentAssets,longTermInvestments,netTangibleAssets,shortTermInvestments,netReceivables,longTermDebt,inventory,accountsPayable,totalPermanentEquity,additionalPaidInCapital,commonStockTotalEquity,preferredStockTotalEquity,retainedEarningsTotalEquity,treasuryStock,accumulatedAmortization,otherNonCurrrentAssets,deferredLongTermAssetCharges,totalNonCurrentAssets,capitalLeaseObligations,totalLongTermDebt,otherNonCurrentLiabilities,totalNonCurrentLiabilities,negativeGoodwill,warrants,preferredStockRedeemable,capitalSurplus,liabilitiesAndShareholderEquity,cashAndShortTermInvestments,accumulatedDepreciation,commonStockSharesOutstanding,reportedCurrency,investments,changeInLiabilities,cashflowFromInvestment,otherCashflowFromInvestment,netBorrowings,cashflowFromFinancing,otherCashflowFromFinancing,changeInOperatingActivities,netIncome_y,changeInCash,operatingCashflow,otherOperatingCashflow,depreciation,dividendPayout,stockSaleAndPurchase,changeInInventory,changeInAccountReceivables,changeInNetIncome,capitalExpenditures,changeInReceivables,changeInExchangeRate,changeInCashAndCashEquivalents,clossingVal,nextClossingVal
0,2020-06-30,USD,169097000,124919000,50320000,118777000,-2312000,-1142000,30397000,None,-2312000,None,60153000,3830000,-6142000,None,None,-1170000,None,None,None,34369000,None,-1170000,-31613000,None,-1142000,-1142000,None,USD,1934864000,17337000,None,51768000,558386000,1376478000,326295000,54366000,346000,702597000,392597000,242436000,451774000,286021000,144581000,None,None,-36877000,83936000,646475000,467087000,1116705000,143084000,112649000,None,52953000,90215000,None,None,346000,None,702597000,None,None,33861000,None,443732000,28836000,None,87510000,413805000,None,None,None,710412000,1934864000,429105000,None,None,USD,7629000,-7594000,3718000,None,None,27756000,-1039000,-8970000,-1142000,45352000,13878000,3683000,6947000,-9469000,38264000,-6618000,-11139000,29741000,3911000,-11139000,None,45352000,59.72,
1,2020-03-31,USD,167235000,105084000,41200000,126035000,22994000,20477000,35946000,None,22994000,None,69138000,2043000,20951000,None,None,2517000,None,None,None,None,None,2517000,2043000,None,20477000,20477000,None,USD,1885077000,38102000,None,35913000,557584000,1327493000,330532000,31802000,344000,713208000,394524000,242214000,458471000,239197000,150644000,None,None,-50191000,86702000,595287000,446955000,1047177000,159244000,105948000,None,54985000,118842000,None,None,344000,None,713208000,None,None,25537000,None,450280000,17966000,None,76408000,406940000,None,None,None,664132000,1885077000,398441000,None,176000000,USD,62596000,30718000,59522000,62596000,None,-50568000,-1039000,1835000,20477000,74096000,65142000,-11428000,7125000,-9503000,-41065000,4954000,2182000,11114000,3074000,2182000,None,74096000,42.22,59.72
2,2019-12-31,USD,169769000,107291000,44871000,124898000,22921000,80327000,32991000,None,22921000,None,74300000,5314000,17607000,None,None,-57406000,5341000,None,None,None,None,24336000,5314000,None,-1415000,80327000,None,USD,1885935000,39490000,None,26840000,530225000,1355710000,332344000,20079000,345000,753268000,397422000,243445000,455352000,171431000,120477000,None,None,-37275000,89443000,607231000,433452000,1072775000,240470000,108229000,None,60261000,100398000,None,None,345000,None,753268000,None,None,23355000,449519000,1278704000,17973000,None,77404000,409748000,None,None,None,639372000,1885935000,411901000,None,172440000,USD,132754000,37406000,-42384000,-166911000,None,23359000,-1039000,10823000,80327000,48886000,67911000,7934000,6926000,-9442000,32801000,5118000,5420000,-81650000,8227000,11850000,844000,49730000,56.04,42.22
3,2019-09-30,USD,183325000,92601000,47632000,135693000,47367000,41685000,28115000,None,47367000,None,64486000,4275000,43092000,None,None,5682000,None,None,None,None,None,5682000,4275000,None,41685000,41685000,None,USD,1390452000,7994000,None,28127000,151234000,1239218000,289000,15876000,342000,682383000,59297000,113208000,34593000,121701000,81215000,None,None,-37934000,88429000,625781000,504641000,1118016000,292072000,118617000,None,65264000,65339000,None,None,342000,None,682383000,None,None,21126000,29273000,764671000,16167000,None,69730000,70019000,None,None,None,594427000,1390452000,413773000,None,174000000,USD,-23713000,-3347000,-28262000,-101434000,None,-3173000,-1039000,6060000,41685000,33729000,65164000,5617000,5623000,-8536000,5363000,7625000,4000,8868000,4549000,-907000,-1132000,32597000,49.13,56.04
4,2019-06-30,USD,199047000,96324000,50967000,148080000,56975000,48749000,28079000,None,56975000,None,68245000,5219000,51756000,None,None,8226000,5363000,None,None,None,None,8226000,5219000,None,48749000,48749000,None,USD,1349920000,8575000,None,34451000,158280000,1191640000,None,24167000,341000,649234000,60448000,113208000,33961000,89104000,85683000,None,None,-36806000,89342000,678874000,408032000,1069857000,364487000,117943000,None,72889000,61516000,None,None,341000,None,649234000,None,None,23352000,28537000,671046000,17984000,None,72597000,72597000,None,None,None,578871000,1349920000,453591000,None,175000000,USD,-12697000,-8019000,-16588000,-77721000,None,-58201000,-9442000,-4967000,48749000,-15900000,58889000,-4405000,7250000,-8582000,-49619000,6321000,-1444000,10536000,3891000,-1543000,-292000,-16192000,47.98,49.13
5,2019-03-31,USD,173484000,97053000,46284000,127200000,35731000,33104000,30242000,None,35731000,None,66811000,5584000,30147000,None,None,2627000,4657000,None,None,None,None,2627000,5584000,None,33104000,33104000,None,USD,1353772000,9344000,None,30778000,164913000,1188859000,None,22008000,343000,670754000,59915000,113208000,32294000,105296000,93045000,5383000,5383000,-38072000,91273000,773245000,317054000,1066307000,441337000,116626000,11953000,79208000,71037000,None,None,343000,None,670754000,None,None,21052000,28596000,580527000,17336000,None,71868000,71868000,None,None,None,555834000,1353772000,546633000,None,171537000,USD,-65024000,-4204000,-70102000,-65024000,None,5782000,-9442000,-8956000,33104000,-3059000,61261000,2752000,4483000,-8564000,14346000,4073000,12827000,10116000,5078000,10937000,143000,-2916000,50.86,47.98
6,2018-12-31,USD,193286000,95214000,52825000,140461000,48749000,45418000,28781000,0,48749000,0,66433000,3502000,45247000,0,0,None,None,None,-11028000,0,0,3331000,3502000,0,45418000,45418000,None,USD,1289667000,10113000,None,34000000,154404000,1135263000,962000,9845000,342000,646214000,63047000,113208000,32585000,108212000,91357000,None,None,-40501000,91396000,780326000,262039000,1011942000,427348000,127484000,None,83282000,81512000,None,None,342000,None,646214000,None,None,3925000,28660000,509341000,None,None,62085000,63047000,None,None,None,529208000,1289667000,535560000,None,170820000,USD,11461000,-15764000,-2543000,-4265000,None,-69241000,-8582000,-7433000,45418000,-22000,71762000,-5547000,5753000,-8582000,-60659000,10753000,21905000,9244000,9739000,21905000,863000,841000,38.67,50.86
7,2018-09-30,USD,232221000,95517000,58860000,173361000,81273000,80436000,29700000,0,81273000,0,65817000,3429000,77844000,0,0,None,None,None,0,0,0,837000,3429000,0,80436000,80436000,None,USD,1324696000,10882000,None,27687000,175252000,1149444000,372000,13252000,345000,670935000,64099000,113208000,31249000,107371000,111153000,None,None,-40392000,88930000,798498000,281929000,1025354000,420016000,149389000,0,94035000,97901000,0,0,345000,0,670935000,0,None,3873000,27376000,526198000,None,None,63727000,64099000,None,None,None,518556000,1324696000,527387000,None,177000000,USD,-75747000,-22127000,-81428000,0,None,-17642000,-8582000,25841000,80436000,-19994000,79076000,17909000,5398000,-7759000,-9883000,-4479000,-9702000,11641000,5681000,-9702000,-1837000,-21831000,55.82,38.67
8,2018-06-30,USD,211264000,93640000,54169000,157095000,66573000,56196000,26888000,0,66573000,0,66752000,3118000,63455000,0,0,None,None,None,0,0,0,10377000,3118000,0,56196000,56196000,None,USD,1276310000,11651000,None,47362000,197178000,1079132000,304000,40881000,344000,619212000,72578000,113208000,32070000,129202000,124600000,None,None,-38767000,87893000,759547000,271941000,954273000,353740000,139687000,0,89556000,83719000,0,0,344000,0,619212000,0,None,2178000,29892000,516763000,None,None,72274000,72578000,None,None,None,498343000,1276310000,482942000,None,177000000,USD,68590000,9110000,60185000,0,None,-57155000,-1000000,-17399000,56196000,20860000,17830000,-21660000,5251000,-7737000,-48418000,4101000,-43195000,8027000,8405000,-43195000,-1230000,19630000,44.61,55.82
9,2018-03-31,USD,169567000,94773000,40198000,129369000,37979000,37217000,31076000,0,37979000,0,63697000,3383000,34596000,0,0,None,None,None,0,0,0,762000,3383000,0,37217000,37217000,None,USD,1268915000,12420000,None,26068000,191816000,1077099000,319000,15504000,346000,622856000,78798000,113208000,31352000,109572000,113018000,None,None,-31757000,85205000,670549000,356181000,951471000,337629000,100881000,0,96399000,97514000,0,0,346000,0,622856000,0,None,2217000,29135000,598366000,None,None,78479000,78798000,None,None,None,485654000,1268915000,447201000,None,172948000,USD,26229000,1445000,12959000,0,None,-65866000,-1000000,-11217000,37217000,1879000,54786000,-1290000,5255000,-7787000,-58079000,-27321000,28219000,11261000,13270000,28219000,1111000,2990000,51.99,44.61
10,2017-12-31,USD,180365000,87615000,40642000,139723000,54004000,-26897000,26980000,0,54004000,0,60635000,1896000,52108000,0,0,None,None,None,0,0,0,-98587000,7603000,0,152591000,-26897000,None,USD,1287870000,13189000,None,30800000,192517000,1095353000,312000,9969000,347000,668267000,79133000,113208000,579714000,106582000,113072000,None,None,-34599000,78048000,630108000,423441000,968956000,297961000,126842000,0,67923000,103103000,0,0,347000,0,668267000,0,None,2491000,27385000,657762000,None,None,79133000,79445000,None,None,None,461338000,1287870000,404543000,None,85939000,USD,-64960000,60916000,-73670000,-291000,None,-22362000,-1926000,8675000,-26897000,-11763000,84269000,7432000,4658000,-7801000,-14561000,-18538000,-59789000,12098000,8710000,44600000,6996000,-4767000,61.16,51.99
11,2017-09-30,USD,259739000,87132000,62360000,197379000,112150000,102348000,26078000,0,112150000,0,61054000,1903000,110247000,0,0,None,None,None,0,0,0,9802000,0,0,102348000,102348000,None,USD,1258517000,14427000,None,38824000,124994000,1133523000,0,16072000,173000,727319000,15468000,113208000,547477000,111349000,109526000,None,None,-37101000,65957000,645083000,386501000,1005888000,273261000,173588000,0,48061000,93454000,0,0,173000,0,727319000,0,None,2817000,30524000,613434000,None,None,15468000,15468000,None,None,None,443132000,1258517000,384610000,None,179000000,USD,37525000,18043000,31054000,1401000,None,-36602000,-1926000,23578000,102348000,43886000,49434000,14602000,4339000,-7372000,-27304000,-10839000,58379000,3174000,7872000,-82233000,-803000,43083000,110.28,61.16
12,2017-06-30,USD,172904000,75895000,37471000,135433000,61323000,56072000,23377000,0,61323000,0,52518000,1785000,59538000,0,0,None,None,None,0,0,0,5251000,0,0,56072000,56072000,None,USD,1160998000,15226000,None,50157000,109022000,1051976000,5215000,18011000,173000,669347000,15403000,115089000,517954000,68266000,88404000,None,None,-42950000,61196000,581848000,354658000,921661000,342402000,84532000,0,36491000,70393000,0,0,173000,0,669347000,0,None,3300000,29681000,579150000,None,None,15403000,20618000,None,None,None,425406000,1160998000,410668000,None,None,USD,-3012000,10515000,-34432000,-25343000,None,-33732000,-1926000,-11408000,56072000,-25259000,42905000,-14649000,4158000,-7367000,-26365000,-2325000,18841000,10005000,6077000,-20871000,1097000,-24162000,84.9,110.28
13,2017-03-31,USD,134942000,69291000,28225000,106717000,39445000,45655000,22770000,0,39445000,0,46521000,2019000,37426000,0,0,None,None,None,0,0,0,-6210000,0,0,45655000,45655000,None,USD,1096244000,7440000,None,33349000,85032000,1011212000,0,13801000,173000,652917000,9516000,95280000,445045000,92428000,75516000,None,None,-53528000,57255000,593944000,312850000,908492000,376027000,59525000,0,32615000,61715000,0,0,173000,0,652917000,0,None,2379000,27096000,502300000,None,None,9516000,9516000,None,None,None,411650000,1096244000,468455000,None,None,USD,-21945000,9686000,-28507000,-467000,None,-7425000,-1926000,-13060000,45655000,11783000,47715000,-13060000,4041000,-6497000,-928000,-5386000,2238000,8064000,6095000,-1285000,1004000,12787000,83.95,84.9
14,2016-12-31,USD,129322000,62425000,26660000,102662000,43191000,38253000,19440000,0,43191000,0,42985000,2954000,40237000,0,0,None,None,None,0,0,0,-32998000,8011000,-1530000,76189000,38253000,None,USD,1038604000,8312000,None,20870000,76005000,962599000,0,8211000,172000,643825000,10232000,95280000,458268000,79641000,65773000,None,None,-56428000,53992000,526344000,324335000,859007000,341194000,57655000,0,26984000,57562000,0,0,172000,0,643825000,0,None,2319000,28022000,512260000,None,None,10232000,10232000,None,None,None,375030000,1038604000,420835000,None,85939000,USD,-24870000,-4409000,-38997000,-11802000,None,-14283000,-337000,4170000,38253000,22143000,75423000,2280000,4032000,-6452000,-7831000,-371000,-15559000,3409000,2325000,32229000,-3647000,18496000,63.62,83.95
15,2016-09-30,USD,147952000,60675000,32749000,115203000,56342000,53675000,18603000,0,56342000,0,42072000,1814000,54528000,0,0,None,None,None,0,0,0,2667000,0,1530000,53675000,53675000,None,USD,1020087000,4716000,None,21921000,76139000,943948000,346000,15905000,171000,640230000,6719000,82831000,433529000,61145000,69074000,None,None,-46434000,55730000,530828000,315927000,856401000,328378000,92158000,0,27226000,53169000,0,0,171000,0,640230000,0,None,2526000,27529000,489259000,None,None,6719000,7065000,None,None,None,349981000,1020087000,389523000,None,None,USD,-41029000,-1040000,-48656000,-2483000,None,-2258000,None,1118000,53675000,6216000,57347000,1118000,3777000,-6426000,4168000,-1184000,37802000,5545000,5144000,-4544000,-217000,6216000,52.86,63.62
16,2016-06-30,USD,147274000,62386000,35213000,112061000,51674000,42759000,19671000,0,51674000,0,42715000,1999000,49675000,0,0,None,None,None,0,0,0,8660000,0,-255000,43014000,42759000,None,USD,964440000,4453000,None,23601000,77796000,886644000,326000,15733000,170000,603204000,8281000,81448000,425310000,54929000,69189000,None,None,-47699000,53406000,485724000,307703000,800743000,294593000,86719000,0,25882000,53456000,0,0,170000,0,603204000,0,None,2623000,29083000,478716000,None,None,8281000,8607000,None,None,None,330969000,964440000,349522000,None,None,USD,-32437000,14899000,-34179000,-113000,None,-10180000,-337000,-10385000,42759000,-24985000,21731000,-10234000,3716000,-6385000,-3458000,9318000,17737000,3492000,3110000,-42219000,-876000,-24985000,43.1,52.86
17,2016-03-31,USD,96205000,58893000,20968000,75237000,17588000,14885000,20555000,0,17588000,0,38338000,1244000,16344000,0,0,None,None,None,0,0,0,2703000,0,0,14885000,14885000,None,USD,913637000,5270000,None,12512000,62918000,850719000,334000,11862000,170000,529297000,8279000,81448000,367294000,79914000,54305000,None,None,-46251000,53413000,492930000,249760000,764001000,319789000,45095000,0,35620000,42443000,0,0,170000,0,575548000,0,None,2615000,28201000,420707000,None,None,8279000,8613000,None,None,None,321252000,913637000,399703000,None,None,USD,3718000,-670000,1481000,0,None,-2510000,None,None,14885000,26551000,27580000,3327000,3927000,-5950000,3440000,2646000,0,4490000,2237000,-1025000,1388000,27939000,38.95,43.1
18,2015-12-31,USD,-27727000,50576000,45744000,67917000,-58094000,18746000,16436000,0,20196000,0,34140000,-75435000,17341000,0,0,None,None,None,0,0,0,-36224000,418000,79410000,56420000,18746000,None,USD,887756000,6315000,None,15871000,62089000,825667000,0,11571000,170000,566613000,8082000,81448000,382873000,51975000,54007000,None,None,-52124000,53285000,451598000,273088000,737904000,296468000,49950000,0,37334000,42436000,0,0,170000,0,566613000,0,None,2609000,19413000,436158000,None,None,8082000,8082000,None,None,None,311008000,887756000,348443000,None,84856000,USD,-59120000,-14980000,-64439000,-108000,None,-5756000,27000,-1961000,18746000,-25890000,44305000,3241000,3846000,-5925000,142000,1906000,-4192000,4116000,5211000,27430000,-1698000,-27588000,33.77,38.95
19,2015-09-30,USD,107587000,52783000,26319000,81268000,107553000,104112000,16977000,0,29263000,0,35806000,79068000,28485000,0,0,None,None,None,0,0,0,3441000,0,0,25822000,104112000,None,USD,887400000,7361000,None,14469000,74607000,812793000,0,15311000,170000,553792000,6785000,81448000,350160000,79563000,67822000,None,None,-47513000,51105000,486135000,240504000,723984000,272584000,79678000,0,39841000,52511000,0,0,170000,0,553792000,0,None,2778000,18069000,401265000,None,None,6785000,6785000,None,None,None,306344000,887400000,352147000,None,None,USD,-56023000,-83000,43958000,103473000,None,-89968000,579000,None,104112000,19403000,65413000,58579000,3586000,-6027000,-84520000,-163000,0,-74625000,3492000,-25993000,-1531000,17872000,34.385,33.77
