,fiscalDateEnding,reportedCurrency_x,totalRevenue,totalOperatingExpense,costOfRevenue,grossProfit,ebit,netIncome_x,researchAndDevelopment,effectOfAccountingCharges,incomeBeforeTax,minorityInterest,sellingGeneralAdministrative,otherNonOperatingIncome,operatingIncome,otherOperatingExpense,interestExpense,taxProvision,interestIncome,netInterestIncome,extraordinaryItems,nonRecurring,otherItems,incomeTaxExpense,totalOtherIncomeExpense,discontinuedOperations,netIncomeFromContinuingOperations,netIncomeApplicableToCommonShares,preferredStockAndOtherAdjustments,reportedCurrency_y,totalAssets,intangibleAssets,earningAssets,otherCurrentAssets,totalLiabilities,totalShareholderEquity,deferredLongTermLiabilities,otherCurrentLiabilities,commonStock,retainedEarnings,otherLiabilities,goodwill,otherAssets,cash,totalCurrentLiabilities,shortTermDebt,currentLongTermDebt,otherShareholderEquity,propertyPlantEquipment,totalCurrentAssets,longTermInvestments,netTangibleAssets,shortTermInvestments,netReceivables,longTermDebt,inventory,accountsPayable,totalPermanentEquity,additionalPaidInCapital,commonStockTotalEquity,preferredStockTotalEquity,retainedEarningsTotalEquity,treasuryStock,accumulatedAmortization,otherNonCurrrentAssets,deferredLongTermAssetCharges,totalNonCurrentAssets,capitalLeaseObligations,totalLongTermDebt,otherNonCurrentLiabilities,totalNonCurrentLiabilities,negativeGoodwill,warrants,preferredStockRedeemable,capitalSurplus,liabilitiesAndShareholderEquity,cashAndShortTermInvestments,accumulatedDepreciation,commonStockSharesOutstanding,reportedCurrency,investments,changeInLiabilities,cashflowFromInvestment,otherCashflowFromInvestment,netBorrowings,cashflowFromFinancing,otherCashflowFromFinancing,changeInOperatingActivities,netIncome_y,changeInCash,operatingCashflow,otherOperatingCashflow,depreciation,dividendPayout,stockSaleAndPurchase,changeInInventory,changeInAccountReceivables,changeInNetIncome,capitalExpenditures,changeInReceivables,changeInExchangeRate,changeInCashAndCashEquivalents,clossingVal,nextClossingVal
0,2020-06-30,USD,51451000,28468000,None,51451000,22983000,18251000,None,None,22983000,None,28468000,None,22983000,5448000,6242000,4732000,44312000,38070000,None,None,None,4732000,None,None,18251000,18251000,None,USD,5528772000,119417000,1366925000,None,4835022000,693750000,2598000,4411115000,47619000,565804000,74705000,None,3792423000,373254000,4411115000,None,None,31029000,77991000,5109180000,1081329000,574333000,1081329000,3654597000,None,None,None,None,None,47619000,None,565804000,-120583000,None,222184000,None,419592000,None,None,421309000,423907000,None,None,None,169881000,5528772000,1454583000,None,None,USD,-156972000,7397000,-158041000,-600000,48529000,393288000,358784000,2961000,18249000,262618000,27371000,-2294000,1447000,-9199000,-4826000,None,-1630000,4202000,469000,-1630000,None,262618000,65.17,
1,2020-03-31,USD,65790000,29468000,None,65790000,36322000,29000000,None,None,36322000,None,29468000,None,36322000,5537000,7802000,7322000,48217000,40415000,None,None,None,7322000,None,None,29000000,29000000,None,USD,5088449000,119829000,1041329000,None,4403221000,685228000,None,4052053000,47619000,556718000,54559000,None,3739486000,110636000,4052053000,None,9900000,27460000,78948000,4672803000,960940000,565399000,960940000,3601227000,9900000,None,None,None,None,47619000,None,556718000,-116665000,None,214710000,None,2159000,None,None,351168000,351168000,None,None,None,170096000,5088449000,1071576000,None,16000000,USD,-41708000,8937000,-43066000,1971000,18768000,-27060000,-23686000,1335000,29000000,-29508000,40618000,-6348000,1325000,-9293000,-12849000,None,-1001000,8705000,3329000,-1001000,None,-29508000,66.53,65.17
2,2019-12-31,USD,57964000,29034000,None,57964000,28930000,22611000,None,None,28930000,None,29034000,None,28930000,5107000,8702000,6319000,48547000,39845000,None,None,None,-41951000,-223000,None,70881000,22611000,None,USD,5018756000,120241000,958428000,58869000,4360773000,657983000,None,4075894000,47619000,539253000,50188000,108941000,3748125000,140144000,4075894000,None,0,5840000,76965000,1039345000,3604510000,537742000,887632000,11569000,4056000,4670000,4075894000,None,None,47619000,None,539253000,-105038000,None,171026000,None,6669000,None,4056000,280823000,284879000,None,None,None,170309000,5018756000,1027776000,None,16000000,USD,-51374000,-7809000,-50501000,2087000,8633000,45975000,47158000,33000,22611000,23950000,28476000,7221000,1966000,-9290000,-526000,None,1360000,3127000,1214000,1360000,None,23950000,81.95,66.53
3,2019-09-30,USD,56961000,28397000,None,56961000,28564000,22371000,None,None,28564000,None,28397000,None,28564000,5263000,9444000,6193000,49981000,40537000,None,None,None,6193000,59000,None,22371000,22371000,None,USD,4957717000,120773000,947908000,12929000,4308114000,649603000,None,4029578000,47619000,525933000,46959000,109048000,3725520000,116194000,4029578000,None,None,11395000,76929000,1007334000,3569385000,528830000,878211000,12929000,4055000,2326000,4029578000,None,None,47619000,None,525933000,-105138000,None,176864000,None,6432000,None,4055000,274481000,278536000,None,None,None,169794000,4957717000,994405000,None,16000000,USD,-56332000,10110000,-53727000,3103000,-4411000,-22302000,-1983000,171000,22371000,-52525000,23504000,-11425000,1269000,-8747000,-7161000,None,-210000,1389000,498000,-210000,None,-52525000,76.25,81.95
4,2019-06-30,USD,59336000,30772000,None,59336000,28564000,22751000,None,None,28564000,None,30772000,None,28564000,5971000,9327000,5813000,50238000,40911000,None,None,None,5813000,-1547000,None,22751000,22751000,None,USD,4940467000,121322000,1011074000,12719000,4303559000,636908000,None,4031636000,47619000,512911000,42695000,109015000,8835000,168719000,4031636000,None,None,5088000,78263000,1059051000,3505572000,515586000,877613000,12719000,4054000,2581000,4031636000,None,None,47619000,None,512911000,-98084000,None,167424000,None,8835000,None,4054000,267869000,271923000,None,None,None,169374000,4940467000,1046332000,None,16000000,USD,14314000,4468000,-11702000,-24575000,12350000,10274000,14566000,519000,22751000,24869000,26297000,-353000,803000,-8735000,-7907000,None,938000,-2310000,1441000,938000,None,24869000,76.26,76.25
5,2019-03-31,USD,56840000,29411000,0,56840000,27429000,21619000,None,None,27429000,None,29411000,None,27429000,5362000,8867000,5810000,48933000,40066000,None,None,None,5810000,-757000,None,21619000,21619000,None,USD,4917608000,121790000,943499000,13657000,4298367000,619241000,None,4043007000,47619000,498847000,43142000,108977000,3706207000,143850000,4043007000,None,0,-5851000,78747000,994096000,3544676000,497451000,836589000,13657000,4053000,3186000,4043007000,None,None,47619000,None,498847000,-91589000,None,165565000,None,12734000,None,4053000,251307000,255360000,None,None,None,170215000,4917608000,980439000,None,16000000,USD,14175000,-57000,12629000,30000,-67228000,-12136000,67704000,-5266000,21619000,20859000,20366000,-3889000,1664000,-8775000,-3837000,None,-1233000,2262000,1576000,-1233000,None,20859000,76.19,76.26
6,2018-12-31,USD,51539000,38178000,7517000,51539000,13361000,10715000,0,0,13361000,0,38178000,None,13361000,3857000,7917000,None,None,None,0,0,0,-33384000,-13772000,0,46745000,10715000,None,USD,4899012000,122848000,None,53024000,4298248000,600764000,None,3975559000,47619000,485967000,39820000,109567000,3722367000,122991000,3975559000,None,None,-14482000,78383000,948306000,3571642000,477916000,812891000,12424000,4053000,4608000,3975559000,None,None,47619000,None,485967000,-87895000,None,160495000,None,17338000,None,4053000,318636000,322689000,None,None,None,169555000,4899012000,935882000,None,15000000,USD,-110069000,-5919000,-100687000,15338000,-146733000,-99046000,62061000,7796000,10719000,-182919000,16814000,16118000,1395000,-8184000,-6190000,None,None,-6225000,5956000,726000,None,-182919000,67.59,76.19
7,2018-09-30,USD,51338000,25040000,7143000,51338000,26298000,20692000,0,0,26298000,0,25040000,None,26298000,4040000,7171000,None,None,None,0,0,0,5606000,-471000,0,20692000,20692000,None,USD,4420802000,78215000,None,11449000,3908776000,512026000,0,3443631000,47619000,484017000,31695000,0,3271607000,305910000,3443631000,None,None,-23277000,72484000,967049000,3130386000,433811000,649690000,11449000,16495000,4259000,3443631000,0,0,47619000,0,484017000,-136783000,None,157015000,None,15653000,None,16495000,448650000,465145000,None,None,None,140450000,4420802000,955600000,None,15000000,USD,-5557000,3052000,-6821000,262000,12114000,26498000,21853000,-166000,20693000,40386000,20709000,-2787000,1702000,-7110000,-359000,315000,0,150000,1526000,-2101000,None,40386000,76.8,67.59
8,2018-06-30,USD,51248000,24911000,3543000,51248000,26337000,20979000,0,0,26337000,0,24911000,None,26337000,4085000,5607000,None,None,None,0,-450000,0,5358000,-425000,0,20979000,20979000,None,USD,4374383000,78342000,None,9348000,3870629000,503754000,0,3421778000,47619000,471515000,29413000,0,3278250000,265524000,3421778000,419438000,419438000,-18951000,72482000,916425000,3138592000,425412000,641553000,9348000,16495000,3636000,3421778000,0,0,47619000,0,471515000,-136520000,None,154014000,None,14528000,None,16495000,432356000,448851000,None,None,None,140091000,4374383000,907077000,None,15000000,USD,-31082000,4987000,-31776000,455000,182635000,150343000,-25184000,2304000,20974000,141746000,23179000,-2734000,1591000,-7103000,-5000,142000,0,-1819000,1149000,180000,None,141746000,75.23,76.8
9,2018-03-31,USD,46958000,24937000,5179000,46958000,22021000,17616000,0,0,22021000,0,24937000,None,22021000,4238000,4997000,None,None,None,0,450000,0,4405000,-685000,0,17616000,17616000,None,USD,4200015000,78468000,None,9528000,3708138000,491877000,0,3446962000,47619000,457650000,49306000,0,880105000,123778000,3446962000,233361000,233361000,-16519000,72920000,763376000,3119300000,413409000,630070000,9528000,16495000,3912000,3446962000,0,0,47619000,0,457650000,-137420000,None,151484000,None,14467000,None,16495000,244681000,261176000,None,None,None,140547000,4200015000,753848000,None,15000000,USD,-23176000,3504000,-24682000,55000,-56844000,53581000,131328000,-8236000,17616000,41270000,12371000,-10918000,1680000,-7186000,-13717000,268000,0,794000,1561000,-305000,None,41270000,68.56,75.23
10,2017-12-31,USD,47536000,22899000,5084000,47536000,24637000,9664000,0,0,24637000,0,22899000,None,24637000,12776000,12464000,None,None,None,0,518000,0,-57897000,-2083000,0,82534000,9664000,None,USD,4132281000,78595000,None,47023000,3629774000,502507000,0,3315634000,47619000,444481000,45426000,76196000,864932000,82508000,3315634000,283104000,283104000,-5644000,72682000,720716000,3108574000,423912000,628985000,9223000,16495000,3585000,3315634000,0,0,47619000,0,444481000,-124909000,None,139801000,None,11913000,None,16495000,297645000,314140000,None,None,None,140960000,4132281000,711493000,None,15000000,USD,-45346000,1079000,-47101000,557000,-29245000,23119000,59832000,-1857000,9664000,-657000,23325000,-285000,1583000,-6871000,-597000,2839000,0,11287000,2312000,13000,None,-657000,67.47,68.56
11,2017-09-30,USD,45244000,24309000,5734000,45244000,20935000,13932000,0,0,20935000,0,24309000,None,20935000,7486000,306000,None,None,None,0,2794000,0,7003000,0,0,13932000,13932000,None,USD,4099554000,78730000,None,9236000,3599239000,500315000,0,3256534000,47619000,441001000,44746000,0,853702000,83165000,3256534000,312417000,312417000,-3777000,72334000,701011000,3086358000,421585000,608610000,9236000,16495000,3995000,3256534000,0,0,47619000,0,441001000,-124909000,None,138766000,None,22355000,None,16495000,326210000,342705000,None,None,None,140381000,4099554000,691775000,None,16000000,USD,-41072000,-1326000,-42046000,218000,57160000,28673000,-21613000,-3086000,13932000,805000,14178000,-922000,1853000,-6874000,28408000,2457000,0,1755000,1192000,-1114000,None,805000,71.91,67.47
12,2017-06-30,USD,45673000,24173000,4546000,45673000,21500000,14688000,0,0,21500000,0,24173000,None,21500000,-7305000,268000,None,None,None,0,-1805000,0,6812000,0,0,14688000,14688000,None,USD,4057399000,78865000,None,8122000,3564892000,492507000,0,3278147000,47619000,433944000,45946000,0,833322000,82360000,3278147000,255606000,255606000,-4085000,72809000,680979000,3064704000,413642000,590497000,8122000,16495000,4204000,3278147000,0,0,47619000,0,433944000,-124943000,None,137098000,None,22944000,None,16495000,270250000,286745000,None,None,None,139972000,4057399000,672857000,None,15000000,USD,-44686000,-562000,-45144000,501000,37618000,-83291000,-114611000,1666000,14688000,-108452000,19983000,3195000,1583000,-6857000,559000,2199000,286000,557000,959000,522000,None,-108452000,65.87,71.91
13,2017-03-31,USD,48273000,24600000,4447000,48273000,23673000,16026000,0,0,23673000,0,24600000,None,23673000,2206000,3767000,None,None,None,0,449000,0,7647000,0,0,16026000,16026000,None,USD,4123987000,79000000,None,8644000,3642341000,481646000,0,3392758000,47619000,426126000,46402000,0,800001000,190812000,3392758000,186686000,186686000,-6139000,73805000,752102000,3054964000,402646000,552646000,8644000,16495000,4405000,3392758000,0,0,47619000,0,426126000,-126265000,None,139510000,None,24606000,None,16495000,233088000,249583000,None,None,None,140305000,4123987000,743458000,None,15000000,USD,-38784000,383000,-39114000,1781000,-61619000,121430000,161121000,257000,16026000,102673000,20357000,1006000,1886000,-6518000,28446000,2167000,0,1292000,2111000,-236000,None,102673000,64.48,65.87
14,2016-12-31,USD,43447000,22457000,4808000,43447000,20990000,14653000,0,0,20990000,0,22457000,None,20990000,23433000,9939000,None,None,None,0,3241000,0,-43829000,-2512000,0,64819000,14653000,None,USD,3984403000,79135000,None,41708000,3541965000,442438000,0,3231653000,46518000,417017000,45512000,76196000,790015000,88139000,3231653000,280283000,280283000,-7012000,75165000,636151000,3026496000,363303000,539604000,8408000,16495000,4588000,3231653000,0,0,46518000,0,417017000,-126958000,None,139413000,None,28043000,None,16495000,293817000,310312000,None,None,None,112873000,3984403000,627743000,None,15000000,USD,-114943000,-10757000,-116479000,428000,68921000,122298000,52965000,954000,14652000,23330000,17511000,13235000,1918000,-6452000,6864000,0,0,-1115000,1964000,-422000,None,23330000,67.6,64.48
15,2016-09-30,USD,45093000,25284000,4700000,45093000,19809000,13232000,0,0,19809000,0,25284000,None,19809000,-10428000,4000,None,None,None,0,-1992000,0,6577000,0,0,13232000,13232000,None,USD,3866361000,79284000,None,None,3431577000,434784000,0,3179286000,46249000,408823000,56412000,0,782166000,64809000,3179286000,179384000,179384000,1254000,75589000,598906000,2938362000,355500000,526111000,7986000,16495000,5435000,3179286000,0,0,46249000,0,408823000,-127538000,None,151041000,None,23179000,None,16495000,235796000,252291000,None,None,None,105996000,3866361000,590920000,None,15000000,USD,-78142000,-9944000,-80272000,32000,25710000,56434000,37178000,3190000,13232000,-13767000,10071000,3626000,1875000,-6454000,0,100000,0,840000,2162000,442000,None,-13767000,50.29,67.6
16,2016-06-30,USD,43127000,24283000,4386000,43127000,18844000,12541000,0,0,18844000,0,24283000,None,18844000,2689000,95000,None,None,None,0,633000,0,6303000,0,0,12541000,12541000,None,USD,3806861000,79433000,None,None,3378502000,428359000,0,3142279000,46249000,402044000,65324000,0,763118000,78576000,3142279000,153674000,153674000,2037000,75040000,589454000,2884259000,348926000,502450000,8428000,16495000,5868000,3142279000,0,0,46249000,0,402044000,-127619000,None,154680000,None,23995000,None,16495000,219728000,236223000,None,None,None,105648000,3806861000,581026000,None,15000000,USD,-65015000,14850000,-65761000,35000,-3040000,-53740000,-44162000,-8242000,12542000,-96589000,22912000,-7064000,1596000,-6445000,-93000,0,0,899000,781000,89000,None,-96589000,45.47,50.29
17,2016-03-31,USD,41708000,24140000,3708000,41708000,17568000,11702000,0,0,17568000,0,24140000,None,17568000,0,3169000,None,None,None,0,0,0,5866000,0,0,11702000,11702000,None,USD,3829666000,79581000,None,None,3411548000,418118000,0,3187271000,46249000,395963000,51068000,0,714680000,175165000,3187271000,None,None,-1089000,75965000,642442000,2857802000,338537000,458760000,8517000,16495000,6054000,3187271000,0,0,46249000,0,395963000,-129142000,None,146335000,None,27541000,None,16495000,207782000,224277000,None,None,None,106137000,3829666000,633925000,None,15000000,USD,1488000,11432000,1219000,341000,1845000,88997000,103444000,None,11702000,105052000,14836000,-10630000,1684000,-6367000,-9925000,298000,0,1733000,610000,-1085000,None,105052000,47.78,45.47
18,2015-12-31,USD,40473000,21165000,5823000,40473000,19308000,13515000,0,0,19308000,0,21165000,None,19308000,15865000,8920000,None,None,None,0,2132000,0,5793000,7428000,0,13515000,13515000,None,USD,3714059000,79792000,None,7432000,3294787000,419272000,0,3083975000,46249000,390690000,39448000,76256000,716874000,70113000,3083975000,182297000,182297000,-3832000,77271000,548863000,2843283000,339480000,471318000,7432000,16495000,6518000,3083975000,0,0,46249000,0,390690000,-120104000,None,134876000,None,29974000,None,16495000,194317000,210812000,None,None,None,106269000,3714059000,541431000,None,15000000,USD,-137974000,-16283000,-119221000,20038000,2675000,67066000,77881000,-12828000,13515000,-48595000,3560000,-552000,562000,-6435000,-7055000,819000,0,5829000,1285000,489000,None,-48595000,45.64,47.78
19,2015-09-30,USD,41113000,25377000,3361000,41113000,15736000,10607000,0,0,15736000,0,25377000,None,15736000,0,-27000,None,None,None,0,0,0,5129000,0,0,10607000,10607000,None,USD,3504618000,70653000,None,None,3085851000,418767000,0,2865502000,46249000,383551000,56818000,0,630968000,118708000,2865502000,None,None,-3560000,73419000,518284000,2675497000,348114000,391886000,7690000,16495000,6026000,2865502000,0,0,46249000,0,383551000,-113581000,None,133423000,None,33342000,None,16495000,203854000,220349000,None,None,None,106108000,3504618000,510594000,None,15000000,USD,-20158000,27112000,-20776000,133000,-6135000,-47911000,-35359000,None,10607000,-34716000,33971000,-4107000,886000,-6417000,0,539000,0,-675000,751000,148000,None,-34716000,49.3,45.64
