,fiscalDateEnding,reportedCurrency_x,totalRevenue,totalOperatingExpense,costOfRevenue,grossProfit,ebit,netIncome_x,researchAndDevelopment,effectOfAccountingCharges,incomeBeforeTax,minorityInterest,sellingGeneralAdministrative,otherNonOperatingIncome,operatingIncome,otherOperatingExpense,interestExpense,taxProvision,interestIncome,netInterestIncome,extraordinaryItems,nonRecurring,otherItems,incomeTaxExpense,totalOtherIncomeExpense,discontinuedOperations,netIncomeFromContinuingOperations,netIncomeApplicableToCommonShares,preferredStockAndOtherAdjustments,reportedCurrency_y,totalAssets,intangibleAssets,earningAssets,otherCurrentAssets,totalLiabilities,totalShareholderEquity,deferredLongTermLiabilities,otherCurrentLiabilities,commonStock,retainedEarnings,otherLiabilities,goodwill,otherAssets,cash,totalCurrentLiabilities,shortTermDebt,currentLongTermDebt,otherShareholderEquity,propertyPlantEquipment,totalCurrentAssets,longTermInvestments,netTangibleAssets,shortTermInvestments,netReceivables,longTermDebt,inventory,accountsPayable,totalPermanentEquity,additionalPaidInCapital,commonStockTotalEquity,preferredStockTotalEquity,retainedEarningsTotalEquity,treasuryStock,accumulatedAmortization,otherNonCurrrentAssets,deferredLongTermAssetCharges,totalNonCurrentAssets,capitalLeaseObligations,totalLongTermDebt,otherNonCurrentLiabilities,totalNonCurrentLiabilities,negativeGoodwill,warrants,preferredStockRedeemable,capitalSurplus,liabilitiesAndShareholderEquity,cashAndShortTermInvestments,accumulatedDepreciation,commonStockSharesOutstanding,reportedCurrency,investments,changeInLiabilities,cashflowFromInvestment,otherCashflowFromInvestment,netBorrowings,cashflowFromFinancing,otherCashflowFromFinancing,changeInOperatingActivities,netIncome_y,changeInCash,operatingCashflow,otherOperatingCashflow,depreciation,dividendPayout,stockSaleAndPurchase,changeInInventory,changeInAccountReceivables,changeInNetIncome,capitalExpenditures,changeInReceivables,changeInExchangeRate,changeInCashAndCashEquivalents,clossingVal,nextClossingVal
0,2020-06-30,USD,200496000,225904000,153057000,47439000,-17074000,-20334000,None,None,-31181000,None,None,-1000,-25408000,None,5772000,-10847000,None,-5772000,None,None,None,-10847000,-1000,None,-20334000,-20334000,None,USD,1035400000,142355000,None,27711000,648083000,387317000,5069000,17968000,378000,91018000,12839000,214561000,3141000,201824000,121669000,5905000,5905000,-2309000,244056000,431287000,None,30401000,None,105125000,397818000,96627000,60878000,None,None,378000,None,91018000,None,None,3141000,None,604113000,133725000,397818000,7770000,526414000,None,None,None,298230000,1035400000,201824000,None,37798548,USD,-1307000,-29087000,-1307000,None,-96752000,-15983000,-3283000,-3402000,-20334000,8307000,25594000,-3020000,8335000,None,85941000,32376000,37342000,-352000,1307000,37342000,None,8304000,13.58,
1,2020-03-31,USD,375431000,392447000,284530000,90901000,-8998000,-14085000,None,None,-22182000,None,None,-42000,-17016000,None,5124000,-8097000,None,-5124000,None,None,None,-8097000,-42000,None,-14085000,-14085000,None,USD,1106914000,145752000,None,24914000,787297000,319617000,8983000,18091000,310000,111352000,19221000,212510000,3069000,193517000,152430000,4069000,4069000,-2426000,252890000,492693000,None,-38645000,None,144263000,495860000,129999000,92621000,None,None,310000,None,111352000,None,None,3069000,None,614221000,137877000,495860000,10238000,634867000,None,None,None,210381000,1106914000,193517000,None,30989742,USD,-66543000,-14311000,-66543000,-63450000,99313000,97975000,-500000,-4939000,-14085000,53284000,21985000,-11507000,8060000,None,None,2501000,33141000,10856000,3093000,33141000,None,53417000,10.07,13.58
2,2019-12-31,USD,426507000,408073000,318811000,107696000,25364000,10888000,None,None,14046000,None,88714000,-37000,18434000,None,4351000,3158000,None,-4351000,None,None,None,3158000,-37000,None,10888000,10888000,None,USD,1013679000,138751000,None,13823000,677746000,335933000,1363000,17453000,304000,125437000,20917000,197743000,3534000,140233000,150151000,721000,721000,-2048000,220495000,453156000,None,-561000,None,175044000,386106000,124056000,94097000,None,None,304000,None,125437000,None,None,3534000,None,560523000,138025000,386106000,10034000,527595000,None,None,None,212240000,1013679000,140233000,None,30341941,USD,-3775000,12960000,-3775000,-28077000,106675000,101033000,-6527000,-50000,10888000,118754000,21462000,751000,6967000,None,906000,-1851000,-12144000,4090000,3775000,-12144000,None,118720000,38.11,10.07
3,2019-09-30,USD,396880000,386232000,294887000,101993000,17409000,4425000,None,None,6107000,None,88845000,-24000,10648000,None,4517000,1682000,None,-4517000,None,None,None,1682000,-24000,None,4425000,4425000,None,USD,890899000,141910000,None,17172000,568298000,322601000,10824000,17834000,303000,114549000,23946000,197731000,3614000,21479000,138350000,328000,328000,-2119000,222206000,325438000,None,-17040000,None,164562000,282041000,122225000,79904000,None,None,303000,None,114549000,None,None,3614000,None,565461000,141795000,282041000,13122000,429948000,None,None,None,209868000,890899000,21479000,None,30288630,USD,-3538000,-3703000,-3538000,215000,-77000,-900000,-767000,-4399000,4425000,-2815000,1655000,-1224000,6785000,None,77000,377000,-8493000,6141000,3753000,-8493000,None,-2783000,40.32,38.11
4,2019-06-30,USD,411420000,395884000,304945000,106475000,22011000,7746000,None,None,10685000,None,90939000,-6000,15536000,None,4845000,2939000,None,-4845000,None,None,None,2939000,-6000,None,7746000,7746000,None,USD,877751000,144420000,None,12650000,560356000,317395000,10153000,16554000,303000,110124000,17644000,193526000,3688000,24294000,139238000,304000,304000,-2048000,90198000,316997000,None,-20551000,None,157461000,281628000,122592000,86814000,None,None,303000,None,110124000,None,None,3688000,None,560754000,138400000,281628000,7491000,421118000,None,None,None,209016000,877751000,24294000,None,30291364,USD,-4726000,12528000,-4726000,-302000,-2639000,-2819000,-326000,-3442000,7746000,6977000,14499000,-140000,6481000,None,146000,-8642000,-6354000,2358000,4424000,-6354000,None,6954000,35.07,40.32
5,2019-03-31,USD,357027000,84039000,266838000,90189000,6116000,1134000,None,None,1565000,None,83754000,-34000,6150000,None,4551000,431000,None,-4551000,None,None,None,431000,-34000,None,1134000,1134000,None,USD,847112000,145242000,None,12216000,538689000,308423000,9952000,16499000,300000,102378000,18043000,195546000,3787000,17317000,127831000,1804000,1804000,-2166000,88549000,295196000,None,-32365000,None,152123000,281675000,113540000,109528000,None,None,300000,None,102378000,None,None,122579000,None,551916000,127639000,281675000,119231000,410858000,None,None,None,207911000,847112000,17317000,None,29941184,USD,-32115000,-18010000,-32115000,-27990000,-37000,-367000,-742000,-43000,1134000,-25091000,7391000,601000,6280000,None,412000,677000,13778000,2931000,4125000,13778000,None,-25091000,31.05,35.07
6,2018-12-31,USD,394056000,84490000,291764000,102292000,17663000,8882000,0,0,11954000,0,85068000,-139000,17802000,0,5709000,None,None,None,0,0,0,3072000,-5270000,0,8882000,8882000,None,USD,732398000,142502000,None,11953000,423722000,308676000,9601000,4097000,300000,103271000,20011000,184280000,4074000,42410000,125542000,61000,61000,-2221000,72807000,328735000,None,-18106000,None,161758000,278169000,112614000,125481000,None,None,300000,None,103271000,None,None,4074000,None,403663000,None,278169000,10410000,298180000,None,None,None,207326000,732398000,42410000,None,29968483,USD,None,8187000,-12412000,-2002000,-3542000,-6615000,-3073000,1873000,8882000,-7451000,11576000,-62000,7521000,None,None,-1994000,-15164000,4206000,10410000,-15164000,4000,-7447000,31.98,31.05
7,2018-09-30,USD,361496000,81725000,269503000,91993000,10268000,4157000,0,0,5592000,0,79925000,None,10268000,0,4676000,None,None,None,0,0,0,1435000,-6476000,0,4157000,4157000,None,USD,715303000,146447000,None,11530000,417158000,298145000,7800000,4722000,300000,94389000,19570000,181991000,4093000,49857000,117372000,30000,30000,-2848000,64552000,318220000,None,-30293000,0,146760000,280216000,110073000,117342000,0,0,300000,0,94389000,0,None,4093000,None,397083000,None,280216000,11770000,299786000,None,None,None,206304000,715303000,49857000,None,19970198,USD,None,-628000,-3862000,30000,-354000,-474000,-120000,-3424000,4157000,10252000,14588000,456000,6255000,0,0,5846000,-4129000,2631000,3862000,-4129000,12000,10264000,36.35,31.98
8,2018-06-30,USD,370442000,78292000,277202000,93240000,14918000,6819000,0,0,9537000,0,78292000,-30000,14948000,0,5381000,None,None,None,0,0,0,2718000,-5411000,0,6819000,6819000,None,USD,708095000,140964000,None,9686000,451996000,256099000,7114000,2114000,287000,90232000,19260000,181996000,4196000,39593000,119403000,3219000,3219000,-2752000,71992000,308947000,None,-66861000,0,143766000,313333000,115902000,116184000,0,0,287000,0,90232000,0,None,4196000,None,399148000,None,313333000,12146000,332593000,None,None,None,168332000,708095000,39593000,None,28726073,USD,None,12974000,-12134000,-9492000,-1603000,-1702000,-99000,-2027000,6819000,-5458000,8378000,-1410000,5505000,0,0,-10936000,-6670000,2096000,2642000,-6670000,-23000,-5481000,28.5,36.35
9,2018-03-31,USD,318615000,73782000,239093000,79522000,5740000,544000,0,0,761000,0,73782000,None,5740000,0,4979000,None,None,None,0,0,0,217000,-4979000,0,544000,544000,None,USD,681241000,141290000,None,8328000,432653000,248588000,7092000,832000,287000,83413000,18078000,177133000,3005000,45074000,100907000,3432000,3432000,-2471000,69544000,290269000,None,-69835000,0,135344000,313668000,101523000,97475000,0,0,287000,0,83413000,0,None,3005000,None,390972000,None,313668000,10986000,331746000,None,None,None,167359000,681241000,45074000,None,28706726,USD,None,-7767000,-5280000,-2377000,-1179000,-1651000,-472000,2191000,544000,3609000,10540000,2758000,6080000,0,0,754000,6497000,1674000,2903000,6497000,-39000,3570000,23.0,28.5
10,2017-12-31,USD,357098000,76624000,265125000,91973000,15349000,9483000,0,0,10046000,0,76989000,None,15349000,0,5303000,None,None,None,0,0,0,563000,-22308000,0,9483000,9483000,None,USD,687749000,146354000,None,11083000,439148000,248601000,6015000,34427000,284000,82869000,10865000,173202000,322531000,41504000,108273000,3827000,3180000,-1549000,68378000,296840000,None,-70955000,0,142170000,313995000,102083000,104446000,0,0,284000,0,82869000,0,None,2975000,None,390909000,None,313995000,10865000,330875000,None,None,None,166997000,687749000,41504000,None,28442208,USD,None,-9157000,-2824000,-373000,-1950000,32025000,33975000,3394000,9483000,37495000,8294000,2704000,5771000,0,34020000,7948000,-13611000,-604000,2451000,-7851000,-62000,37433000,20.5,23.0
11,2017-09-30,USD,325076000,70411000,244171000,80905000,10484000,2851000,0,0,4891000,0,70387000,-10000,10494000,0,5593000,None,None,None,0,0,0,2040000,0,0,2851000,2851000,None,USD,654550000,148647000,None,11564000,450074000,204476000,9113000,28027000,266000,73386000,10528000,172943000,324614000,4071000,115318000,4224000,4224000,-1581000,69041000,260895000,None,-117114000,0,135398000,315115000,109862000,111094000,0,0,266000,0,73386000,0,None,3024000,None,393655000,None,315115000,10528000,334756000,None,None,None,132405000,654550000,4071000,None,26564168,USD,None,6488000,-33212000,-29722000,-1197000,-1333000,-136000,-4670000,2851000,-33018000,1527000,-2607000,5645000,0,0,-11053000,5760000,3041000,3490000,-2838000,85000,-32933000,19.3,20.5
12,2017-06-30,USD,331656000,70433000,249060000,82596000,12163000,3674000,0,0,6283000,0,70409000,None,12163000,0,5880000,None,None,None,0,0,0,2609000,0,0,3674000,3674000,None,USD,637640000,128175000,None,11813000,440318000,197322000,7686000,26262000,264000,70535000,7989000,167227000,298522000,37004000,109150000,4621000,320114000,-1950000,64860000,274258000,None,-98080000,0,129194000,315493000,96247000,104529000,0,0,264000,0,70535000,0,None,3120000,None,363382000,None,315493000,7989000,331168000,None,None,None,128473000,637640000,37004000,None,26367935,USD,None,16082000,-2606000,0,-9253000,-9832000,-579000,394000,3674000,1115000,13553000,320000,5687000,0,0,-5251000,2922000,1375000,2606000,-8334000,83000,1198000,13.0,19.3
13,2017-03-31,USD,287690000,70783000,213786000,73904000,3121000,-1642000,0,0,-2812000,0,70759000,None,3121000,0,5933000,None,None,None,0,0,0,-1170000,0,0,-1642000,-1642000,None,USD,629088000,131465000,None,12184000,436465000,192623000,8260000,24555000,264000,66861000,7726000,166625000,304144000,35806000,104367000,15764000,15764000,-2185000,63916000,261028000,None,-105467000,0,121886000,316112000,91152000,88603000,0,0,264000,0,66861000,0,None,6054000,None,368060000,None,316112000,7726000,332098000,None,None,None,127683000,629088000,35806000,None,26370872,USD,None,-4137000,-3764000,0,-1191000,-1431000,-240000,3789000,-1642000,2928000,8123000,3813000,5530000,0,0,-3427000,5412000,2574000,3764000,5412000,16000,2944000,13.9,13.0
14,2016-12-31,USD,341339000,66659000,252275000,89064000,22517000,9142000,0,0,16155000,0,75090000,112000,22405000,0,6362000,None,None,None,0,0,0,7013000,-31532000,0,9142000,9142000,None,USD,633538000,137058000,None,16101000,439778000,193760000,6958000,27065000,263000,68503000,7721000,163784000,306864000,32862000,107374000,14795000,14795000,-2186000,62183000,264491000,None,-107082000,0,128030000,317725000,87498000,92579000,0,0,263000,0,68503000,0,None,6022000,None,369047000,None,317725000,7721000,332404000,None,None,None,127180000,633538000,32862000,None,26280469,USD,None,6355000,-4541000,550000,-2316000,-6416000,-4100000,-10597000,9142000,6749000,17706000,-434000,5443000,0,0,1400000,-2503000,2930000,5091000,-7130000,-78000,6671000,15.8,13.9
15,2016-09-30,USD,297917000,66106000,223525000,74392000,8246000,1343000,0,0,2299000,0,65739000,-40000,8286000,0,5947000,None,None,None,0,0,0,956000,0,0,1343000,1343000,None,USD,632280000,140241000,None,23090000,448043000,184237000,9974000,30032000,263000,59361000,16254000,163806000,307750000,26191000,102810000,13615000,13615000,-1915000,59275000,265255000,None,-119810000,0,126995000,319005000,88979000,89195000,0,0,263000,0,59361000,0,None,3703000,None,367025000,None,319005000,16254000,345233000,None,None,None,126528000,632280000,26191000,None,26254411,USD,None,7126000,-23240000,-19742000,-13823000,-16611000,-2788000,-3789000,1343000,-21944000,17907000,-3658000,5700000,0,0,3903000,4627000,2081000,3498000,1412000,-116000,-22060000,11.14,15.8
16,2016-06-30,USD,291209000,60615000,219406000,71803000,11188000,-8455000,0,0,-14479000,0,62036000,None,11188000,0,25667000,None,None,None,0,0,0,-6024000,0,0,-8455000,-8455000,None,USD,635583000,133537000,None,21865000,453028000,182555000,9629000,27244000,263000,58018000,15645000,155263000,292243000,48251000,95130000,13285000,13285000,-1843000,57158000,286182000,None,-106245000,0,124809000,332624000,91257000,81845000,0,0,263000,0,58018000,0,None,3443000,None,349401000,None,332624000,15645000,357898000,None,None,None,126117000,635583000,48251000,None,26339319,USD,None,-5692000,-4873000,0,55965000,55838000,-127000,-12120000,-8455000,45351000,-5614000,-13036000,4832000,0,0,109000,3215000,23268000,4873000,-6640000,155000,45506000,16.0,11.14
17,2016-03-31,USD,262401000,60598000,196443000,65958000,5357000,993000,0,0,1701000,0,60720000,-3000,5360000,0,3656000,None,None,None,0,0,0,708000,0,0,993000,993000,None,USD,570539000,134225000,None,8791000,380734000,189805000,9954000,29361000,263000,66473000,16183000,155848000,293359000,2745000,91982000,4701000,None,-2364000,56023000,221157000,None,-100268000,0,118355000,262615000,91266000,87281000,0,0,263000,0,66473000,0,None,3286000,None,349382000,None,262615000,16183000,288752000,None,None,None,125433000,570539000,2745000,None,26220426,USD,None,-11044000,-3161000,0,-5279000,-5576000,-297000,None,993000,178000,8915000,382000,4347000,0,0,1626000,9855000,2756000,3161000,9855000,113000,291000,20.29,16.0
18,2015-12-31,USD,299722000,61853000,222795000,76927000,15028000,6655000,0,0,11356000,0,61674000,-46000,15074000,0,3672000,None,None,None,0,0,0,4701000,-12689000,0,6655000,6655000,None,USD,586218000,136722000,None,9164000,398254000,187964000,9316000,31990000,263000,65480000,17286000,155816000,298164000,2454000,103144000,6266000,6266000,-2949000,54283000,233771000,None,-104574000,0,129395000,268508000,92758000,96878000,0,0,263000,0,65480000,0,None,5626000,None,352447000,None,268508000,17286000,295110000,None,None,None,125170000,586218000,2454000,None,26290675,USD,None,13841000,-2409000,16187000,-17544000,-17495000,49000,-62000,6655000,1078000,20982000,857000,4760000,0,0,73000,-11055000,2557000,2409000,-7761000,-109000,969000,16.68,20.29
19,2015-09-30,USD,277516000,57607000,207056000,70460000,12845000,5224000,0,0,8943000,0,57097000,-8000,12853000,0,3902000,None,None,None,0,0,0,3719000,0,0,5224000,5224000,None,USD,580073000,140009000,None,10077000,398509000,181564000,8127000,27204000,263000,58825000,17576000,155083000,300324000,1485000,88456000,7585000,None,-1975000,53138000,226611000,None,-113528000,0,122057000,284350000,92992000,80871000,0,0,263000,0,58825000,0,None,5232000,None,353462000,None,284350000,17576000,310053000,None,None,None,124451000,580073000,1485000,None,26291706,USD,None,2826000,10642000,14733000,-21431000,-21622000,-191000,None,5223000,-747000,10233000,-1364000,4133000,0,0,-1334000,0,505000,4091000,244000,-139000,-886000,14.16,16.68
