,fiscalDateEnding,reportedCurrency_x,totalRevenue,totalOperatingExpense,costOfRevenue,grossProfit,ebit,netIncome_x,researchAndDevelopment,effectOfAccountingCharges,incomeBeforeTax,minorityInterest,sellingGeneralAdministrative,otherNonOperatingIncome,operatingIncome,otherOperatingExpense,interestExpense,taxProvision,interestIncome,netInterestIncome,extraordinaryItems,nonRecurring,otherItems,incomeTaxExpense,totalOtherIncomeExpense,discontinuedOperations,netIncomeFromContinuingOperations,netIncomeApplicableToCommonShares,preferredStockAndOtherAdjustments,reportedCurrency_y,totalAssets,intangibleAssets,earningAssets,otherCurrentAssets,totalLiabilities,totalShareholderEquity,deferredLongTermLiabilities,otherCurrentLiabilities,commonStock,retainedEarnings,otherLiabilities,goodwill,otherAssets,cash,totalCurrentLiabilities,shortTermDebt,currentLongTermDebt,otherShareholderEquity,propertyPlantEquipment,totalCurrentAssets,longTermInvestments,netTangibleAssets,shortTermInvestments,netReceivables,longTermDebt,inventory,accountsPayable,totalPermanentEquity,additionalPaidInCapital,commonStockTotalEquity,preferredStockTotalEquity,retainedEarningsTotalEquity,treasuryStock,accumulatedAmortization,otherNonCurrrentAssets,deferredLongTermAssetCharges,totalNonCurrentAssets,capitalLeaseObligations,totalLongTermDebt,otherNonCurrentLiabilities,totalNonCurrentLiabilities,negativeGoodwill,warrants,preferredStockRedeemable,capitalSurplus,liabilitiesAndShareholderEquity,cashAndShortTermInvestments,accumulatedDepreciation,commonStockSharesOutstanding,reportedCurrency,investments,changeInLiabilities,cashflowFromInvestment,otherCashflowFromInvestment,netBorrowings,cashflowFromFinancing,otherCashflowFromFinancing,changeInOperatingActivities,netIncome_y,changeInCash,operatingCashflow,otherOperatingCashflow,depreciation,dividendPayout,stockSaleAndPurchase,changeInInventory,changeInAccountReceivables,changeInNetIncome,capitalExpenditures,changeInReceivables,changeInExchangeRate,changeInCashAndCashEquivalents,clossingVal,nextClossingVal
0,2020-06-30,USD,3627846000,425666000,3013393000,614453000,188787000,143939000,None,None,178576000,None,425666000,None,188787000,None,10211000,34637000,None,-10211000,None,None,None,34637000,None,None,143939000,143939000,None,USD,4825689000,126589000,None,223500000,3121361000,1704328000,51921000,227534000,13472000,4227257000,74660000,1465755000,101672000,362236000,1673380000,None,None,-84091000,188252000,2603926000,None,111984000,None,2018190000,1092873000,None,1445846000,None,None,13472000,None,4227257000,-2995918000,None,426675000,None,14492000,345043000,1092873000,303187000,1447981000,None,None,None,543608000,4825689000,362236000,None,134724000,USD,-4424000,158574000,-4424000,-644000,-321000000,-380378000,-1171000,78256000,143939000,62342000,447144000,14512000,25758000,-67233000,9026000,None,84205000,20156000,3780000,84205000,None,62342000,79.06,
1,2020-03-31,USD,3805008000,458513000,3237055000,567953000,109440000,78146000,None,None,94212000,None,458513000,None,109440000,None,15228000,16066000,-15228000,-15228000,None,None,None,16066000,None,None,78146000,78146000,None,USD,4848320000,132013000,None,219454000,3261202000,1587118000,55766000,215972000,13459000,4153109000,77607000,1450999000,100962000,294572000,1804725000,320917000,320917000,-108344000,211799000,2606639000,None,4106000,None,2092613000,1092660000,None,1267836000,None,None,13459000,None,4153109000,-3004925000,None,432265000,None,14605000,356633000,1092660000,308051000,1456477000,None,None,None,533819000,4848320000,294572000,None,134586000,USD,-238320000,82092000,-238320000,-230479000,178000000,37040000,-13795000,-39498000,78146000,-142781000,58499000,-6797000,24393000,-69871000,-57294000,None,-133142000,13807000,7841000,-133142000,None,-142781000,66.2,79.06
2,2019-12-31,USD,3793326000,442057000,3214463000,578863000,136806000,99106000,None,None,126022000,None,442057000,None,136806000,None,10784000,26916000,-10784000,-10784000,None,None,None,26916000,-10784000,None,99106000,99106000,None,USD,4641060000,90931000,None,217879000,2970330000,1670730000,39776000,240705000,13490000,4144834000,62400000,1291760000,47206000,447858000,1556038000,142885000,142885000,-76149000,208423000,2640118000,None,288039000,None,1974381000,1092448000,None,1172448000,None,None,13490000,None,4144834000,-2958091000,None,396343000,None,13485000,320724000,1092448000,282068000,1414292000,None,None,None,546646000,4641060000,447858000,-281553000,134895000,USD,-19523000,-19144000,-19523000,-9894000,-18000000,-134175000,-763000,-10984000,99106000,57863000,211561000,-3163000,25327000,-69921000,-45491000,None,104204000,5231000,9629000,104204000,-1894000,55969000,78.2,66.2
3,2019-09-30,USD,3856132000,432346000,3222701000,633431000,201085000,146894000,None,None,187905000,None,432346000,None,201085000,None,13180000,41011000,-13180000,-13180000,None,None,None,41011000,-13180000,None,146894000,146894000,None,USD,4636549000,98683000,None,224293000,2963453000,1673096000,37206000,227662000,13515000,4115649000,59612000,1285891000,95455000,384424000,1434140000,57317000,None,-90902000,209521000,2683166000,None,288522000,None,2074449000,1253091000,None,1206478000,None,None,13515000,None,4115649000,-2914544000,None,347725000,None,11563000,272457000,1253091000,239016000,1529313000,None,None,None,549378000,4636549000,384424000,None,135152000,USD,-3571000,-20797000,-3571000,6316000,-1000000,-126718000,-1672000,-12167000,146894000,37043000,167332000,-1976000,25480000,-68855000,-55191000,None,14933000,2798000,9887000,14933000,None,37043000,84.78,78.2
4,2019-06-30,USD,3908840000,467681000,3213624000,695216000,227535000,169180000,None,None,220920000,None,467681000,None,227535000,None,6615000,51740000,-6615000,-6615000,None,None,None,51740000,-6615000,None,169180000,169180000,None,USD,4684109000,110869000,None,251020000,3024798000,1659311000,36344000,251975000,13573000,4037610000,58779000,1291715000,90207000,355307000,1496340000,58213000,None,-72326000,222390000,2706573000,None,256727000,None,2100246000,1253849000,None,1244365000,None,None,13573000,None,4037610000,-2860636000,None,339605000,None,12957000,270622000,1253849000,238265000,1528458000,None,None,None,541090000,4684109000,355307000,None,135731000,USD,-31935000,34639000,-31935000,-23780000,-88000000,-255567000,-638000,30680000,169180000,-87907000,199595000,-12280000,25082000,-69268000,-97661000,None,-28545000,11561000,8155000,-28545000,None,-87907000,84.35,84.78
5,2019-03-31,USD,3751210000,454250000,3072410000,678800000,224550000,161788000,None,None,207410000,None,454250000,None,224550000,None,17140000,45622000,-17140000,-17140000,None,None,None,45622000,-17140000,None,161788000,161788000,None,USD,4697444000,116367000,None,224950000,3044883000,1652561000,40412000,244356000,13689000,3937698000,62545000,1283981000,86039000,445473000,1429664000,63536000,53669000,-66600000,225669000,2728354000,None,252213000,None,2057931000,1341605000,None,1185308000,None,None,13689000,None,3937698000,-2759277000,None,329578000,None,13495000,264738000,1341605000,233202000,1615219000,None,None,None,527089000,4697444000,445473000,None,136889000,USD,-58000000,-57122000,-58000000,-49381000,-5000000,-134793000,-12042000,-84203000,161788000,64138000,256931000,-9166000,24560000,-69742000,-48009000,None,117720000,19109000,8619000,117720000,None,64138000,86.99,84.35
6,2018-12-31,USD,4137908000,458266000,3424125000,713783000,255517000,187150000,0,0,246061000,0,458266000,None,255517000,0,9456000,None,None,None,200000,0,0,58911000,-9456000,0,187150000,187150000,None,USD,4427412000,108822000,None,212021000,2832325000,1595087000,35757000,211904000,13728000,3845593000,57650000,1258922000,43618000,378615000,1433323000,5000000,5000000,-71935000,228301000,2753074000,None,227343000,None,2162438000,1341352000,None,1216419000,None,None,13728000,None,3845593000,-2713785000,None,68300000,None,9993000,None,1341352000,21893000,1399002000,None,None,None,521486000,4427412000,378615000,-270546000,137284000,USD,None,-43526000,-20301000,-11095000,5000000,-159758000,-661000,-7322000,187150000,83954000,264013000,-5048000,24327000,-70061000,-94036000,None,119980000,22906000,9206000,78204000,-3140000,80814000,84.09,86.99
7,2018-09-30,USD,4291900000,448071000,3597856000,694044000,245973000,175895000,0,0,239447000,0,448071000,None,245973000,0,6526000,None,None,None,0,0,0,63552000,-6526000,0,175895000,175895000,None,USD,4492722000,120216000,None,255320000,2926119000,1566603000,44555000,231663000,13800000,3728503000,69484000,1265226000,70253000,297801000,1515332000,None,None,-57400000,231962000,2805065000,None,181161000,0,2251944000,1341303000,0,1283669000,0,0,13800000,0,3728503000,-2620725000,None,60983000,None,9270000,None,1341303000,24929000,1410787000,None,None,None,502439000,4492722000,297801000,None,138000000,USD,None,39262000,-19563000,-4338000,-66000000,-204328000,-1710000,48222000,175895000,-3478000,220413000,5857000,23923000,-64599000,-72019000,0,-72796000,29108000,15225000,-53632000,-9296000,-12774000,97.92,84.09
8,2018-06-30,USD,4276037000,452475000,3604554000,671483000,219008000,159163000,0,0,213880000,0,452475000,None,219008000,0,5128000,None,None,None,0,0,0,54717000,-5128000,0,159163000,159163000,None,USD,4453284000,130254000,None,245621000,2935125000,1518159000,42779000,214399000,13874000,3617324000,69344000,1265778000,70271000,310575000,1524727000,66000000,1407054000,-46500000,228325000,2758656000,None,122127000,0,2202460000,1341054000,0,1244328000,0,0,13874000,0,3617324000,-2544953000,None,59557000,None,10714000,None,1341054000,26565000,1410398000,None,None,None,478451000,4453284000,310575000,None,138744000,USD,None,101748000,-16755000,-7905000,6012000,-120415000,-802000,74351000,159163000,-29270000,107900000,8241000,24238000,-65177000,-60448000,0,-225783000,19074000,8850000,-204564000,-9937000,-39207000,83.66,97.92
9,2018-03-31,USD,3925327000,434340000,3299402000,625925000,191585000,142297000,0,0,180885000,0,434340000,None,191585000,0,10700000,None,None,None,0,0,0,38588000,-10700000,0,142297000,142297000,None,USD,4307776000,140874000,None,221898000,2823104000,1484672000,52883000,186816000,13935000,3523245000,78694000,1273850000,71430000,349782000,1994410000,651000000,1401000000,-19000000,230609000,2591013000,None,69948000,0,2019333000,750000000,0,1156594000,0,0,13935000,0,3523245000,-2485449000,None,60304000,None,11126000,None,750000000,25811000,828694000,None,None,None,451966000,4307776000,349782000,None,139353000,USD,None,13986000,-16189000,-4470000,-64000000,-170676000,-18091000,-18466000,142297000,13705000,200570000,11265000,24241000,-65382000,-23203000,0,-23320000,18837000,11719000,-10056000,2187000,15892000,93.71,83.66
10,2017-12-31,USD,3959786000,420973000,3327937000,631849000,210876000,152556000,0,0,193374000,0,420973000,None,210876000,0,17502000,None,None,None,0,0,0,40818000,-46656000,0,152556000,152556000,None,USD,4235834000,151585000,None,63116000,2810089000,1425745000,45355000,96359000,13954000,3437093000,27285000,1275816000,1494572000,333890000,1987449000,715000000,1465000000,-18500000,230326000,2510936000,None,-1656000,0,2113930000,750000000,0,1176090000,0,0,13954000,0,3437093000,-2451122000,None,60301000,None,6870000,None,750000000,27285000,822640000,None,None,None,444280000,4235834000,333890000,-267583000,139542000,USD,None,3407000,-12874000,-4884000,-4000000,-110902000,-811000,-30578000,152556000,41876000,165652000,-40386000,23637000,-65457000,-40634000,0,-364181000,13339000,7990000,13099000,-5293000,36583000,89.09,93.71
11,2017-09-30,USD,3784451000,399381000,3190605000,593846000,194465000,119186000,0,0,183981000,0,399381000,None,194465000,0,10484000,None,None,None,0,0,0,64795000,0,0,119186000,119186000,None,USD,4175588000,160595000,None,53225000,2820713000,1354875000,66396000,70334000,13987000,3349994000,18015000,1275550000,1487837000,297307000,1986302000,719000000,1469000000,-22900000,232905000,2454846000,None,-81270000,0,2104314000,750000000,0,1196968000,0,0,13987000,0,3349994000,-2413258000,None,45775000,None,5917000,None,750000000,18015000,834411000,None,None,None,427032000,4175588000,297307000,None,139871000,USD,None,39794000,-58815000,-50788000,127000000,5880000,-1120000,20203000,119186000,15403000,68338000,9119000,23963000,-63959000,-56041000,0,0,8874000,8027000,-132598000,8722000,24125000,76.1,89.09
12,2017-06-30,USD,3710018000,391969000,3136229000,573789000,181820000,111071000,0,0,172452000,0,391969000,None,181820000,0,9368000,None,None,None,0,0,0,61381000,0,0,111071000,111071000,None,USD,3965889000,154124000,None,63636000,2628681000,1337208000,63667000,76864000,14068000,3294767000,17520000,1242918000,1446555000,273182000,1797494000,592000000,1342000000,-37306000,234312000,2285022000,None,-59834000,0,1948204000,750000000,0,1128630000,0,0,14068000,0,3294767000,-2355454000,None,44371000,None,5142000,None,750000000,17520000,831187000,None,None,None,421133000,3965889000,273182000,None,140679000,USD,None,71926000,-17401000,-6833000,102000000,-384000,-671000,22164000,111071000,39530000,57315000,-3597000,22946000,-64209000,-37504000,0,0,4447000,10568000,-149478000,3858000,43388000,68.68,76.1
13,2017-03-31,USD,3415125000,380608000,2846559000,568566000,187958000,122080000,0,0,178656000,0,380608000,None,187958000,0,9302000,None,None,None,0,0,0,56576000,0,0,122080000,122080000,None,USD,3775744000,162945000,None,60039000,2459870000,1315874000,64351000,74020000,14116000,3248014000,18152000,1240950000,1448075000,229794000,1877367000,740000000,740000000,-44000000,235059000,2092610000,None,-88021000,0,1802777000,500000000,0,1063347000,0,0,14116000,0,3248014000,-2319843000,None,40653000,3527000,1683134000,None,500000000,18152000,582503000,None,None,None,417624000,3775744000,229794000,None,141164000,USD,None,45425000,-18444000,-4907000,102000000,-96728000,-18955000,-7065000,122080000,-22476000,92696000,-7065000,22431000,-64597000,-13176000,0,0,5029000,13537000,-95204000,4604000,-17872000,77.29,68.68
14,2016-12-31,USD,3414975000,367951000,2853459000,561516000,193565000,122303000,0,0,190447000,0,367951000,None,193565000,0,3118000,None,None,None,0,0,0,68144000,-25581000,0,122303000,122303000,None,USD,3687758000,167525000,None,49245000,2429911000,1257847000,65122000,82052000,14126000,3190578000,19071000,1232796000,1446703000,247666000,1845718000,740000000,1240000000,-61442000,232953000,2008102000,None,-142474000,0,1711191000,500000000,0,1023666000,0,0,14126000,0,3190578000,-2304695000,None,44132000,2250000,1679656000,None,500000000,19071000,584193000,None,None,None,419280000,3687758000,247666000,-217092000,141258000,USD,None,35238000,-20939000,-3612000,15000000,-99076000,797000,-62427000,122303000,32565000,152580000,4629000,21953000,-54301000,-60572000,0,-173211000,3855000,17327000,-35398000,-9348000,23217000,73.26,77.29
15,2016-09-30,USD,3355754000,347195000,2797292000,558462000,211267000,129028000,0,0,203841000,0,347195000,None,211267000,0,7426000,None,None,None,0,0,0,74813000,0,0,129028000,129028000,None,USD,3664062000,150027000,None,54659000,2394394000,1269668000,75531000,77394000,14190000,3122577000,19066000,1275390000,1470043000,224449000,1799797000,725000000,725000000,-37500000,226470000,1967549000,None,-155749000,0,1688441000,500000000,0,997403000,0,0,14190000,0,3122577000,-2240888000,None,44626000,None,1696513000,None,500000000,19066000,594597000,None,None,None,411244000,3664062000,224449000,None,141898000,USD,None,10462000,-247668000,-225026000,260000000,135441000,-984000,5740000,129028000,17340000,129567000,5740000,17657000,-63609000,-59966000,0,0,10463000,22642000,-43783000,26000,17366000,70.46,73.26
16,2016-06-30,USD,3299741000,360468000,2705526000,594215000,233747000,143090000,0,0,227482000,0,360468000,None,233747000,0,6265000,None,None,None,0,0,0,84392000,0,0,143090000,143090000,None,USD,3349070000,108072000,None,59127000,2086230000,1262840000,75937000,78929000,14283000,3057158000,18836000,1108761000,1258063000,207083000,1491457000,465000000,465000000,-38000000,211905000,1879102000,None,46007000,0,1612892000,500000000,0,947528000,0,0,14283000,0,3057158000,-2175412000,None,41230000,None,1469968000,None,500000000,18836000,594773000,None,None,None,404784000,3349070000,207083000,None,142833000,USD,None,116960000,-25786000,-5424000,-5000000,-87075000,414000,-13303000,143090000,30250000,143111000,-13303000,18184000,-63632000,-18857000,0,0,14505000,20362000,-136325000,-2573000,27677000,74.25,70.46
17,2016-03-31,USD,3073943000,364383000,2510608000,563335000,198952000,118963000,0,0,190180000,0,364383000,None,198952000,0,8772000,None,None,None,0,0,0,71217000,0,0,118963000,118963000,None,USD,3162245000,114182000,None,47439000,1970439000,1191806000,79653000,70393000,14303000,2977710000,18731000,1109392000,1260609000,179406000,1372055000,470000000,470000000,-34396000,195920000,1705716000,None,-31768000,0,1478871000,500000000,0,831662000,0,0,14303000,0,2977710000,-2159465000,None,37035000,None,1456529000,None,500000000,18731000,598384000,None,None,None,393654000,3162245000,179406000,None,143031000,USD,None,-97399000,-18595000,-5474000,20000000,-76590000,-18443000,-7378000,118963000,8965000,104150000,-7378000,16875000,-63888000,-14259000,0,42295000,30794000,13121000,42295000,2212000,11177000,74.23,74.25
18,2015-12-31,USD,3210853000,356198000,2640076000,570777000,214579000,126583000,0,0,201108000,0,356198000,None,214579000,0,13471000,None,None,None,0,0,0,74525000,-35529000,0,126583000,126583000,None,USD,3184358000,120242000,None,40061000,2033908000,1150450000,65460000,86298000,14345000,2922620000,19851000,1108337000,1262786000,168229000,1448597000,450000000,950000000,-37946000,190874000,1730698000,None,-78129000,0,1522408000,500000000,0,912299000,0,0,14345000,0,2922620000,-2128013000,None,34207000,None,1453660000,None,500000000,19851000,585311000,None,None,None,379444000,3184358000,168229000,-188265000,143455000,USD,None,-54856000,-14450000,-5652000,-80000000,-209532000,862000,23249000,126583000,29911000,253893000,6736000,16896000,-64167000,-66227000,0,107560000,11923000,8798000,146611000,-4769000,25142000,62.02,74.23
19,2015-09-30,USD,3419253000,355864000,2830678000,588575000,232711000,139432000,0,0,226152000,0,355864000,None,232711000,0,6559000,None,None,None,0,0,0,86720000,0,0,139432000,139432000,None,USD,3312565000,126353000,None,45273000,2181202000,1131363000,76144000,60885000,14411000,2860204000,23799000,1097740000,1266110000,143087000,1581259000,530000000,None,-44073000,190244000,1856211000,None,-92730000,0,1667851000,500000000,0,990374000,0,0,14411000,0,2860204000,-2064703000,None,42017000,None,1456354000,None,500000000,23799000,599943000,None,None,None,365524000,3312565000,143087000,None,144108000,USD,None,-13331000,-10997000,-3222000,-100000000,-224477000,468000,None,139432000,-22227000,213247000,12843000,16831000,-56931000,-68014000,0,0,8860000,7775000,48612000,-6137000,-28364000,67.78,62.02
