,fiscalDateEnding,reportedCurrency_x,totalRevenue,totalOperatingExpense,costOfRevenue,grossProfit,ebit,netIncome_x,researchAndDevelopment,effectOfAccountingCharges,incomeBeforeTax,minorityInterest,sellingGeneralAdministrative,otherNonOperatingIncome,operatingIncome,otherOperatingExpense,interestExpense,taxProvision,interestIncome,netInterestIncome,extraordinaryItems,nonRecurring,otherItems,incomeTaxExpense,totalOtherIncomeExpense,discontinuedOperations,netIncomeFromContinuingOperations,netIncomeApplicableToCommonShares,preferredStockAndOtherAdjustments,reportedCurrency_y,totalAssets,intangibleAssets,earningAssets,otherCurrentAssets,totalLiabilities,totalShareholderEquity,deferredLongTermLiabilities,otherCurrentLiabilities,commonStock,retainedEarnings,otherLiabilities,goodwill,otherAssets,cash,totalCurrentLiabilities,shortTermDebt,currentLongTermDebt,otherShareholderEquity,propertyPlantEquipment,totalCurrentAssets,longTermInvestments,netTangibleAssets,shortTermInvestments,netReceivables,longTermDebt,inventory,accountsPayable,totalPermanentEquity,additionalPaidInCapital,commonStockTotalEquity,preferredStockTotalEquity,retainedEarningsTotalEquity,treasuryStock,accumulatedAmortization,otherNonCurrrentAssets,deferredLongTermAssetCharges,totalNonCurrentAssets,capitalLeaseObligations,totalLongTermDebt,otherNonCurrentLiabilities,totalNonCurrentLiabilities,negativeGoodwill,warrants,preferredStockRedeemable,capitalSurplus,liabilitiesAndShareholderEquity,cashAndShortTermInvestments,accumulatedDepreciation,commonStockSharesOutstanding,reportedCurrency,investments,changeInLiabilities,cashflowFromInvestment,otherCashflowFromInvestment,netBorrowings,cashflowFromFinancing,otherCashflowFromFinancing,changeInOperatingActivities,netIncome_y,changeInCash,operatingCashflow,otherOperatingCashflow,depreciation,dividendPayout,stockSaleAndPurchase,changeInInventory,changeInAccountReceivables,changeInNetIncome,capitalExpenditures,changeInReceivables,changeInExchangeRate,changeInCashAndCashEquivalents,clossingVal,nextClossingVal
0,2020-06-30,USD,11696000000,7297000000,7297000000,11696000000,1042000000,766000000,None,None,1042000000,110000000,None,-927000000,1969000000,2430000000,957000000,166000000,None,-957000000,None,None,None,166000000,28000000,None,876000000,766000000,None,USD,145136000000,73808000000,None,674000000,108735000000,29356000000,17789000000,None,None,1202000000,20847000000,29554000000,1371000000,2097000000,9142000000,706000000,706000000,None,34074000000,4765000000,None,-74006000000,None,1994000000,77663000000,None,8436000000,None,None,None,None,1202000000,-3507000000,None,2930000000,None,140366000000,223000000,77663000000,4141000000,99593000000,None,None,None,31661000000,145136000000,2097000000,None,None,USD,-1751000000,28000000,-1751000000,-214000000,2983000000,-2612000000,-1000000,-60000000,876000000,-834000000,3529000000,-71000000,2419000000,38000000,-1155000000,None,97000000,180000000,1877000000,97000000,None,-834000000,510.04,
1,2020-03-31,USD,11738000000,7432000000,7432000000,11738000000,496000000,396000000,None,None,496000000,71000000,856000000,-1306000000,1802000000,2504000000,980000000,29000000,-1298000000,-980000000,None,None,None,29000000,-333000000,None,467000000,396000000,None,USD,146552000000,74277000000,None,760000000,109830000000,29628000000,17665000000,None,None,436000000,20784000000,29554000000,1338000000,2908000000,13215000000,4905000000,4905000000,None,34096000000,5759000000,None,-74203000000,None,2091000000,74787000000,None,8310000000,None,None,None,None,436000000,-2352000000,None,2838000000,None,140765000000,218000000,74787000000,4163000000,96615000000,None,None,None,31544000000,146552000000,2908000000,None,213000000,USD,-1850000000,-155000000,-1850000000,388000000,4339000000,-1983000000,-24000000,-104000000,467000000,-613000000,3220000000,-114000000,2485000000,39000000,23000000,None,136000000,401000000,1461000000,136000000,None,-613000000,436.31,510.04
2,2019-12-31,USD,11761000000,7309000000,7309000000,11761000000,1896000000,714000000,None,None,932000000,108000000,77000000,-63000000,1959000000,2493000000,964000000,110000000,-918000000,-964000000,None,None,None,110000000,-95000000,None,822000000,714000000,None,USD,148188000000,74775000000,None,761000000,108398000000,31445000000,17711000000,214000000,None,40000000,20377000000,29554000000,933000000,3483000000,12385000000,3500000000,3500000000,None,34591000000,6471000000,330000000,-71905000000,None,2227000000,75578000000,None,8671000000,None,None,None,None,40000000,None,None,2797000000,None,141717000000,1193000000,75578000000,2724000000,96013000000,None,None,None,31405000000,148188000000,3483000000,None,224000000,USD,-1854000000,-28000000,-1854000000,428000000,4050000000,1448000000,21000000,-172000000,822000000,2952000000,3358000000,-76000000,2444000000,-38000000,-2585000000,None,59000000,137000000,2282000000,59000000,None,2952000000,485.08,436.31
3,2019-09-30,USD,11450000000,7435000000,7435000000,11450000000,1556000000,387000000,None,None,593000000,80000000,864000000,-30000000,1586000000,2429000000,963000000,126000000,-997000000,-963000000,None,None,None,126000000,-44000000,None,467000000,387000000,None,USD,145267000000,75278000000,None,596000000,103754000000,32974000000,17609000000,210000000,None,3734000000,20331000000,29554000000,1273000000,508000000,11982000000,3509000000,3509000000,-2000000,34218000000,3388000000,None,-70867000000,None,2284000000,71390000000,None,8263000000,None,None,None,None,3734000000,-4568000000,None,2829000000,None,141879000000,1201000000,71390000000,2773000000,91772000000,None,None,None,33810000000,145267000000,508000000,None,222000000,USD,-1731000000,165000000,-1731000000,-80000000,1664000000,-1461000000,-6000000,-49000000,467000000,-249000000,2943000000,-58000000,2398000000,-38000000,-3081000000,None,-227000000,198000000,1651000000,-227000000,None,-249000000,412.12,485.08
4,2019-06-30,USD,11347000000,7244000000,7244000000,11347000000,1415000000,314000000,None,None,470000000,72000000,850000000,-126000000,1541000000,2562000000,945000000,84000000,-1075000000,-945000000,None,None,None,84000000,-188000000,None,386000000,314000000,None,USD,146085000000,75780000000,None,574000000,101939000000,35286000000,17522000000,208000000,None,3347000000,20183000000,29554000000,1316000000,696000000,9875000000,1522000000,1522000000,-2000000,34475000000,3340000000,None,-68996000000,None,2070000000,71784000000,None,8145000000,None,None,None,None,3347000000,-1801000000,None,2936000000,None,142745000000,1260000000,71784000000,2758000000,92064000000,None,None,None,33742000000,146085000000,696000000,None,226000000,USD,-1666000000,-41000000,-1666000000,-69000000,-728000000,-1875000000,-123000000,124000000,386000000,-780000000,2761000000,115000000,2483000000,-39000000,-985000000,None,-492000000,310000000,1597000000,-492000000,None,-780000000,395.18,412.12
5,2019-03-31,USD,11206000000,7236000000,5508000000,11206000000,1361000000,253000000,None,None,436000000,64000000,820000000,-64000000,1425000000,2545000000,925000000,119000000,-998000000,-925000000,None,None,None,119000000,-59000000,None,317000000,253000000,None,USD,147257000000,76316000000,None,722000000,102633000000,35734000000,17473000000,205000000,None,3033000000,20018000000,29554000000,1211000000,1451000000,11950000000,3532000000,3532000000,-2000000,34859000000,3751000000,None,-69155000000,None,1578000000,70567000000,None,8213000000,None,None,None,None,3033000000,-940000000,None,2777000000,None,143506000000,1186000000,70567000000,2643000000,90683000000,None,None,None,33643000000,147257000000,1451000000,None,228000000,USD,-2080000000,-199000000,-2080000000,-415000000,1287000000,255000000,-4000000,-300000000,317000000,861000000,2686000000,-309000000,2495000000,-39000000,-989000000,None,155000000,227000000,1665000000,155000000,None,861000000,346.91,395.18
6,2018-12-31,USD,11231000000,7139000000,4909000000,11231000000,1272000000,296000000,0,0,362000000,64000000,2285000000,-167000000,1439000000,2653000000,910000000,None,None,None,0,0,0,2000000,-1141000000,0,360000000,296000000,None,USD,146130000000,77360000000,None,107098000000,101858000000,36285000000,17389000000,4960000000,36285000000,2780000000,20115000000,29554000000,884000000,551000000,12095000000,3290000000,3290000000,-2000000,35126000000,2730000000,476000000,36285000000,None,3355000000,69537000000,None,8805000000,None,None,None,None,2780000000,None,None,None,None,35126000000,None,69537000000,2837000000,89763000000,None,None,None,33507000000,146130000000,551000000,None,236000000,USD,15000000,205000000,-2306000000,127000000,463000000,-757000000,174000000,-173000000,360000000,105000000,3168000000,-118000000,2469000000,-39000000,-1355000000,None,3000000,249000000,2433000000,3000000,None,105000000,284.97,346.91
7,2018-09-30,USD,10892000000,7012000000,4797000000,10892000000,1594000000,493000000,0,0,693000000,91000000,2008000000,214000000,1380000000,2500000000,901000000,None,None,None,0,0,0,109000000,-912000000,0,584000000,493000000,None,USD,146085000000,77455000000,None,381000000,100857000000,37105000000,17421000000,4872000000,0,4828000000,19872000000,29554000000,1133000000,612000000,11850000000,3339000000,3339000000,-2000000,34740000000,2729000000,None,-69904000000,0,1736000000,69135000000,0,8511000000,45228000000,0,0,0,4828000000,-3214000000,None,1607000000,None,143356000000,None,69135000000,2451000000,89007000000,None,None,None,35493000000,146085000000,612000000,None,234000000,USD,-15000000,-11000000,-2323000000,-205000000,448000000,-594000000,61000000,-6000000,584000000,-113000000,2804000000,-253000000,2417000000,-38000000,-1065000000,0,-117000000,184000000,2118000000,-117000000,None,-113000000,325.88,284.97
8,2018-06-30,USD,10854000000,6873000000,4690000000,10854000000,1258000000,273000000,0,0,380000000,66000000,2183000000,-102000000,1360000000,2621000000,878000000,None,None,None,0,0,0,41000000,-1009000000,0,339000000,273000000,None,USD,146251000000,78470000000,None,107941000000,100609000000,37443000000,17376000000,5013000000,0,4307000000,19855000000,29554000000,1066000000,773000000,14024000000,5387000000,5387000000,-2000000,34411000000,2750000000,None,37443000000,0,3126000000,66730000000,0,8637000000,45642000000,0,0,0,4307000000,-2281000000,None,None,None,34411000000,None,66730000000,2479000000,86585000000,None,None,None,35419000000,146251000000,773000000,None,237000000,USD,-15000000,231000000,-2369000000,22000000,1367000000,-530000000,-2000000,40000000,339000000,197000000,3096000000,103000000,2504000000,-37000000,-1858000000,0,-210000000,129000000,2391000000,-210000000,None,197000000,293.21,325.88
9,2018-03-31,USD,10657000000,6836000000,4679000000,10657000000,1102000000,168000000,0,0,251000000,55000000,2157000000,60000000,1042000000,2779000000,851000000,None,None,None,0,0,0,28000000,-860000000,0,223000000,168000000,None,USD,146151000000,79071000000,None,108601000000,99026000000,38768000000,17351000000,4842000000,0,4034000000,19815000000,29554000000,1126000000,576000000,11602000000,3340000000,3340000000,-1000000,34002000000,2398000000,None,38768000000,0,2972000000,67609000000,0,8262000000,47125000000,0,0,0,4034000000,-617000000,None,None,None,34002000000,None,67609000000,2464000000,87424000000,None,None,None,35352000000,146151000000,576000000,None,241000000,USD,-15000000,-300000000,-2738000000,-555000000,744000000,-6000000,-3000000,-131000000,223000000,-45000000,2699000000,-189000000,2621000000,-39000000,-708000000,0,226000000,118000000,2183000000,226000000,None,-45000000,311.22,293.21
10,2017-12-31,USD,10602000000,6684000000,6664000000,10602000000,1271000000,9553000000,0,0,431000000,64000000,8448000000,67000000,1204000000,2714000000,840000000,None,None,None,0,0,0,-9186000000,-2634000000,0,9617000000,9553000000,None,USD,146623000000,79270000000,None,299000000,99092000000,39084000000,17314000000,8305000000,0,3832000000,2502000000,29554000000,110180000000,621000000,11090000000,2045000000,2045000000,-1000000,33888000000,2555000000,497000000,-69740000000,0,1635000000,68186000000,0,9045000000,47531000000,35253000000,0,0,3832000000,0,None,1356000000,None,144068000000,None,68186000000,2502000000,88002000000,None,None,None,35253000000,146623000000,621000000,None,297000000,USD,-105000000,178000000,-2215000000,379000000,2160000000,-2586000000,-3000000,76000000,9617000000,-1543000000,3258000000,-31000000,2655000000,-38000000,-4705000000,0,-84000000,-9178000000,2594000000,17000000,None,-1543000000,335.96,311.22
11,2017-09-30,USD,10458000000,6703000000,6680000000,10458000000,906000000,48000000,0,0,118000000,44000000,0,-3000000,909000000,2846000000,788000000,None,None,None,0,0,0,26000000,18000000,0,92000000,48000000,None,USD,148228000000,109618000000,None,109775000000,105650000000,33229000000,26576000000,7779000000,0,1206000000,2591000000,29554000000,110796000000,2164000000,10419000000,2068000000,2068000000,-2000000,33300000000,4132000000,None,33229000000,0,2989000000,66064000000,0,8351000000,42578000000,0,0,0,1206000000,-7748000000,None,None,None,33300000000,None,66064000000,2591000000,95231000000,None,None,None,39773000000,148228000000,2164000000,None,258000000,USD,-105000000,138000000,-2328000000,65000000,4923000000,890000000,-574000000,60000000,92000000,1470000000,2908000000,66000000,2614000000,-40000000,-3993000000,0,101000000,160000000,2393000000,-162000000,None,1470000000,363.42,335.96
12,2017-06-30,USD,10357000000,6575000000,6545000000,10357000000,992000000,139000000,0,0,243000000,56000000,0,-60000000,1052000000,2730000000,749000000,None,None,None,0,0,0,48000000,-104000000,0,195000000,139000000,None,USD,146960000000,110762000000,None,110482000000,100527000000,36628000000,26574000000,7539000000,0,1158000000,2582000000,29554000000,111448000000,694000000,8123000000,63248000000,63248000000,-4000000,32948000000,2564000000,None,36628000000,0,2836000000,63248000000,0,8123000000,46433000000,0,0,0,1158000000,-4223000000,None,None,None,32948000000,None,63248000000,2582000000,92404000000,None,None,None,39697000000,146960000000,694000000,None,267000000,USD,-105000000,187000000,-1843000000,305000000,431000000,-3328000000,-6000000,60000000,195000000,-2226000000,2945000000,137000000,2507000000,-37000000,-3716000000,0,61000000,94000000,2148000000,-175000000,None,-2226000000,336.85,363.42
13,2017-03-31,USD,10164000000,6579000000,6528000000,10164000000,949000000,155000000,0,0,236000000,56000000,0,8000000,941000000,2644000000,713000000,None,None,None,0,0,0,25000000,-705000000,0,211000000,155000000,None,USD,149444000000,111385000000,None,111181000000,99540000000,39720000000,26576000000,6991000000,0,1019000000,2607000000,29526000000,112079000000,2920000000,9520000000,2007000000,2007000000,-6000000,32699000000,4666000000,None,39720000000,0,2644000000,60837000000,0,7513000000,49904000000,0,0,0,1019000000,-895000000,None,None,None,32699000000,None,60837000000,2607000000,90020000000,None,None,None,39602000000,149444000000,2920000000,None,273000000,USD,-105000000,-54000000,-1712000000,-157000000,1144000000,254000000,-2000000,-83000000,211000000,1385000000,2843000000,-117000000,2442000000,-38000000,-850000000,0,236000000,125000000,1555000000,236000000,None,1385000000,327.32,336.85
14,2016-12-31,USD,10275000000,6498000000,6420000000,10275000000,-992000000,454000000,0,0,779000000,115000000,5846000000,-2431000000,1439000000,2338000000,728000000,None,None,None,0,0,0,210000000,-2187000000,0,569000000,454000000,None,USD,149067000000,81924000000,None,333000000,98701000000,40139000000,26665000000,7090000000,0,733000000,2745000000,29509000000,112804000000,1535000000,9572000000,2028000000,2028000000,-7000000,32963000000,3300000000,530000000,-71294000000,0,1432000000,59719000000,0,7544000000,50366000000,39413000000,0,0,733000000,0,None,1371000000,None,145767000000,None,59719000000,2745000000,89129000000,None,None,None,39413000000,149067000000,1535000000,None,235000000,USD,-105000000,498000000,-1385000000,-22945000000,10750000000,-1471000000,-87000000,111000000,569000000,370000000,3226000000,-367000000,2387000000,151000000,377000000,0,-160000000,297000000,37572000000,-158000000,None,370000000,287.92,327.32
15,2016-09-30,USD,10037000000,6482000000,6450000000,10037000000,990000000,189000000,0,0,266000000,61000000,0,66000000,924000000,2631000000,724000000,None,None,None,0,0,0,16000000,97000000,0,250000000,189000000,None,USD,148897000000,112527000000,None,112223000000,97822000000,40277000000,26260000000,6119000000,0,1007000000,2969000000,30165000000,113235000000,1165000000,8647000000,2050000000,2050000000,-8000000,32881000000,2781000000,None,40277000000,0,2628000000,59946000000,0,6597000000,51075000000,39726000000,0,0,1007000000,-448000000,None,None,None,32881000000,None,59946000000,2969000000,89175000000,None,None,None,39726000000,148897000000,1165000000,None,275000000,USD,None,1000000,-1802000000,-54000000,-50000000,-389000000,-2000000,74000000,250000000,610000000,2801000000,45000000,2330000000,-37000000,-302000000,0,2000000,77000000,1748000000,98000000,None,610000000,269.97,287.92
16,2016-06-30,USD,6161000000,4004000000,3979000000,6161000000,528000000,3067000000,0,0,-65000000,47000000,0,-162000000,690000000,1467000000,593000000,None,None,None,0,0,0,-3179000000,-293000000,0,3114000000,3067000000,None,USD,149195000000,112779000000,None,112521000000,98163000000,40240000000,26339000000,6288000000,0,818000000,2885000000,29692000000,113512000000,555000000,8807000000,2071000000,2071000000,-9000000,33358000000,2325000000,None,40240000000,0,2761000000,60132000000,0,6736000000,51032000000,39530000000,0,0,818000000,-99000000,None,None,None,33358000000,None,60132000000,2885000000,89356000000,None,None,None,39530000000,149195000000,555000000,None,205000000,USD,None,527000000,-7567000000,22503000000,249000000,5254000000,87000000,32000000,3114000000,-723000000,1590000000,-286000000,1388000000,-18000000,4936000000,0,100000000,-3029000000,30070000000,-124000000,None,-723000000,228.64,269.97
17,2016-03-31,USD,2530000000,1671000000,1650000000,2530000000,294000000,-188000000,0,0,-160000000,0,0,-8000000,302000000,557000000,454000000,None,None,None,0,0,0,28000000,-462000000,0,-188000000,-188000000,None,USD,40524000000,8227000000,None,8055000000,40743000000,-219000000,1618000000,1785000000,0,-2249000000,76000000,1168000000,30618000000,1278000000,1925000000,None,None,-11000000,8294000000,1612000000,None,-219000000,0,584000000,37124000000,0,1925000000,0,0,0,0,-2249000000,-16000000,None,22313000000,None,30607000000,None,37124000000,76000000,38818000000,None,None,None,2057000000,40524000000,1278000000,None,102000000,USD,None,3000000,-536000000,-107000000,1395000000,1385000000,1000000,None,-188000000,1273000000,424000000,-21000000,546000000,0,-11000000,0,24000000,60000000,429000000,24000000,None,1273000000,202.43,228.64
18,2015-12-31,USD,2512000000,1624000000,1602000000,2512000000,325000000,-122000000,0,0,-110000000,10227000000,1718000000,2000000,323000000,565000000,435000000,None,None,None,0,0,0,12000000,-1245000000,0,-122000000,-122000000,None,USD,39316000000,6862000000,None,61000000,39362000000,-46000000,1590000000,1838000000,0,-2061000000,77000000,1168000000,30626000000,5000000,1972000000,35733000000,35733000000,-13000000,8345000000,345000000,55000000,-8076000000,0,279000000,35723000000,0,1972000000,0,0,0,0,-2061000000,0,None,22596000000,None,38971000000,None,35723000000,77000000,37390000000,None,None,None,2028000000,39316000000,5000000,None,101000000,USD,-105000000,125000000,-3167000000,-2619000000,2567000000,2561000000,-36000000,-3000000,-122000000,5000000,611000000,16000000,552000000,0,-6000000,0,5000000,28000000,548000000,12000000,None,5000000,183.1,202.43
19,2015-09-30,USD,2450000000,1620000000,1608000000,2450000000,265000000,54000000,0,0,-88000000,0,0,-8000000,273000000,557000000,353000000,None,None,None,0,0,0,-142000000,-5000000,0,54000000,54000000,None,USD,36873000000,8347000000,None,8204000000,36813000000,60000000,1616000000,1708000000,0,-1911000000,87000000,1168000000,28186000000,0,1829000000,None,None,-15000000,8281000000,406000000,None,60000000,0,762000000,33281000000,0,1829000000,0,0,0,0,-1911000000,-24000000,None,19626000000,None,27907000000,None,33281000000,87000000,34984000000,None,None,None,2010000000,36873000000,None,None,102000000,USD,None,175000000,-20107000000,-19598000000,19373000000,19388000000,None,None,54000000,-30000000,689000000,1000000,544000000,0,15000000,0,7000000,-115000000,509000000,30000000,None,-30000000,175.85,183.1
