,fiscalDateEnding,reportedCurrency_x,totalRevenue,totalOperatingExpense,costOfRevenue,grossProfit,ebit,netIncome_x,researchAndDevelopment,effectOfAccountingCharges,incomeBeforeTax,minorityInterest,sellingGeneralAdministrative,otherNonOperatingIncome,operatingIncome,otherOperatingExpense,interestExpense,taxProvision,interestIncome,netInterestIncome,extraordinaryItems,nonRecurring,otherItems,incomeTaxExpense,totalOtherIncomeExpense,discontinuedOperations,netIncomeFromContinuingOperations,netIncomeApplicableToCommonShares,preferredStockAndOtherAdjustments,reportedCurrency_y,totalAssets,intangibleAssets,earningAssets,otherCurrentAssets,totalLiabilities,totalShareholderEquity,deferredLongTermLiabilities,otherCurrentLiabilities,commonStock,retainedEarnings,otherLiabilities,goodwill,otherAssets,cash,totalCurrentLiabilities,shortTermDebt,currentLongTermDebt,otherShareholderEquity,propertyPlantEquipment,totalCurrentAssets,longTermInvestments,netTangibleAssets,shortTermInvestments,netReceivables,longTermDebt,inventory,accountsPayable,totalPermanentEquity,additionalPaidInCapital,commonStockTotalEquity,preferredStockTotalEquity,retainedEarningsTotalEquity,treasuryStock,accumulatedAmortization,otherNonCurrrentAssets,deferredLongTermAssetCharges,totalNonCurrentAssets,capitalLeaseObligations,totalLongTermDebt,otherNonCurrentLiabilities,totalNonCurrentLiabilities,negativeGoodwill,warrants,preferredStockRedeemable,capitalSurplus,liabilitiesAndShareholderEquity,cashAndShortTermInvestments,accumulatedDepreciation,commonStockSharesOutstanding,reportedCurrency,investments,changeInLiabilities,cashflowFromInvestment,otherCashflowFromInvestment,netBorrowings,cashflowFromFinancing,otherCashflowFromFinancing,changeInOperatingActivities,netIncome_y,changeInCash,operatingCashflow,otherOperatingCashflow,depreciation,dividendPayout,stockSaleAndPurchase,changeInInventory,changeInAccountReceivables,changeInNetIncome,capitalExpenditures,changeInReceivables,changeInExchangeRate,changeInCashAndCashEquivalents,clossingVal,nextClossingVal
0,2020-06-30,USD,25443000,18114000,None,25443000,7329000,6504000,None,None,7329000,None,18114000,None,7329000,3458000,2509000,825000,24584000,22075000,None,None,None,825000,None,None,6504000,6504000,None,USD,2812153000,8001000,453730000,None,2475540000,336613000,None,2069261000,276841000,78712000,None,76851000,2057284000,196520000,2213091000,125000000,0,13654000,23137000,207567000,2415170000,251761000,368383000,11047000,238841000,None,18830000,None,None,276841000,None,78712000,-32594000,None,81427000,None,2604586000,None,238841000,23608000,262449000,None,None,None,None,2812153000,196520000,None,None,USD,-287076000,0,-288346000,-10000,184604000,242807000,60322000,None,6504000,-59503000,-13964000,None,None,-1764000,-355000,None,None,-21417000,1260000,None,None,-59503000,15.4,
1,2020-03-31,USD,26865000,17856000,None,26865000,9009000,7833000,None,None,9009000,None,17856000,None,9009000,3205000,2887000,1176000,25002000,22115000,None,None,None,1176000,None,None,7833000,7833000,None,USD,2575856000,8068000,439850000,None,2247689000,328167000,None,1991939000,276546000,73972000,None,76851000,1779193000,256023000,2070563000,17000000,17000000,9888000,22443000,263243000,2099695000,243248000,365886000,7220000,154427000,None,61624000,None,None,276546000,None,73972000,-32239000,None,105556000,None,2312613000,None,154427000,22699000,177126000,None,None,None,None,2575856000,256023000,None,17000000,USD,-37958000,0,-37836000,257000,4025000,219770000,228675000,None,7833000,207488000,25554000,None,None,-1835000,-11095000,None,None,16866000,135000,None,None,207488000,14.96,15.4
2,2019-12-31,USD,25962000,17128000,None,25962000,8834000,7840000,None,None,8834000,None,17128000,None,8834000,2239000,3299000,995000,24521000,21222000,None,None,None,994000,-76000,None,7840000,7683000,157000,USD,2309557000,8305000,427254000,16505000,1979431000,330126000,None,1678764000,276422000,67974000,None,76851000,1746302000,48535000,1704830000,226500000,226500000,6874000,22871000,55628000,2054987000,244970000,358499000,7093000,29427000,None,26066000,None,None,276422000,None,67974000,-21144000,None,90915000,None,2253929000,None,29427000,245174000,274601000,None,None,None,None,2309557000,48535000,None,17000000,USD,-67084000,1341000,-68554000,2000,73586000,37866000,-33459000,1341000,33878000,-13684000,17004000,-153000,4469000,-1859000,-402000,None,None,361000,1472000,-370000,None,-13684000,24.0,14.96
3,2019-09-30,USD,25697000,16731000,None,25697000,8966000,7708000,None,None,8966000,None,16731000,None,8966000,3732000,3605000,1258000,24023000,20418000,None,None,None,1258000,-234000,None,7708000,7546000,162000,USD,2269065000,8610000,430447000,23605000,1939802000,329263000,None,1632621000,267559000,62023000,None,76851000,1698945000,62219000,1840287000,181100000,181100000,11667000,22201000,69720000,1998766000,234644000,355287000,7501000,84427000,None,26566000,None,None,267559000,9158000,62023000,-21144000,None,92917000,None,2199345000,None,84427000,15088000,99515000,None,None,None,None,2269065000,62219000,None,17000000,USD,-42137000,0,-43215000,-80226000,-466000,53442000,59701000,1341000,7708000,12380000,2153000,None,837000,-1884000,-3909000,None,None,-6392000,1078000,None,None,12380000,21.73,24.0
4,2019-06-30,USD,26846000,16639000,None,26846000,10207000,8661000,None,None,10207000,None,16639000,None,10207000,3792000,3184000,1546000,24926000,21742000,None,None,None,1546000,-341000,None,8661000,8497000,164000,USD,2202995000,8855000,427846000,21174000,1878783000,324212000,None,1632720000,267275000,56199000,None,76851000,1647771000,49839000,1778802000,121300000,121300000,8609000,21720000,57189000,1947020000,229142000,359473000,7350000,84427000,None,24782000,None,None,267275000,9364000,56199000,-17235000,None,91360000,None,2145806000,None,84427000,15554000,99981000,None,None,None,None,2202995000,49839000,None,17000000,USD,-29104000,0,-29539000,-38089000,43584000,-92180000,-133881000,1341000,8661000,-114255000,7464000,None,778000,-1883000,None,None,None,-1975000,435000,None,None,-114255000,22.45,21.73
5,2019-03-31,USD,28003000,16449000,None,28003000,11554000,9669000,None,None,11554000,None,16449000,None,11554000,3256000,2865000,1885000,24584000,21719000,None,None,None,1885000,-432000,None,9669000,9505000,164000,USD,2277702000,9104000,416969000,96058000,1965645000,312057000,None,1765801000,266990000,49421000,None,76851000,1619129000,164094000,1787148000,5000000,5000000,3517000,21772000,171398000,1910749000,216738000,349934000,7304000,29427000,None,21347000,None,None,266990000,9364000,49421000,-17235000,None,87828000,None,2106304000,None,29427000,149070000,178497000,None,None,None,None,2277702000,164094000,None,17000000,USD,-8771000,0,-9201000,-214000,-229000,117611000,119408000,1341000,9669000,121315000,12905000,None,744000,-1568000,None,None,None,2492000,216000,None,None,121315000,21.83,22.45
6,2018-12-31,USD,25192000,16390000,0,25192000,8802000,7569000,0,0,8802000,0,16390000,None,8802000,2722000,2962000,None,None,None,0,0,0,1233000,-720000,0,7569000,7404000,165000,USD,2138954000,9352000,None,17005000,1840056000,298898000,None,1579893000,266901000,41320000,None,76851000,1607176000,42779000,1594830000,5000000,5000000,-1452000,22021000,49502000,1895947000,203331000,None,6723000,29427000,None,14937000,None,None,266901000,9364000,41320000,-17235000,None,85281000,None,2089452000,None,29427000,215799000,245226000,None,None,None,None,2138954000,42779000,None,14000000,USD,-75219000,1810000,-75215000,952000,3684000,52771000,50638000,1810000,14139000,-21975000,469000,387000,3218000,-1551000,None,None,None,1688000,1483000,-1285000,None,-21975000,17.42,21.83
7,2018-09-30,USD,18722000,22156000,2452000,18722000,-3434000,-3433000,0,0,-3434000,0,22156000,None,-3434000,3135000,2062000,None,None,None,0,0,0,-1000,-8837000,0,-3433000,-3625000,192000,USD,2085535000,9648000,None,14186000,1796147000,289388000,0,1577755000,265324000,35302000,25350000,76316000,1561313000,64754000,1603105000,None,None,-4881000,22518000,71632000,1823304000,192546000,0,6878000,29427000,4025000,25350000,0,0,265324000,10878000,35302000,-17235000,None,82117000,None,2013903000,None,29427000,163615000,193042000,None,None,None,None,2085535000,64754000,None,13000000,USD,-81792000,0,61773000,143797000,4285000,-52339000,-55461000,1810000,-3433000,23598000,14164000,None,361000,-1163000,0,0,0,17236000,15955000,None,None,23598000,24.09,17.42
8,2018-06-30,USD,19156000,15928000,1394000,19156000,3228000,3014000,0,0,3228000,0,15928000,None,3228000,2673000,1394000,None,None,None,0,0,0,214000,-142000,0,3014000,2715000,299000,USD,1548454000,1247000,None,16831000,1358606000,189848000,0,1146172000,158191000,39898000,12577000,27095000,1203142000,41156000,1158749000,199857000,199857000,-4256000,17308000,276658000,1171223000,148256000,231013000,4489000,29427000,4058000,12577000,0,0,158191000,13250000,39898000,-17235000,None,54923000,None,1271796000,None,29427000,170430000,199857000,None,None,None,None,1548454000,272169000,None,13000000,USD,-24064000,0,-23986000,265000,-3222000,-52539000,-48299000,1810000,3014000,-77814000,-1289000,None,356000,-1018000,0,0,0,-4659000,187000,None,None,-77814000,24.24,24.09
9,2018-03-31,USD,20388000,12205000,1152000,20388000,8183000,6989000,0,0,8183000,0,12205000,None,8183000,2294000,1152000,None,None,None,0,0,0,1194000,-184000,0,6989000,6686000,303000,USD,1600305000,1259000,None,62620000,1412262000,188043000,0,1290671000,154170000,37902000,14712000,27095000,1175533000,119843000,1305383000,106879000,106879000,-3828000,17424000,372974000,1143323000,142655000,248289000,4842000,29427000,11000,14712000,0,0,154170000,17034000,37902000,-17235000,None,38230000,None,1227331000,None,29427000,77452000,106879000,None,None,None,None,1600305000,368132000,None,13000000,USD,3408000,0,3310000,7000,-14303000,68528000,83848000,1810000,6989000,78451000,6613000,None,341000,-1017000,0,0,0,-717000,105000,None,None,78451000,22.86,24.24
10,2017-12-31,USD,70836000,72117000,1276000,70836000,-20589000,3980000,0,0,5806000,0,8723000,None,35495000,13648000,2137000,None,None,None,0,0,0,1826000,-1367000,0,9095000,3671000,None,USD,1525857000,1279000,None,10797000,1341396000,184461000,0,1204923000,153810000,31652000,13391000,27095000,313987000,40519000,1218314000,10000000,10000000,-1124000,17611000,290316000,1153724000,138729000,245309000,4488000,29427000,2213000,13391000,0,0,153810000,17358000,31652000,-17235000,None,35832000,None,1235541000,None,29427000,93655000,123082000,None,None,None,None,1525857000,285828000,None,12000000,USD,-35462000,229000,-146180000,87000,16230000,129185000,83820000,1347000,3980000,3824000,20819000,None,1907000,-3682000,32821000,1816000,0,1064000,1015000,None,None,None,22.0,22.86
11,2017-09-30,USD,17145000,12167000,1157000,17145000,4978000,3660000,0,0,4978000,0,12167000,None,4978000,-6940000,1894000,None,None,None,0,0,0,1318000,0,0,3660000,3352000,308000,USD,1496088000,1360000,None,14884000,1314107000,181981000,0,1201289000,153562000,28494000,11493000,27095000,311271000,33394000,1212782000,101325000,101325000,-397000,17688000,282059000,1133708000,135969000,243666000,4999000,29427000,4689000,11493000,0,0,153562000,17557000,28494000,-17235000,None,34178000,None,1214029000,None,29427000,71898000,101325000,None,None,None,None,1496088000,277060000,None,13000000,USD,-40846000,0,-41066000,72000,2418000,31347000,29851000,1347000,3661000,-6121000,3598000,None,0,-918000,-4000,0,0,-553000,220000,None,None,-6121000,22.34,22.0
12,2017-06-30,USD,17468000,12549000,859000,17468000,4919000,3596000,0,0,4919000,0,12549000,None,4919000,1901000,-739000,None,None,None,0,0,0,1323000,0,0,3596000,3288000,308000,USD,1462015000,1494000,None,19127000,1283172000,178843000,0,1164888000,153495000,25751000,12827000,27095000,312198000,39515000,1177715000,105457000,105457000,-736000,17777000,287865000,1092498000,132686000,244422000,3928000,29427000,4755000,12827000,0,0,153495000,17568000,25751000,-17235000,None,35286000,None,1174150000,None,29427000,76030000,105457000,None,None,None,None,1462015000,283937000,None,13000000,USD,-31939000,0,-32020000,50000,-10944000,-110135000,-98265000,1347000,3596000,-142931000,-776000,None,0,-918000,-8000,0,0,-4853000,131000,None,None,-142931000,20.88,22.34
13,2017-03-31,USD,18030000,11502000,800000,18030000,6528000,4635000,0,0,6528000,0,11502000,None,6528000,167000,800000,None,None,None,0,0,0,1893000,0,0,4635000,4316000,319000,USD,1569015000,1632000,None,62827000,1394278000,174737000,0,1311453000,153167000,23073000,14724000,27095000,304920000,182446000,1326177000,38674000,38674000,-1976000,17952000,424223000,1063680000,128302000,237317000,4460000,29427000,1757000,14724000,0,0,153167000,17708000,23073000,-17235000,None,34433000,None,1144792000,None,29427000,38674000,68101000,None,None,None,None,1569015000,419763000,None,12000000,USD,-46608000,0,-46851000,161000,-7751000,183603000,159350000,1347000,4635000,145751000,8999000,None,0,-825000,32829000,0,0,3889000,404000,None,None,145751000,22.16,20.88
14,2016-12-31,USD,67691000,42292000,849000,67691000,17416000,3631000,0,0,4999000,0,7444000,None,36071000,4702000,3263000,None,None,None,0,0,0,1368000,-1563000,0,29080000,3286000,None,USD,1377263000,1784000,None,9009000,1239647000,137616000,0,1121103000,118975000,19263000,11692000,27095000,278142000,36695000,1132795000,106852000,106852000,-2337000,17920000,250468000,1044469000,89787000,209919000,3854000,29427000,2305000,11692000,0,0,118975000,18950000,19263000,-17235000,None,35527000,None,1126795000,None,29427000,77425000,106852000,None,None,None,None,1377263000,246614000,None,11000000,USD,-3321000,61000,-63575000,-4488000,-18815000,47000000,69070000,-1611000,3631000,1134000,17709000,None,2030000,-3254000,0,2180000,48000,27000,2437000,None,None,None,19.43,22.16
15,2016-09-30,USD,16179000,11195000,843000,16179000,4984000,3680000,0,0,4984000,0,11195000,None,4984000,4684000,64000,None,None,None,0,0,0,1304000,0,0,3680000,3306000,374000,USD,1372280000,1943000,None,None,1233971000,138309000,0,1134153000,118126000,16471000,13678000,27095000,285306000,33229000,1147831000,56713000,56713000,1171000,17340000,252669000,1036343000,89495000,214893000,4547000,29427000,2889000,13678000,0,0,118126000,19776000,16471000,-17235000,None,36890000,None,1119611000,None,29427000,56713000,86140000,None,None,None,None,1372280000,248122000,None,11000000,USD,-21428000,None,-21980000,373000,3988000,9985000,6846000,None,3680000,-8543000,3452000,None,0,-849000,0,0,0,None,925000,None,None,-8543000,14.18,19.43
16,2016-06-30,USD,18315000,11050000,-818000,18315000,7265000,5181000,0,0,7265000,0,11050000,None,7265000,-1128000,-837000,None,None,None,0,0,0,2084000,0,0,5181000,4790000,391000,USD,1359911000,2091000,None,None,1223708000,136203000,0,1115007000,115750000,13640000,14249000,27095000,281779000,41772000,1129256000,65025000,65025000,1924000,16711000,259947000,1019542000,84893000,214377000,3798000,29427000,5274000,14249000,0,0,115750000,22124000,13640000,-17235000,None,34525000,None,1099964000,None,29427000,65025000,94452000,None,None,None,None,1359911000,256149000,None,11000000,USD,-18636000,None,-20566000,-1689000,-6547000,-142303000,-134973000,None,5181000,-172635000,-9766000,None,0,-783000,0,0,0,None,241000,None,None,-172635000,13.1,14.18
17,2016-03-31,USD,17495000,10907000,818000,17495000,6588000,4725000,0,0,6588000,0,10907000,None,6588000,0,818000,None,None,None,0,0,0,1863000,0,0,4725000,4334000,391000,USD,1506896000,2242000,None,None,1376356000,130540000,0,1279780000,115442000,9242000,25377000,27095000,282096000,214407000,1305157000,None,None,818000,16773000,429743000,997958000,78930000,215336000,None,29427000,2250000,25377000,0,0,115442000,22273000,9242000,-17235000,None,33085000,None,1077153000,None,29427000,41772000,71199000,None,None,None,None,1506896000,429743000,None,11000000,USD,-7182000,None,-11282000,-3974000,-768000,172496000,174047000,None,4725000,178846000,17632000,None,0,-783000,0,0,0,None,126000,None,None,178846000,10.31,13.1
18,2015-12-31,USD,60470000,40861000,815000,60470000,0,3199000,0,0,4566000,0,6954000,None,31017000,7991000,2487000,None,None,None,0,0,0,1367000,-2083000,0,12745000,2808000,None,USD,1315041000,2409000,None,9048000,1189868000,125173000,0,1052033000,115330000,5300000,12168000,27095000,272556000,35561000,1064201000,125667000,125667000,-495000,16944000,245262000,993766000,73396000,209701000,3902000,29427000,2814000,12168000,0,0,115330000,22273000,5300000,-17235000,None,29565000,None,1069779000,None,29427000,96240000,125667000,None,None,None,None,1315041000,245262000,None,11000000,USD,-39000,-410000,-11904000,4357000,9427000,2534000,-3754000,-1009000,3199000,5703000,15073000,None,1933000,-3139000,0,892000,144000,1825000,1999000,None,None,None,12.83,10.31
19,2015-09-30,USD,15078000,10666000,1222000,15078000,4412000,3253000,0,0,4412000,0,10666000,None,4412000,0,-3000,None,None,None,0,0,0,1159000,0,0,3253000,2862000,391000,USD,1313331000,2588000,None,None,1189994000,123337000,0,1055959000,115267000,2884000,11521000,27095000,276280000,33619000,1067480000,None,None,148000,16200000,245598000,991618000,71381000,211979000,None,29427000,1717000,11521000,0,0,115267000,22273000,2884000,-17235000,None,30232000,None,1067733000,None,29427000,93087000,122514000,None,None,None,None,1313331000,245598000,None,11000000,USD,-2125000,None,-2221000,110000,3427000,-304000,-2947000,None,3254000,-1473000,1052000,None,0,-784000,0,0,0,None,1000000,None,None,-1473000,10.13,12.83
