,fiscalDateEnding,reportedCurrency_x,totalRevenue,totalOperatingExpense,costOfRevenue,grossProfit,ebit,netIncome_x,researchAndDevelopment,effectOfAccountingCharges,incomeBeforeTax,minorityInterest,sellingGeneralAdministrative,otherNonOperatingIncome,operatingIncome,otherOperatingExpense,interestExpense,taxProvision,interestIncome,netInterestIncome,extraordinaryItems,nonRecurring,otherItems,incomeTaxExpense,totalOtherIncomeExpense,discontinuedOperations,netIncomeFromContinuingOperations,netIncomeApplicableToCommonShares,preferredStockAndOtherAdjustments,reportedCurrency_y,totalAssets,intangibleAssets,earningAssets,otherCurrentAssets,totalLiabilities,totalShareholderEquity,deferredLongTermLiabilities,otherCurrentLiabilities,commonStock,retainedEarnings,otherLiabilities,goodwill,otherAssets,cash,totalCurrentLiabilities,shortTermDebt,currentLongTermDebt,otherShareholderEquity,propertyPlantEquipment,totalCurrentAssets,longTermInvestments,netTangibleAssets,shortTermInvestments,netReceivables,longTermDebt,inventory,accountsPayable,totalPermanentEquity,additionalPaidInCapital,commonStockTotalEquity,preferredStockTotalEquity,retainedEarningsTotalEquity,treasuryStock,accumulatedAmortization,otherNonCurrrentAssets,deferredLongTermAssetCharges,totalNonCurrentAssets,capitalLeaseObligations,totalLongTermDebt,otherNonCurrentLiabilities,totalNonCurrentLiabilities,negativeGoodwill,warrants,preferredStockRedeemable,capitalSurplus,liabilitiesAndShareholderEquity,cashAndShortTermInvestments,accumulatedDepreciation,commonStockSharesOutstanding,reportedCurrency,investments,changeInLiabilities,cashflowFromInvestment,otherCashflowFromInvestment,netBorrowings,cashflowFromFinancing,otherCashflowFromFinancing,changeInOperatingActivities,netIncome_y,changeInCash,operatingCashflow,otherOperatingCashflow,depreciation,dividendPayout,stockSaleAndPurchase,changeInInventory,changeInAccountReceivables,changeInNetIncome,capitalExpenditures,changeInReceivables,changeInExchangeRate,changeInCashAndCashEquivalents,clossingVal,nextClossingVal
0,2020-06-30,USD,31054312,31466666,23074093,7980219,556905,-231509,None,None,-331022,-1969888,8392573,None,-412354,None,127387,57570,163588,36201,None,None,None,57570,45131,None,-388592,-231509,None,USD,100575570,4343563,None,None,72727864,29817594,None,None,37962,-36632346,83125,None,2263832,18477212,52176073,None,31137365,1533993,26446937,63557480,3963758,25474031,157644,8984595,3551507,11141411,16107594,None,None,None,None,None,None,None,816285,None,37018090,17383372,None,14145,20551791,None,None,None,None,None,None,None,None,USD,-1597437,-5505493,-1597437,None,162511,9470664,-56447,-1183808,-231509,2589722,-5478357,None,760540,None,None,1140697,444672,-133873,189282,None,None,None,1.38,
1,2020-03-31,USD,30329844,32883162,24841588,5488256,-1410777,-2985237,None,None,-3188477,-1812805,8041574,None,-2553318,None,None,-16,402587,-295931,None,None,None,-16,-339228,None,-3188461,-2985237,None,USD,99516233,3393960,None,1528540,80738104,20590934,None,2179448,32937,-36400837,134597,None,2250936,30982606,57437974,30303843,30303843,2749533,8376087,60987212,2544451,17196974,157159,16071903,4115958,12247004,24954683,None,None,32937,None,-36400837,None,None,24214523,None,38529021,20030665,4115958,19184172,23300130,None,None,None,54209301,99516233,31139765,None,32936786,USD,-3122437,6079349,-3122437,-2552730,6194291,6315674,121383,349865,-2985237,7088236,4366745,None,509892,None,9273080,-1504497,1013434,844450,555340,None,None,None,1.81,1.38
2,2019-12-31,USD,33363282,6730460,26079910,7283372,458105,531782,None,None,458105,-75861,6730460,-94807,552912,None,None,2184,272773,272773,None,None,None,2184,-367580,None,455921,531782,None,USD,85798498,3715629,None,1505995,63371032,24062006,71757,1986288,32937,-33415600,191757,None,2339503,23894370,45735467,26651337,24061151,3235368,8845210,55292813,9846,20346377,159946,18769825,4773114,10962677,17097842,None,None,32937,None,-33415600,None,None,17935000,None,22408257,13080450,12670694,120000,12862451,None,None,None,54209301,85798498,24054316,None,32936786,USD,-268911,-8335119,-268911,14370,6265855,6317351,51496,-2562030,531782,-5390799,-12248199,None,521018,None,9273080,1509262,-3136497,-806977,268824,None,None,None,1.82,1.81
3,2019-09-30,USD,28353779,29970198,21660415,6693364,-1063687,-1224963,None,None,-1341265,-1547939,8309783,None,-1616419,None,None,5702,340514,340514,None,None,None,5702,-65360,None,-1346967,-1224963,None,USD,87149801,4730176,None,11890050,65526384,23171356,None,4501302,32937,-33947382,131876,None,2201973,17395116,53180719,21383420,21616903,1567391,23749631,56456261,11760,18441180,156128,7243629,428047,12177952,23606067,None,None,None,None,None,None,None,834706,None,30693540,14053447,428050,77048,12345665,None,None,None,54209300,None,17551240,None,33000000,USD,-273722,10906183,-273722,14460,-1639642,-1637644,1998,-335240,-1224963,6135016,9138273,None,552732,None,9273080,-1876482,1514969,-119850,273521,None,None,None,1.2,1.82
4,2019-06-30,USD,25280784,28039509,19219346,6061438,-2259550,-2134951,None,None,-2369782,-1435643,8820163,-14612,-2758725,None,None,8388,47873,47873,None,None,None,8388,341070,None,-2378170,-2134951,None,USD,80217704,4954282,None,14808990,56720690,24932657,80081,5935510,32937,-32722416,141774,None,2905462,8341167,48660016,24574960,24574955,2103726,22184873,50156769,16318,19978375,162273,8590075,None,10806698,13674741,None,None,32937,None,-32722416,None,None,855243,None,30060935,12657532,7918900,80081,8060674,None,None,None,54209300,80217704,8503440,None,32000000,USD,-1171543,-8968168,-1171543,14660,-794752,8018325,-460000,63213,-2134951,-1595049,-8164764,-283645,499175,None,9273080,2851652,-959680,146017,1186201,-507300,-277067,-1595049,1.1,1.2
5,2019-03-31,USD,26452851,3102221,19894498,6558353,3545031,3188528,None,None,3218579,-1194039,3102221,88899,3456132,None,None,30050,-131810,20691,None,None,None,30051,-258244,None,3188528,3188528,None,USD,72730636,3597323,None,2063375,55759469,18165206,465248,1567121,28937,-30587468,547183,None,3353470,24745202,55212286,29148894,25951673,3818073,9552617,56202981,24243,14567883,180928,15258274,None,13955202,24496271,None,None,28937,None,-30587468,None,None,3353472,None,7800297,None,None,81935,547183,None,None,None,44905664,72730636,24926130,None,28936778,USD,36,1633972,-478896,62,99275,99090,-7714,-2838731,3188528,4339858,4719664,-1194697,739145,None,7529,1304459,3944888,-4396795,478994,3445052,-202186,4137672,2.62,1.1
6,2018-12-31,USD,30916549,9261439,23780763,7135786,-2159009,-2206967,0,None,-2159009,-437342,9261439,-33356,-2125653,None,0,47960,None,None,None,None,None,47958,-33356,None,-2206967,-2206967,None,USD,67025257,3570986,None,1468188,53320838,14141761,79957,2218341,28937,-33572688,392708,None,3025877,20607529,52928130,29122430,None,3937923,9154934,50876895,34208,10570775,176560,18141559,None,10483059,21587359,None,None,28937,None,-33572688,None,None,3388234,None,7720492,None,None,312751,392708,None,None,None,43747589,67025257,20784089,None,28936778,USD,-14904,-3929096,-6458355,-29879,12034789,12116833,82044,-3308555,-2206967,-1742946,-7401424,-2088778,379338,None,7540,3116665,-3227706,511653,6413572,-3184239,-891433,-2634379,2.0,2.62
7,2018-09-30,USD,27409046,7439007,21611945,5797101,-1603130,-1602715,0,None,-1603130,-634932,7439007,38776,-1641906,None,0,None,None,None,None,None,None,-415,38776,None,-1602715,-1602715,None,USD,64703020,3567044,None,1484108,49437020,15900932,227635,5162634,28937,-31894456,227635,0,3154568,23708969,49209385,20333010,None,4068542,3273852,54270964,42268,12333888,162224,15116225,0,13799438,23713741,0,0,28937,0,-31894456,0,None,3548892,None,7893155,None,None,None,227635,None,None,None,43697909,64703020,23871193,None,28936778,USD,106940,3494322,-131033,0,-886971,-886933,38,1347281,-1602715,-1357225,-339259,-102053,264835,0,0,-965677,-1911411,735450,237973,-2163421,-625835,-1983060,1.61,2.0
8,2018-06-30,USD,22772566,6181506,17155763,5616803,-639446,-696615,0,None,-639446,-50763,6181506,-74743,-564703,None,0,None,None,None,None,None,None,57169,-74743,None,-696615,-696615,None,USD,64576776,3919088,None,1509159,46357955,18887327,145770,4755695,28937,-30307042,145770,0,3380514,22942474,46212185,18131426,14314353,5517203,3500176,53198602,153573,14968239,172498,14871226,0,13703245,23325064,0,0,28937,0,-30307042,0,None,3805337,None,8669793,None,None,None,145770,None,None,None,43648229,64576776,23114972,None,25214678,USD,-109142,-2272816,-257897,0,-3258038,-3250409,7629,312769,-696615,-6090503,-2582197,451292,293095,0,0,-1233817,1077419,315393,148755,561271,-136720,-6227223,1.44,1.61
9,2018-03-31,USD,24139053,17538957,19320755,4818298,-12846526,-12846091,0,0,-12846526,-668506,15955771,-125867,-12720659,0,-533,None,None,None,0,1583186,0,-435,-1709053,0,-12846091,-12846091,None,USD,73812692,4056414,None,2116237,54950287,18862405,138796,4891209,28937,-29661190,138796,0,3316353,31452191,54811491,23452723,20030542,4895569,3639926,62320142,40890,14805991,175140,15147006,0,13429568,26467559,0,0,28937,0,-29661190,0,None,3755320,None,8648910,None,None,None,138796,None,None,None,43599089,73812692,31627331,None,28936778,USD,70162,4637438,-1220512,-14992,-600030,-600030,266227,2004979,-12846091,5548057,7368599,2103590,320640,0,0,2646032,2758447,8168685,1275682,2338305,1188523,6736580,1.349,1.44
10,2017-12-31,USD,26812242,7758753,21240629,5571613,-1587723,-1625829,0,0,-1587723,0,7758753,599417,-2187140,0,-533,None,None,None,0,0,0,38106,599417,0,-1625829,-1625829,None,USD,74095975,3933234,None,1086982,48987828,25108146,75607,3906929,25215,-16815100,76000,0,9088000,24218506,48912221,22373351,20064732,4339967,4584739,60422800,47550,21174913,230472,21386412,0,13500428,22631941,0,0,25215,0,-16815100,0,None,5107652,None,9849494,None,None,None,75607,None,None,None,37558064,74095974,24448978,None,25214678,USD,-62373,-2013834,-661011,-352777,686599,686599,-5429240,405825,-1625829,-8892431,-8918019,253710,472552,0,0,-4104912,-2691965,773313,245861,-2673019,450618,-8441813,1.24,1.349
11,2017-09-30,USD,23491043,7206327,17933446,5557597,-1150662,-1168709,0,0,-1150662,-668506,7206327,498068,-1648730,0,0,None,None,None,0,0,0,18047,0,0,-1168709,-1168709,None,USD,70165797,3097546,None,1804654,44307808,25857989,297466,3942320,25215,-15189270,298000,0,7674000,27115631,44010342,15607292,13627779,3751424,5277646,57213864,46501,22760443,165282,17051270,0,11077027,24460730,0,0,25215,0,-15189270,0,None,4530240,None,8418543,None,None,None,297466,None,None,None,37270620,70165797,27280913,None,25214678,USD,-10427,4866376,-588720,-355289,-512972,-512972,25874,-249449,-1168709,1988930,3090622,-99045,301560,0,0,105746,0,1226425,223004,-2141731,489378,2478308,1.616,1.24
12,2017-06-30,USD,21670368,5642302,17492707,4177661,-1398766,-1419304,0,0,-1398766,0,5642302,65875,-1464641,0,0,None,None,None,0,0,0,20538,0,0,-1419304,-1419304,None,USD,65373898,2832043,None,1659801,39326275,26047623,445893,3653095,25215,-14020561,446000,0,7344000,24486730,38880382,15822278,14030854,3118240,4407849,52890537,36293,23215580,162303,16100207,0,10481496,19405009,0,0,25215,0,-14020561,0,None,5207176,None,8075512,None,None,None,445893,None,None,None,36924729,65373898,24649033,None,25214678,USD,-72875,-1961662,-507259,-417044,-344533,-344533,-618480,-813685,-1419304,-4463060,-3611268,-1001266,289058,0,0,62931,0,505355,17340,-86380,458201,-4004859,1.745,1.616
13,2017-03-31,USD,19792271,6578848,16184035,3608236,-2900890,-5038421,0,0,-5017997,0,6578848,69722,-2970612,0,65,None,None,None,0,2117042,0,20424,-1578681,0,-5038421,-5038421,None,USD,67173018,3890000,None,1566155,40508641,26664377,496217,3602082,25215,-12601257,496000,0,6231000,27795810,40012424,15607858,13618627,2659171,4263157,55960458,46152,26664377,87068,16588324,0,9923101,20802484,0,0,25215,0,-12601257,0,None,6949403,None,11212560,None,None,None,496217,None,None,None,36581248,67173018,27882878,None,25214678,USD,335494,6267658,-174960,34257,-26957,10621043,3895000,357100,-5038420,13792653,3346570,2618595,425205,0,10648000,-1780788,-717386,1494223,544711,-639903,-71578,13721075,1.8,1.745
14,2016-12-31,USD,20610024,5022031,16426153,4183871,-816346,-834806,0,0,-816761,0,5022031,21814,-838160,0,415,None,None,None,0,0,0,18045,0,0,-834806,-834806,None,USD,54281340,5097000,None,1483431,33801567,20479773,0,3408136,20375,-7562837,510000,0,7751000,13623893,33290708,14308750,12244519,2425216,4607201,40437581,None,20479773,8981000,14764402,0,10565855,15573822,0,0,20375,0,-7562837,0,None,9236558,None,13843759,None,None,510859,510859,None,None,None,25597019,54281340,13623893,None,20374678,USD,868,-5503343,-174866,69802,-1086254,-1086254,4315000,124637,-834807,-3503248,-2242128,91320,424972,0,0,1843644,0,308310,245536,1427776,-205494,-3708742,1.7,1.8
15,2016-09-30,USD,20160835,4405972,15807828,4353007,115784,97870,0,0,115354,0,4405972,168749,-52965,0,430,None,None,None,0,0,0,17484,0,0,97870,97870,None,USD,61188315,5328000,None,1733945,40955216,20233099,0,4950461,19426,-7396547,578000,0,8230000,15301899,40377060,13460606,None,4194070,4986110,46427001,None,20233099,6950000,15623923,0,13767234,21965993,0,0,19426,0,-7396547,0,None,9775204,None,14761314,None,None,578156,578156,None,None,None,23416150,61188315,15301899,None,19425678,USD,-75768,5498358,339184,0,-278201,-278201,6506000,None,97870,3281472,3220489,149378,220071,0,0,-2226176,0,400572,414952,-919584,12528,3294000,1.78,1.7
16,2016-06-30,USD,20935915,4601203,16454111,4481804,160026,131153,0,0,159587,0,4601203,279425,-119399,0,439,None,None,None,0,0,0,28434,0,0,131153,131153,None,USD,55021622,5355000,None,1881243,35537596,19484026,0,5018305,19374,-7494419,562000,0,8192000,11568545,34976069,13496950,None,4281791,5180714,40012120,None,19484026,451512,15378379,0,10732441,16460814,0,0,19374,0,-7494419,0,None,9828788,None,15009502,None,None,561527,561527,None,None,None,22677280,55021622,12020057,None,19373504,USD,None,-603069,-35904,0,1388251,1388251,6988000,None,131153,-1413082,-2765429,-773012,246499,0,0,-856836,0,693583,35904,-1603747,-200700,-1613782,1.82,1.78
17,2016-03-31,USD,20468616,4106067,16157057,4311559,820416,802899,0,0,820416,0,4106067,614924,205492,0,-155578,None,None,None,0,0,0,17517,568663,0,802899,802899,None,USD,62072787,2928779,None,1518048,42756915,19315872,636301,4809926,17736,-6957053,636000,0,8085000,20419863,42120614,19544466,19249602,4166922,5543076,46883003,108539,16387093,465165,13677236,0,10802691,17766222,0,22088267,17736,0,-6957053,0,None,6609390,None,9646708,None,None,None,636301,None,None,None,22088267,62072787,20885028,None,17735504,USD,1212,980581,-566148,790845,-761820,-761820,-5801740,-941595,802899,2177236,3505204,-858704,292035,0,0,2156033,484000,-171095,1358205,283455,155365,2332601,1.6,1.82
18,2015-12-31,USD,24708046,5155085,19860713,4847333,-582430,-617529,0,0,-582430,0,5155085,-274678,-307752,0,0,None,None,None,0,0,0,35099,0,0,-617529,-617529,None,USD,59919122,2918279,None,1421842,40910064,19009058,141817,2440184,17736,-7759951,142000,0,8042000,17082425,40768247,17068740,None,4238304,5719417,44473871,107870,16090779,12743000,15708579,0,10261025,21259323,0,0,17736,0,-7759951,0,None,6699685,None,9725834,None,None,None,141817,None,None,None,22512969,59919122,17082425,None,17735504,USD,1260,-2471492,-78254,0,59289,59289,None,None,-617529,-2438271,-2419306,1434187,400155,0,0,-1574895,200000,467968,79514,-57700,67958,-2370313,1.911,1.6
19,2015-09-30,USD,22577626,4258597,18600619,3977007,113113,151175,0,0,113113,0,4258597,394703,-281590,0,0,None,None,None,0,0,0,-38062,0,0,151175,151175,None,USD,63716617,3006646,None,1529125,44087491,19629126,157261,1224334,16851,-7142424,157000,23000,8235000,19520588,43930230,16946648,None,4507099,6165063,47600407,110040,16622480,12810000,15156722,0,11393972,25759248,0,0,16851,0,-7142424,0,None,6834461,None,9951147,None,None,None,157261,None,None,None,22247600,63716617,19520588,None,16850504,USD,1470,2932044,1288263,0,-1395455,1304045,None,None,151175,5264736,2672428,117479,344033,0,2699500,1789055,258000,-980323,1286793,-1681035,-209913,5054823,1.82,1.911
