,fiscalDateEnding,reportedCurrency_x,totalRevenue,totalOperatingExpense,costOfRevenue,grossProfit,ebit,netIncome_x,researchAndDevelopment,effectOfAccountingCharges,incomeBeforeTax,minorityInterest,sellingGeneralAdministrative,otherNonOperatingIncome,operatingIncome,otherOperatingExpense,interestExpense,taxProvision,interestIncome,netInterestIncome,extraordinaryItems,nonRecurring,otherItems,incomeTaxExpense,totalOtherIncomeExpense,discontinuedOperations,netIncomeFromContinuingOperations,netIncomeApplicableToCommonShares,preferredStockAndOtherAdjustments,reportedCurrency_y,totalAssets,intangibleAssets,earningAssets,otherCurrentAssets,totalLiabilities,totalShareholderEquity,deferredLongTermLiabilities,otherCurrentLiabilities,commonStock,retainedEarnings,otherLiabilities,goodwill,otherAssets,cash,totalCurrentLiabilities,shortTermDebt,currentLongTermDebt,otherShareholderEquity,propertyPlantEquipment,totalCurrentAssets,longTermInvestments,netTangibleAssets,shortTermInvestments,netReceivables,longTermDebt,inventory,accountsPayable,totalPermanentEquity,additionalPaidInCapital,commonStockTotalEquity,preferredStockTotalEquity,retainedEarningsTotalEquity,treasuryStock,accumulatedAmortization,otherNonCurrrentAssets,deferredLongTermAssetCharges,totalNonCurrentAssets,capitalLeaseObligations,totalLongTermDebt,otherNonCurrentLiabilities,totalNonCurrentLiabilities,negativeGoodwill,warrants,preferredStockRedeemable,capitalSurplus,liabilitiesAndShareholderEquity,cashAndShortTermInvestments,accumulatedDepreciation,commonStockSharesOutstanding,reportedCurrency,investments,changeInLiabilities,cashflowFromInvestment,otherCashflowFromInvestment,netBorrowings,cashflowFromFinancing,otherCashflowFromFinancing,changeInOperatingActivities,netIncome_y,changeInCash,operatingCashflow,otherOperatingCashflow,depreciation,dividendPayout,stockSaleAndPurchase,changeInInventory,changeInAccountReceivables,changeInNetIncome,capitalExpenditures,changeInReceivables,changeInExchangeRate,changeInCashAndCashEquivalents,clossingVal,nextClossingVal
0,2020-06-30,USD,0,4292000,None,None,-4277000,6598000,1818000,None,-4270000,-255000,2474000,None,-4292000,None,None,-10872000,None,None,None,None,None,-10872000,22000,None,6602000,6598000,None,USD,37481000,None,None,None,3925000,33811000,None,None,16000,-414792000,None,None,41000,26684000,3480000,None,None,-7000,814000,36626000,None,33811000,8207000,None,None,None,592000,None,None,None,None,None,None,None,772000,None,855000,794000,None,None,445000,None,None,None,None,None,None,None,None,USD,-8247000,-1230000,-8247000,None,None,9683000,None,-1199000,6598000,5939000,4503000,None,15000,None,None,None,None,319000,12000,None,None,None,1.78,
1,2020-03-31,USD,0,4057000,None,None,-3986000,-3990000,1499000,None,-3986000,4000,2558000,71000,-4057000,None,None,None,None,None,None,None,None,None,71000,None,-3986000,-3990000,None,USD,22140000,None,None,461000,5156000,17243000,None,914000,11000,-421390000,536000,None,40000,20745000,4620000,None,None,None,87000,21206000,None,17243000,0,None,None,None,4620000,None,None,11000,None,-421390000,-708000,None,847000,None,934000,339000,None,536000,536000,None,None,None,439330000,22140000,20745000,None,10638771,USD,11104000,-1443000,11102000,11104000,None,-148000,-148000,587000,-3986000,6713000,-4241000,587000,34000,None,None,None,None,567000,2000,None,None,6713000,1.8,1.78
2,2019-12-31,USD,0,5082000,None,None,-4953000,-4956000,2767000,None,-4953000,3000,2315000,129000,-5082000,None,0,None,None,0,None,None,None,None,129000,None,-4953000,-4956000,None,USD,27153000,None,None,815000,6600000,20816000,None,1600000,11000,-417400000,624000,None,175000,14032000,5976000,None,None,2000,100000,25972000,None,20816000,11125000,None,None,None,5976000,None,None,11000,None,-417400000,-708000,None,1081000,None,1181000,354000,None,624000,624000,None,None,None,438911000,27153000,25157000,None,10528689,USD,5303000,-90000,5303000,21432000,None,275000,-130000,500000,-4953000,1358000,-4220000,500000,75000,None,275000,None,None,248000,0,None,None,1358000,2.51,1.8
3,2019-09-30,USD,0,5072000,None,None,-4897000,-4898000,3004000,None,-4897000,1000,2068000,175000,-5072000,None,0,None,None,0,None,None,None,None,175000,None,-4897000,-4898000,None,USD,31671000,None,None,1083000,6689000,25248000,None,2286000,10000,-412444000,710000,None,309000,12674000,5979000,None,None,2000,115000,30244000,None,25248000,16487000,None,None,None,5979000,None,None,10000,None,-412444000,-708000,None,1312000,None,1427000,368000,None,710000,710000,None,None,None,438388000,31671000,29161000,None,10411010,USD,5377000,-39000,5377000,16129000,None,0,-130000,171000,-4897000,920000,-4457000,171000,54000,None,1038000,None,None,254000,0,None,None,920000,2.59,2.51
4,2019-06-30,USD,0,5346000,None,None,-5137000,-5140000,2988000,None,-5137000,3000,2358000,209000,-5346000,None,0,None,None,0,None,None,None,None,209000,None,-5137000,-5140000,None,USD,36350000,None,None,1163000,6728000,29889000,None,2743000,10000,-407546000,228000,None,309000,11754000,5712000,None,None,None,130000,34818000,None,29889000,21901000,None,None,None,5712000,None,None,10000,None,-407546000,-708000,None,1402000,None,1532000,382000,None,1016000,1016000,None,None,None,438133000,36350000,33655000,None,10412750,USD,2011000,-100000,2011000,10752000,None,38000,-130000,203000,-5137000,-2670000,-4719000,203000,69000,None,38000,None,None,246000,0,None,None,-2670000,2.28,2.59
5,2019-03-31,USD,0,4592000,None,None,-4365000,-4367000,2038000,None,-4365000,2000,2554000,227000,-4592000,None,0,None,None,0,None,None,None,None,227000,None,-4365000,-4367000,None,USD,41288000,None,None,1276000,6830000,34728000,None,2583000,10000,-402406000,861000,None,310000,14424000,5101000,396000,396000,-18000,148000,39646000,None,34728000,23946000,None,868000,None,5101000,None,None,10000,None,-402406000,-708000,None,1494000,None,1642000,396000,None,1729000,1729000,None,None,None,437850000,41288000,38370000,None,10393312,USD,8741000,-1635000,8741000,8741000,None,870000,-130000,-132000,-4365000,4125000,-5486000,-132000,99000,None,1000000,None,None,547000,0,None,None,4125000,3.62,2.28
6,2018-12-31,USD,0,3796330,7500000,-7500000,-3796330,-3557854,1507897,0,-3557143,711,2288433,239039,-3796330,0,-148,None,None,None,0,0,0,0,239187,0,-3557143,-3557854,None,USD,44580000,None,None,1053000,7126000,37726000,None,2583000,10000,-397977000,1507000,None,309000,10299000,5619000,None,None,-32000,165000,44106000,None,37726000,32754000,None,None,None,5619000,None,None,10000,None,-397977000,-708000,None,309000,None,474000,None,None,1507000,1507000,None,None,None,436433000,44580000,43053000,None,10000000,USD,-1066028,81395,-1066349,-4573000,180,33263,-468,160260,-3557854,-4075355,-3042269,160260,101534,None,33551,None,None,171685,321,None,None,-4075355,3.56,3.62
7,2018-09-30,USD,0,3762806,0,0,-3549037,-3550196,1701253,0,-3549224,972,2061553,213769,-3762806,0,187,None,None,None,0,0,0,0,213582,0,-3549224,-3550196,None,USD,47853601,0,None,1102979,7044321,41081727,0,4445000,9853,-394419255,2153000,0,418000,14374344,4892063,None,None,-28621,182603,47252848,None,41081627,31776000,None,0,0,4892063,40809280,436227287,9853,100,-394419255,-707637,None,418150,None,600753,None,None,2152258,2152258,None,None,None,436227287,47853601,46150344,None,9853063,USD,-4217945,-1558352,-4290972,50000,-23289,699713,None,None,-3549224,-8351039,-4759780,150574,80740,0,723002,0,0,116482,123027,None,None,-8351039,5.9,3.56
8,2018-06-30,USD,0,4269180,0,0,-4075526,-4076371,2122610,0,-4077192,-821,2146570,193654,-4269180,0,1666,None,None,None,0,0,0,0,191988,0,-4077192,-4076371,None,USD,52092513,0,None,1228898,8625962,43739970,0,5299000,9735,-390869059,2798000,0,443000,22725383,5828029,23289,None,-31091,98123,51551584,None,43739870,27597000,None,0,0,5804740,43466551,435337922,9735,100,-390869059,-707637,None,442806,None,540929,None,None,2797933,2797933,None,None,None,435337922,52092513,50322383,None,9735361,USD,-659114,-2706172,1838762,2500000,-68760,163665,-357363,None,-4077192,-3883047,-5885474,243613,155181,0,589788,0,0,589300,2124,None,None,-3883047,6.47,5.9
9,2018-03-31,USD,0,5158684,0,0,-4981146,-4982579,2262240,0,-4984441,-1862,2896444,177538,-5158684,0,3295,None,None,None,0,0,0,0,174243,0,-4984441,-4982579,None,USD,56716514,0,None,5800492,11400893,45588219,0,6998000,9575,-386792688,3444000,0,2010000,21600899,7957284,92048,92048,-58724,178109,54529273,None,45588119,26984000,144256,0,0,7865236,45315621,433137593,9575,100,-386792688,-707637,None,1434077,None,575055,None,None,3443609,3443609,None,None,None,433137593,56716514,48584899,None,9574685,USD,-1179913,-1717871,-1188441,0,-67131,-72641,-45169,-2447,-4984441,-7559559,-6298477,-2447,169545,0,39659,0,90000,146533,8528,90204,None,-7559559,5.84,6.47
10,2017-12-31,USD,0,-3701529,0,0,-4085325,-2752748,4915247,0,-4082207,425058,-8616811,135813,-4221138,0,-3103,None,None,None,0,0,0,-3274563,-272835,-2088202,-807644,-2952042,None,USD,63375682,0,None,5795303,13185896,50508069,0,7811000,9484,-381810109,3299000,0,2009000,29163200,9313217,159180,159180,-27978,256905,61109645,None,50507969,25916681,234461,0,0,9154037,50189786,433044209,9484,100,-381810109,-707637,None,1434077,None,575000,None,None,3872679,3872679,None,None,None,433044209,63375682,55079881,None,9483911,USD,18334465,11490390,18234439,-83223,-200374,-177321,-1,1258129,-2895814,14087468,-3969650,112846,209205,0,23054,0,95686,-13053375,16803,167098,None,14087468,3.51,5.84
11,2017-09-30,USD,7922667,6129901,8042265,0,-5953046,-3428440,3187024,0,-5961733,-119342,2942877,176855,-6129901,0,8687,None,None,None,0,0,0,-2413951,359037,-154464841,-3547782,-3428440,None,USD,67555259,0,None,5922657,14574932,53332710,0,6060000,9427,-378947243,3200000,0,1417000,15077872,11374778,359553,359553,-28717,364118,65773702,None,53332610,44372000,401558,0,0,11015225,52980327,433006780,9427,100,-378947243,-707637,None,1417439,None,1781557,None,None,3200154,3200154,None,None,None,433006780,67555259,59449872,None,9427001,USD,-8197117,-2943864,-3793124,4425419,-242089,2157911,-1,5346714,-3547783,-2964323,-1329110,5346714,269740,0,2400000,0,262784,62330,21426,-516247,None,-2964323,3.58,3.51
12,2017-06-30,USD,15845334,7710317,-16084530,0,-7705489,38519684,4277783,0,-7909973,-54676,3432534,4828,-7710317,0,204484,None,None,None,0,0,0,-5887543,21241,40487438,-2022430,38719009,None,USD,72247860,0,None,10707118,18211222,54420819,0,6068000,8913,-375429627,3637000,0,1402000,23044844,14551394,578353,578353,-57860,432853,70412544,None,54420719,36325000,335646,23290,0,13973041,54036638,430606930,8913,100,-375429627,-707637,None,1402463,None,1835316,None,23290,3636538,3659828,None,None,None,430606930,72247860,59369844,None,8912602,USD,-36421971,-1233775,27000591,63348338,-5106638,-10464139,-5408249,-4307835,38465008,11047238,-5489214,-4500486,-422320,0,50748,0,196872,-36602887,74224,-1151097,None,11047238,4.65,3.58
13,2017-03-31,USD,7922700,17454350,8042265,7922700,-9576078,-9359796,3462905,0,-9743793,-433497,13991480,-44395,-9531683,0,167700,None,None,None,0,0,0,49500,-212110,1069273,-9793293,-9359827,None,USD,48528422,2165380,None,6767486,31104256,-790974,1120231,10364662,8953,-414148636,4855000,7013315,9834000,11997606,23212380,4207860,4207860,None,16760376,21933848,0,9430231,0,3168756,6364404,3539000,8639858,-1975834,414056246,8953,100,-414148636,-707637,None,655503,None,26594574,None,6364404,407241,7891876,None,19400000,None,414056246,48528422,11997606,None,8953312,USD,-8197117,-1645633,-171276,0,-666031,7551782,4976353,342712,-9793324,-2707402,-10087908,299055,655340,0,3241460,43657,277033,630030,171276,-277033,None,-2707402,5.03,4.65
14,2016-12-31,USD,10176509,16093145,20410792,10176509,-5912415,-5958153,2573753,0,-6098610,-131209,13519363,4295,-5916710,0,186243,None,None,None,0,0,0,-9248,-1455939,-854944,-6089362,-5958153,None,USD,51832848,2307880,None,7052230,47867667,4883909,5658097,19501299,8206,-404788809,4977000,7013315,10035000,14705008,19501299,3690234,3690234,None,17149241,24648961,None,-4538685,0,2891723,2817114,3582000,4367000,4066480,410372049,8206,100,-404788809,-707637,None,713451,None,27183887,None,2817114,389858,28366368,None,19400000,None,410372049,51832848,14705008,None,7000000,USD,-26284623,316585,-533543,0,169588,7260,19327990,680022,-6089362,-3901735,-3375452,-689353,650495,0,-19490318,733679,325622,319427,533543,1383077,None,-3901735,2.83,5.03
15,2016-09-30,USD,9317473,16178326,1559662,9317473,-6855736,-6882533,2630632,0,-7240651,-405072,13547694,5117,-6860853,0,368000,None,None,None,0,0,0,46954,-26933,-1196838,-7287605,-6882533,None,USD,57279000,2450380,None,7083220,27890000,10746000,1079948,5869586,8000,-398830656,4700000,7013000,10190000,18607000,18553000,3065078,3065078,None,17124000,29964763,0,20682195,0,4274800,7886182,4316000,9618568,9989495,410276001,8182,100,-398830656,-707637,None,726787,None,27314175,None,7886182,370081,9336211,None,19400000,None,410276001,57278938,18606743,None,6000000,USD,-8197117,-469971,-612456,0,-3225685,7236188,19399000,510408,-7287605,907056,-5716675,830865,671142,0,10600000,833800,1708699,1087427,612456,-1382333,None,907057,4.64,2.83
16,2016-06-30,USD,8300439,15785390,823290,8300439,-7478091,-7834716,4027965,0,-7837816,-50054,11757425,6860,-7484951,0,359725,None,None,None,0,0,0,46954,568267,0,-7884770,-7834716,None,USD,56712900,2592880,None,8661784,31676272,6050258,1032994,7231005,5927,-391948123,4321000,7013315,10419000,17699686,22356813,6020244,None,None,17039880,29253937,0,15843963,0,2892467,7777875,5150000,9105564,5636628,398699991,5927,100,-391948123,-707637,None,812888,None,27458963,None,7777875,508590,9319459,None,19400000,None,398699991,56712900,17699686,None,5926749,USD,None,1502625,-658470,0,-475257,-520753,19400000,None,-7884770,-7726480,-6547257,162419,684853,0,-45496,-1163599,326366,430851,658470,-279636,None,-7726480,0.59,4.64
17,2016-03-31,USD,7489479,18562765,6228256,7489479,-11067601,-11980917,6048000,0,-11994418,-66879,12686587,5685,-11073286,0,897000,None,None,None,0,0,0,53378,-921132,0,-12047796,-11980917,None,USD,63185000,2735380,None,7578966,30602000,13662000,986040,5638649,59000,-384113407,3209000,7013000,10643000,25426000,18464000,2517397,None,None,16924000,35617964,None,23312973,0,2612832,10719398,3986000,10307665,0,0,59123,100,-384113407,-707637,None,894524,None,27566982,None,10719398,432802,12138240,None,19400000,None,398423589,63184946,25426166,None,6000000,USD,None,2942430,-1044827,0,-6315328,14181000,19400000,None,-12047796,5107755,-8028298,-34856,737158,0,20496208,-1074435,46730,1495931,1044827,-46730,None,5107755,0.75,0.59
18,2015-12-31,USD,7561000,67269218,5461000,7559874,-46384350,-33196846,3179037,0,-46861570,-31293,11216845,13324994,-59709344,0,477000,None,None,None,0,52873336,0,-13633431,16558353,-2051782,-33228139,-33196846,None,USD,57205000,2877880,None,6387920,54936694,23714000,932662,21015223,57000,-372132490,561000,7013000,10868000,20318000,21015000,5364122,5364122,486,17065000,29272432,None,-7192985,0,2566101,11412000,2911000,4107000,0,0,56733,100,-372132490,-707637,None,976768,None,27932863,None,11411585,562001,33921471,None,None,None,396496341,57205295,20318411,None,5000000,USD,5331486,-3220684,4719533,0,-50543,283887,3918680,814844,-33228138,-3724288,-8727708,-18062157,811269,0,334430,436876,545000,44805184,611953,-270058,None,-3724288,1.08,0.75
19,2015-09-30,USD,5888450,16271458,4240000,5888450,-10793241,-11375950,6315613,0,-11346224,-16907,9955845,-410233,-10383008,0,552983,None,None,None,0,0,0,46633,-5770786,0,-11392857,-11375950,None,USD,119702548,37706498,None,6789775,64706129,55429356,14566093,5498074,55497,-338935644,17337000,25209336,64126000,24042699,19739942,3763614,None,878,17095395,38481687,None,-7486578,5349396,2299817,13062637,3349000,10478254,0,0,55497,100,-338935644,-705742,None,1209632,None,81220861,None,13062637,17337457,44966187,None,None,None,395014267,119702548,29392095,None,55497240,USD,-2383215,1879146,-3154392,0,-311054,-310629,None,None,-11392858,-12168625,-8703604,601139,683246,0,425,-375131,815000,901999,771177,-1001145,None,-12168625,1.49,1.08
