,fiscalDateEnding,reportedCurrency_x,totalRevenue,totalOperatingExpense,costOfRevenue,grossProfit,ebit,netIncome_x,researchAndDevelopment,effectOfAccountingCharges,incomeBeforeTax,minorityInterest,sellingGeneralAdministrative,otherNonOperatingIncome,operatingIncome,otherOperatingExpense,interestExpense,taxProvision,interestIncome,netInterestIncome,extraordinaryItems,nonRecurring,otherItems,incomeTaxExpense,totalOtherIncomeExpense,discontinuedOperations,netIncomeFromContinuingOperations,netIncomeApplicableToCommonShares,preferredStockAndOtherAdjustments,reportedCurrency_y,totalAssets,intangibleAssets,earningAssets,otherCurrentAssets,totalLiabilities,totalShareholderEquity,deferredLongTermLiabilities,otherCurrentLiabilities,commonStock,retainedEarnings,otherLiabilities,goodwill,otherAssets,cash,totalCurrentLiabilities,shortTermDebt,currentLongTermDebt,otherShareholderEquity,propertyPlantEquipment,totalCurrentAssets,longTermInvestments,netTangibleAssets,shortTermInvestments,netReceivables,longTermDebt,inventory,accountsPayable,totalPermanentEquity,additionalPaidInCapital,commonStockTotalEquity,preferredStockTotalEquity,retainedEarningsTotalEquity,treasuryStock,accumulatedAmortization,otherNonCurrrentAssets,deferredLongTermAssetCharges,totalNonCurrentAssets,capitalLeaseObligations,totalLongTermDebt,otherNonCurrentLiabilities,totalNonCurrentLiabilities,negativeGoodwill,warrants,preferredStockRedeemable,capitalSurplus,liabilitiesAndShareholderEquity,cashAndShortTermInvestments,accumulatedDepreciation,commonStockSharesOutstanding,reportedCurrency,investments,changeInLiabilities,cashflowFromInvestment,otherCashflowFromInvestment,netBorrowings,cashflowFromFinancing,otherCashflowFromFinancing,changeInOperatingActivities,netIncome_y,changeInCash,operatingCashflow,otherOperatingCashflow,depreciation,dividendPayout,stockSaleAndPurchase,changeInInventory,changeInAccountReceivables,changeInNetIncome,capitalExpenditures,changeInReceivables,changeInExchangeRate,changeInCashAndCashEquivalents,clossingVal,nextClossingVal
0,2020-06-30,USD,59874000,28497000,38553000,21321000,-5118000,-6736000,None,None,-6959000,-301000,16892000,2058000,-7176000,11605000,1841000,78000,273000,-1568000,None,None,None,78000,2230000,None,-7037000,-6736000,None,USD,669037000,795000,None,93894000,141656000,517478000,None,9235000,20000,-673264000,4703000,64328000,39805000,79156000,79185000,6043000,6043000,-2475000,306179000,205430000,54169000,452355000,16529000,65504000,30499000,29503000,63907000,None,None,20000,None,-673264000,None,None,38136000,None,463607000,31614000,30499000,31972000,62471000,None,None,None,1193197000,669037000,16529000,None,199506780,USD,13998000,-22790000,13124000,1822000,-51260000,-57625000,None,-15518000,-7037000,9516000,54017000,-2469000,12032000,None,-6365000,167000,None,30000,2696000,74084000,None,9516000,2.22,
1,2020-03-31,USD,86006000,29778000,52932000,33074000,3187000,1704000,None,None,977000,-805000,18259000,701000,2486000,11519000,2210000,78000,381000,-1829000,None,None,None,78000,-85000,None,899000,1704000,None,USD,764445000,1002000,None,84259000,225428000,528813000,None,12065000,20000,-666528000,9800000,64328000,46155000,69511000,155977000,56030000,56030000,-3481000,315892000,284221000,58289000,463483000,29830000,140407000,31558000,29725000,87882000,None,None,20000,None,-666528000,None,None,40713000,None,480224000,32319000,31558000,37893000,69451000,None,None,None,1198802000,764445000,29830000,None,202783616,USD,27785000,-7261000,30440000,6313000,-1500000,-5550000,None,-5200000,899000,20632000,-4258000,-5128000,11839000,None,-4050000,51000,None,-4478000,3658000,-180000,None,20632000,1.78,2.22
2,2019-12-31,USD,119615000,32279000,55737000,63878000,42024000,41084000,None,None,39887000,-1861000,19437000,7251000,34773000,12842000,2137000,664000,730000,-1407000,None,None,None,664000,9147000,None,39223000,41084000,None,USD,777085000,1229000,None,60331000,234056000,533408000,None,11476000,20000,-668232000,9701000,64328000,38892000,49207000,162562000,56013000,56013000,-1566000,323912000,293792000,26305000,467851000,56929000,146658000,32872000,29874000,95073000,None,None,20000,None,-668232000,None,None,67519000,None,483293000,32895000,32872000,38622000,71494000,None,None,None,1203186000,777085000,56929000,None,204723055,USD,10040000,37548000,-984000,3812000,-6517000,8800000,15294000,12260000,39223000,15492000,7676000,-9731000,12121000,None,23000,640000,-67355000,-4770000,14836000,-67355000,None,15492000,2.34,1.78
3,2019-09-30,USD,74434000,29897000,49932000,24502000,-4273000,-4334000,None,None,-5977000,-1711000,17640000,1102000,-5375000,12257000,1704000,68000,560000,-1144000,None,None,None,68000,552000,None,-6045000,-4334000,None,USD,685846000,1461000,None,43324000,183379000,490985000,None,10673000,20000,-709316000,12853000,64328000,31696000,32074000,121441000,55397000,55397000,-2058000,322870000,215578000,46976000,425196000,66755000,74459000,24044000,31040000,55371000,None,None,20000,None,-709316000,None,None,34633000,None,470268000,28859000,24044000,37894000,61938000,None,None,None,1202339000,685846000,66755000,None,204719995,USD,836000,-2246000,-3484000,189000,-1233000,-1126000,-94000,-3230000,-6045000,-8790000,-4180000,-4465000,12121000,None,107000,2143000,-5414000,-274000,4509000,-5414000,None,-8790000,2.065,2.34
4,2019-06-30,USD,72318000,30555000,47610000,24708000,-5186000,-5383000,None,None,-7028000,-1711000,17933000,627000,-5813000,12622000,1842000,66000,567000,-1275000,None,None,None,66000,77000,None,-7094000,-5383000,None,USD,694874000,1704000,None,51364000,186743000,494938000,None,11662000,20000,-704982000,12901000,64328000,27857000,40886000,123449000,55562000,55562000,-1440000,328630000,221793000,44040000,428906000,66584000,69975000,24912000,33870000,56225000,None,None,20000,None,-704982000,None,None,34379000,None,473081000,29705000,24912000,38382000,63294000,None,None,None,1201340000,694874000,66584000,None,204655146,USD,-522000,5351000,-2098000,1851000,-2072000,-2068000,-14000,138000,-7094000,12846000,17012000,-988000,12326000,None,4000,-1367000,9366000,-582000,3427000,9366000,None,12846000,2.67,2.065
5,2019-03-31,USD,77698000,29299000,58828000,18870000,-10874000,-10946000,None,None,-12765000,-1879000,18434000,2783000,-13657000,10865000,1891000,60000,-1778000,-1311000,None,None,None,60000,589000,None,-12825000,-10946000,None,USD,697160000,1951000,None,38260000,183181000,499075000,None,11098000,20000,-699599000,12732000,64328000,9482000,28763000,68609000,5344000,5344000,-1764000,338192000,216616000,42790000,432796000,66164000,79539000,76501000,32653000,52167000,None,None,20000,None,-699599000,None,None,33283000,None,480544000,29579000,76501000,38071000,114572000,None,None,None,1200418000,697160000,66164000,None,204651932,USD,-122000,-12741000,5064000,9502000,1904000,2079000,-15000,-10975000,-12825000,-1086000,-8229000,-2927000,12329000,None,175000,2023000,-5000,5917000,4316000,-5000,None,-1086000,3.09,2.67
6,2018-12-31,USD,96229000,33003000,59671000,36558000,8577000,6862000,0,0,5779000,-1158000,20106000,5022000,3555000,12897000,2798000,None,None,None,0,0,0,75000,1681000,0,5704000,6862000,None,USD,699082000,2207000,None,40576000,174073000,507998000,None,7361000,20000,-688653000,15035000,64328000,30294000,29844000,80259000,5405000,3374000,-2138000,350568000,225606000,43549000,441463000,65646000,84409000,61139000,34975000,67493000,None,None,20000,None,-688653000,None,None,12824000,None,473476000,None,78779000,93814000,93814000,None,None,None,1198769000,699082000,65646000,None,203599892,USD,31158000,3769000,20104000,79632000,-172074000,-154826000,17243000,2003000,5704000,-125744000,8978000,384000,11079000,None,5000,1338000,245000,-13541000,11054000,245000,None,-125744000,1.72,3.09
7,2018-09-30,USD,77320000,31759000,52806000,24514000,-6851000,-10899000,0,0,-12110000,-1300000,18396000,394000,-7245000,13363000,4096000,None,None,None,0,0,0,89000,-4865000,0,-12199000,-10899000,None,USD,843430000,2478000,None,168116000,324045000,500952000,0,8830000,20000,-695515000,15348000,64328000,15978000,158143000,185880000,115879000,115879000,-273000,344077000,388895000,43652000,434146000,95964000,87712000,122817000,37103000,61171000,519385000,0,20000,0,-695515000,0,None,None,None,454535000,None,122817000,15348000,138165000,None,None,None,1196720000,843430000,95964000,None,203472977,USD,116210000,1283000,112361000,530000,-2353000,-1884000,-538000,5533000,-12199000,116557000,6080000,5905000,12930000,0,469000,-214000,-4422000,2797000,4379000,-4422000,None,116557000,2.6,1.72
8,2018-06-30,USD,70467000,33200000,45651000,24816000,-8545000,-11975000,0,0,-13072000,-1186000,19868000,-161000,-8384000,13332000,4527000,None,None,None,0,0,0,89000,-4688000,0,-13161000,-11975000,None,USD,850409000,2844000,None,52954000,320259000,510417000,0,10044000,20000,-684616000,15176000,64328000,16454000,41530000,181011000,115780000,115780000,-388000,352617000,385948000,44672000,443245000,211216000,84651000,124072000,37127000,55187000,530150000,0,20000,0,-684616000,0,None,None,None,464461000,None,124072000,15176000,139248000,None,None,None,1195401000,850409000,211216000,None,203430778,USD,-82679000,-13314000,-85378000,1084000,-26490000,56474000,-455000,-5521000,-13161000,-3631000,25273000,-167000,13622000,0,82964000,515000,34613000,3165000,2699000,34613000,None,-3631000,3.69,2.6
9,2018-03-31,USD,102403000,31638000,54796000,47607000,15064000,12222000,0,0,10561000,-1749000,18837000,-905000,15969000,12801000,4503000,None,None,None,0,0,0,88000,-5408000,0,10473000,12222000,None,USD,818755000,3217000,None,56521000,357934000,439902000,11412000,9671000,15000,-672641000,16381000,64328000,16590000,45219000,216062000,140735000,140735000,-912000,363903000,341790000,45517000,372357000,128129000,119348000,125491000,37792000,65656000,460821000,0,15000,0,-672641000,0,None,None,None,476965000,None,125491000,16381000,141872000,None,None,None,1113440000,818755000,128129000,None,152514550,USD,13542000,11611000,7282000,871000,5027000,5027000,-455000,2202000,10473000,9960000,-2349000,-1525000,12999000,0,0,-2704000,-36796000,3593000,7131000,-36796000,None,9960000,1.65,3.69
10,2017-12-31,USD,89300000,43919000,64299000,25001000,-17669000,-28347000,0,0,-28419000,-341000,23794000,1249000,-18918000,12857000,4285000,None,None,None,0,7268000,0,269000,-22858000,0,-28688000,-28347000,None,USD,791912000,3590000,None,7793000,342254000,426990000,0,3432000,15000,-683570000,18566000,64328000,119710000,37208000,203300000,139699000,139699000,-887000,367305000,304897000,51792000,359072000,141462000,83196000,120388000,35238000,60169000,449658000,1111432000,15000,0,-683570000,0,None,None,None,487015000,None,120388000,18566000,138954000,None,None,None,1111432000,791912000,178670000,None,145538063,USD,7556000,15959000,-9572000,-8350000,1023000,778000,-9488000,-10356000,-28688000,-10121000,-576000,-45974000,13057000,0,-245000,469000,6881000,61656000,8778000,-17055000,890000,-9231000,2.03,1.65
11,2017-09-30,USD,81792000,99568000,73325000,8467000,-90662000,-94141000,0,0,-94932000,-747000,24798000,439000,-91101000,14104000,4270000,None,None,None,0,60666000,0,-44000,0,0,-94888000,-94141000,None,USD,798519000,7491000,None,10838000,332952000,442558000,0,6487000,15000,-655223000,13416000,68082000,103734000,46775000,93939000,29247000,29247000,-12392000,363773000,331012000,28161000,366985000,151521000,77254000,185597000,44624000,58205000,465567000,0,15000,0,-655223000,0,None,None,None,467507000,None,185597000,53416000,239013000,None,None,None,1110158000,798519000,198296000,None,151009700,USD,-11000,4580000,-5225000,8350000,-151000,-164000,-13000,1361000,-94888000,-4647000,443000,-1356000,14308000,0,-13000,2649000,23936000,74912000,13564000,238000,None,-4647000,2.48,2.03
12,2017-06-30,USD,81016000,37640000,57344000,23672000,-14130000,-17808000,0,0,-18415000,-731000,23304000,-162000,-13968000,14336000,4285000,None,None,None,0,-424662000,0,124000,0,0,-18539000,-17808000,None,USD,872446000,36764000,None,12239000,317581000,531109000,0,6359000,15000,-561082000,5230000,67062000,126266000,50212000,61842000,4319000,254828000,-15633000,423333000,322847000,22440000,427283000,151259000,79188000,210509000,29949000,51164000,554865000,0,15000,0,-561082000,0,None,None,None,549599000,None,210509000,45230000,255739000,None,None,None,1107809000,872446000,201471000,None,150849588,USD,-100047000,-10631000,19299000,125732000,-855000,-10039000,-9184000,-6031000,-18539000,2834000,-6694000,750000,14539000,0,-9184000,-2317000,23698000,4410000,6386000,5094000,None,2834000,2.54,2.48
13,2017-03-31,USD,89491000,39090000,60861000,28630000,63372000,61059000,0,0,58461000,-335000,23773000,73832000,-10460000,15317000,4911000,None,None,None,0,60666000,0,-2263000,0,0,60724000,61059000,None,USD,906459000,37496000,None,12656000,338847000,543125000,0,7212000,15000,-543273000,5338000,66777000,122123000,47378000,82258000,4132000,712830,-16741000,433317000,351019000,17850000,438852000,50803000,211471000,211251000,28711000,70914000,567612000,0,15000,0,-543273000,0,None,None,None,555440000,None,211251000,45338000,256589000,None,None,None,1103124000,906459000,98181000,None,149722174,USD,20404000,-23523000,43160000,30335000,-44459000,-33738000,-8605000,1400000,60724000,11006000,1400000,1400000,15557000,0,10721000,162000,18604000,-71524000,7579000,18604000,None,11006000,2.55,2.54
14,2016-12-31,USD,101832000,59240000,65709000,36123000,18227000,-3883000,0,0,-4027000,-254000,44660000,25421000,-7194000,14580000,6331000,None,None,None,0,67934000,0,110000,5274000,0,-4137000,-3883000,None,USD,897257000,38700000,None,14021000,403570000,468865000,0,7041000,15000,-603836000,7915000,93018000,151570000,43115000,89222000,5943000,5943000,-17675000,483923000,261764000,19852000,337147000,73718000,101366000,241433000,29544000,76238000,493687000,1090361000,15000,0,-603836000,0,None,None,None,635493000,None,241433000,72915000,314348000,None,None,None,1090361000,897257000,116833000,None,145538063,USD,2424000,-2455000,-8470000,-3917000,-32172000,1609000,-2387000,-5671000,-4137000,-6320000,1817000,525000,14890000,0,33781000,-477000,30171000,-5566000,6977000,-963000,884000,-5436000,2.86,2.55
15,2016-09-30,USD,97017000,40689000,61858000,35159000,-6320000,-12628000,0,0,-12603000,-391000,25888000,-790000,-5530000,14801000,6283000,None,None,None,0,0,0,416000,0,0,-13019000,-12628000,None,USD,911354000,40303000,None,15191000,446705000,439573000,0,8544000,13000,-599953000,8168000,93848000,153776000,46184000,90768000,4851000,4851000,-15698000,487922000,269656000,19625000,305422000,77313000,101513000,282769000,29455000,77373000,464649000,0,13000,0,-599953000,0,None,None,None,641698000,None,282769000,73168000,355937000,None,None,None,1055211000,911354000,123497000,None,134235058,USD,1424000,6538000,-3840000,-190000,-89230000,-73411000,-8605000,-1589000,-13019000,-60761000,16633000,-1589000,15159000,0,15819000,-1306000,31134000,3945000,5074000,6905000,None,-60761000,4.47,2.86
16,2016-06-30,USD,108025000,40181000,68728000,39297000,9156000,1530000,0,0,1335000,-627000,25261000,10040000,-884000,14920000,7821000,None,None,None,0,0,0,432000,0,0,903000,1530000,None,USD,989137000,42292000,None,12604000,575988000,387682000,0,9299000,12000,-587325000,8156000,94405000,157344000,106755000,218471000,139428000,139428000,-14353000,495791000,336002000,20647000,250985000,79364000,108718000,284361000,28561000,69744000,413149000,0,12000,0,-587325000,0,None,None,None,653135000,None,284361000,73156000,357517000,None,None,None,989348000,989137000,186119000,None,116344723,USD,-1448000,-4558000,-8455000,-664000,-7942000,22394000,None,7327000,903000,15077000,845000,7327000,15312000,0,30336000,1011000,24229000,-7444000,6343000,-11706000,None,15077000,3.47,4.47
17,2016-03-31,USD,95782000,24633000,59255000,36527000,-3853000,2828000,0,0,2910000,-299000,9672000,176000,-4029000,14961000,9160000,None,None,None,0,0,0,381000,0,0,2529000,2828000,None,USD,980646000,43579000,None,14194000,619433000,335119000,0,9325000,10000,-588855000,8077000,94207000,160822000,96014000,226861000,139991000,None,-15026000,505940000,313884000,23036000,197333000,75696000,97943000,319495000,30037000,77545000,0,0,10000,0,-588855000,0,None,None,None,666762000,None,319495000,73077000,392572000,None,None,None,938990000,980646000,171710000,None,100237328,USD,26496000,-7622000,21837000,587000,-27587000,-6215000,None,None,2529000,43515000,26767000,-5916000,15428000,0,21372000,-748000,35935000,-12839000,5246000,35935000,None,43515000,2.93,3.47
18,2015-12-31,USD,119347000,41228000,63243000,56084000,14816000,-50014000,0,0,-50134000,-381000,26287000,-60000,14886000,14931000,64950000,None,None,None,0,53750,0,261000,-92221000,0,-50395000,-50014000,None,USD,1005792000,42644000,None,14930000,676847000,302552000,0,10549000,9000,-591683000,7896000,91967000,160029000,43724000,246666000,150129000,149856000,-20973000,516324000,329166000,25418000,167941000,107184000,134312000,357285000,29289000,85988000,0,0,9000,0,-591683000,0,None,None,None,676353000,None,357285000,72896000,430181000,None,None,None,915199000,1005792000,150908000,None,92000000,USD,9287000,7134000,-1271000,627000,-1819000,4688000,-883000,5000000,-50395000,-5020000,-12096000,51038000,15613000,0,6507000,1492000,3426000,1758000,11185000,-37725000,-1813000,-8119000,3.6,2.93
19,2015-09-30,USD,92257000,41298000,66723000,25534000,-13270000,-23119000,0,0,-23422000,-62000,27298000,2494000,-15764000,14000000,10152000,None,None,None,0,0,0,-241000,0,0,-23181000,-23119000,None,USD,1044641000,45228000,None,15791000,671266000,346601000,0,7856000,9000,-541652000,8035000,93231000,213658000,55714000,239851000,150836000,None,-17678000,518322000,312661000,75199000,208142000,114139000,96292000,358380000,30725000,81159000,0,0,9000,0,-541652000,0,None,None,None,731980000,None,358380000,73035000,431415000,None,None,None,905922000,1044641000,169853000,None,90575951,USD,13987000,7158000,591000,598000,-1583000,-2375000,None,None,-23181000,-1453000,1847000,-566000,14774000,0,-792000,622000,41151000,2525000,13994000,515000,None,-1453000,4.5,3.6
