,fiscalDateEnding,reportedCurrency_x,totalRevenue,totalOperatingExpense,costOfRevenue,grossProfit,ebit,netIncome_x,researchAndDevelopment,effectOfAccountingCharges,incomeBeforeTax,minorityInterest,sellingGeneralAdministrative,otherNonOperatingIncome,operatingIncome,otherOperatingExpense,interestExpense,taxProvision,interestIncome,netInterestIncome,extraordinaryItems,nonRecurring,otherItems,incomeTaxExpense,totalOtherIncomeExpense,discontinuedOperations,netIncomeFromContinuingOperations,netIncomeApplicableToCommonShares,preferredStockAndOtherAdjustments,reportedCurrency_y,totalAssets,intangibleAssets,earningAssets,otherCurrentAssets,totalLiabilities,totalShareholderEquity,deferredLongTermLiabilities,otherCurrentLiabilities,commonStock,retainedEarnings,otherLiabilities,goodwill,otherAssets,cash,totalCurrentLiabilities,shortTermDebt,currentLongTermDebt,otherShareholderEquity,propertyPlantEquipment,totalCurrentAssets,longTermInvestments,netTangibleAssets,shortTermInvestments,netReceivables,longTermDebt,inventory,accountsPayable,totalPermanentEquity,additionalPaidInCapital,commonStockTotalEquity,preferredStockTotalEquity,retainedEarningsTotalEquity,treasuryStock,accumulatedAmortization,otherNonCurrrentAssets,deferredLongTermAssetCharges,totalNonCurrentAssets,capitalLeaseObligations,totalLongTermDebt,otherNonCurrentLiabilities,totalNonCurrentLiabilities,negativeGoodwill,warrants,preferredStockRedeemable,capitalSurplus,liabilitiesAndShareholderEquity,cashAndShortTermInvestments,accumulatedDepreciation,commonStockSharesOutstanding,reportedCurrency,investments,changeInLiabilities,cashflowFromInvestment,otherCashflowFromInvestment,netBorrowings,cashflowFromFinancing,otherCashflowFromFinancing,changeInOperatingActivities,netIncome_y,changeInCash,operatingCashflow,otherOperatingCashflow,depreciation,dividendPayout,stockSaleAndPurchase,changeInInventory,changeInAccountReceivables,changeInNetIncome,capitalExpenditures,changeInReceivables,changeInExchangeRate,changeInCashAndCashEquivalents,clossingVal,nextClossingVal
0,2020-06-30,USD,None,3622234,None,None,-3622234,-3611925,2465392,None,-3611925,None,1156842,None,-3622234,None,-10309,None,None,None,None,None,None,None,None,None,-3611925,-3611925,None,USD,23852548,None,None,593590,3867288,19985260,None,112713,254,-119250788,None,None,None,22450203,3319754,None,None,None,410624,23043793,81214,18837056,None,None,184000,None,3207041,None,None,254,1148204,-119250788,None,None,316917,None,808755,None,184000,363534,547534,None,None,None,138087590,23852548,22450203,None,25472383,USD,None,265646,-34590,None,184000,18442595,None,None,-3611925,15358104,-3049901,168068,35667,None,18258595,None,None,92643,34590,None,None,15358104,0.095,
1,2020-03-31,USD,None,3958655,None,None,-3958655,-3957608,2616337,None,-3957608,None,1342318,None,-3958655,None,-1047,None,1050,None,None,None,None,None,None,None,-3957608,-3957608,None,USD,8689549,None,None,771337,3443602,5245947,None,109257,94,-115638863,None,None,81210,7092099,3050652,None,None,None,411700,7863436,81214,4097743,None,None,None,None,2941395,None,None,94,1148204,-115638863,None,None,333199,None,826113,None,None,392950,392950,None,None,None,119736512,8689549,7092099,None,9396015,USD,None,277522,-10553,None,None,None,None,None,-3957608,-3522623,-3512070,-10066,33936,None,None,None,None,144146,10553,None,None,-3522623,0.075,0.095
2,2019-12-31,USD,None,3384574,None,None,-3384574,-3379903,2174283,None,-3379903,None,1210291,None,-3384574,None,-4671,None,4670,None,None,None,None,None,None,None,-3379903,-3379903,None,USD,12250811,None,None,770951,3191402,9059409,None,105885,94,-111681255,None,None,81210,10614722,2769758,None,None,None,435083,11385673,75000,7911205,None,None,None,None,2663873,None,None,94,1148204,-111681255,None,None,355055,None,865138,None,None,421644,421644,None,None,None,119592366,12250811,10614722,None,9386689,USD,None,-211469,-5725,None,None,9022360,None,None,-3379903,-2686890,-2681165,669733,32582,None,9024570,None,None,207892,5725,None,None,-2686890,0.08,0.075
3,2019-09-30,USD,None,3963879,None,None,-3917879,-3903807,2703831,None,-3903807,None,1260048,46000,-3963879,None,-14072,None,60070,None,None,None,None,None,None,None,-3903807,-3903807,None,USD,15658991,None,None,1450364,3427571,12231420,None,102597,94,-108301352,None,None,81210,13301612,2977939,None,None,None,461940,14751976,75000,11083216,None,None,None,None,2875342,None,None,94,1148204,-108301352,None,None,370075,None,907015,None,None,449632,449632,None,None,None,119384474,15658991,13301612,None,9386703,USD,None,347325,-3093,None,None,-568,-2213,None,-3903807,-3548019,-3544358,-125519,33869,None,9024570,None,None,103774,3093,None,None,-3548019,nan,0.08
4,2019-06-30,USD,None,3200359,None,None,-3199359,-3187561,1809547,None,-3187561,None,1390812,1000,-3200359,None,-11798,None,12800,None,None,None,None,None,None,None,-3187561,-3187561,None,USD,19135687,None,None,1333846,3150234,15985453,None,99402,94,-104397545,None,None,81210,16849631,2673987,46568,None,None,492716,18183477,75000,14837249,None,None,None,None,2528017,None,None,94,1148204,-104397545,None,None,384494,None,952210,None,None,476247,476247,None,None,None,119234700,19135687,16849631,None,9386703,USD,None,472942,-9482,None,-834,9023735,None,None,-3187561,6361343,-2652910,-272376,33614,None,9024569,None,None,300471,9482,None,None,6361343,nan,nan
5,2019-03-31,USD,None,3629812,None,None,-3633812,-3621641,2308397,None,-3621641,None,1321415,-4000,-3629812,None,-12171,None,8170,None,None,None,None,None,None,None,-3621641,-3621641,None,USD,12548944,None,None,604650,2701970,9846974,None,96287,51,-101209984,None,None,547040,10488288,2199763,48402,None,None,516847,11092938,540823,8057912,None,None,None,None,2055074,None,None,51,1789062,-101209984,None,None,398336,None,1456006,None,None,502207,502207,None,None,None,109267845,12548944,10488288,None,5086709,USD,None,511256,-6242,None,-811,-811,None,None,-3621641,-2822328,-2815275,50723,32733,None,None,None,None,211654,6242,None,None,-2822328,0.063,nan
6,2018-12-31,USD,None,None,None,None,None,-3827580,None,None,-3827580,None,1172660,None,-3884830,None,None,None,None,None,None,None,None,None,None,None,None,-3827580,None,USD,15054080,None,None,641218,1793120,13260960,170999,33090,50,-97588340,None,None,558910,13255620,1622120,45213,None,None,543340,13951830,540823,10734912,None,None,None,None,1543819,None,None,47,2526049,-97588343,None,None,18086,None,1102248,None,None,None,170999,None,None,None,108323210,15054082,13255620,None,4732387,USD,None,None,-329990,55000,None,15021280,-760,None,-13239030,3249200,-11442090,None,82270,None,15025080,None,None,None,384990,None,None,None,0.0454,0.063
7,2018-09-30,USD,None,3087492,None,None,-3021492,-3014934,1995571,None,-3014934,None,1091921,66000,-3087492,None,-6558,None,None,None,None,None,None,None,None,None,-3014934,-5256729,2241795,USD,19540796,None,None,685967,2660553,16880243,None,None,43,-93760764,None,1675462,None,16428474,2660553,89003,None,None,191984,17114441,540823,11690742,None,None,None,None,2571550,None,None,43,3514039,-93760764,None,None,18086,None,2426355,None,None,None,None,None,None,None,107126925,19540796,16428474,None,4269989,USD,None,477904,45000,45000,-768,15116686,92376,None,-3014934,12192730,-2968956,-504807,15883,None,15025078,None,None,56998,0,None,None,12192730,0.0754,0.0454
8,2018-06-30,USD,None,2904919,None,None,-2924919,-2920691,1723087,None,-2920691,None,1181832,-20000,-2904919,None,-4228,None,None,None,None,None,None,None,None,None,-2920691,-2920691,None,USD,6996821,None,None,780559,2289855,4706966,None,40438,17,-90745830,None,1675462,None,4235744,2289287,155203,None,None,211970,5016303,None,3031504,None,None,None,None,2093646,None,None,17,None,-90745830,None,None,93086,None,1980518,568,568,None,568,None,None,None,95452779,6996821,4235744,None,1774992,USD,None,209863,None,None,-750,-93888,-93138,None,-2920691,-2639419,-2545531,-47149,16867,None,None,None,None,195579,0,None,None,-2639419,0.1892,0.0754
9,2018-03-31,USD,None,3453527,None,None,-3480477,-3475823,2124060,None,-3475823,None,1329467,-26950,-3453527,None,-4654,None,None,None,None,None,None,None,None,None,-3475823,-3475823,None,USD,9561345,None,None,770012,2109268,7452077,None,88964,171,-87825139,None,1675462,None,6875163,2107866,135119,None,None,228836,7645175,None,5139598,None,None,None,None,1883783,None,None,171,637017,-87825139,None,None,11872,None,1916170,None,None,1402,1402,None,None,None,94640028,9561345,6875163,None,17101676,USD,None,16025,-1425,None,-728,-728,None,None,-3475823,-3186258,-3184105,58004,17301,None,None,None,None,200388,1425,None,None,-3186258,nan,0.1892
10,2017-09-30,USD,None,3483768,None,None,-3474668,-3470699,2333058,None,-3470699,None,1150710,9100,-3483768,None,-3969,None,None,None,None,None,None,None,None,None,-3470699,-3470699,None,USD,9871367,None,None,970240,2278703,7592664,142782,None,135,-80270577,None,1675462,None,5717227,2132660,113429,None,None,1496566,6687467,None,5917202,None,None,None,None,2019231,None,None,135,None,-80270577,None,None,11872,None,3183900,3261,3261,None,146043,None,None,None,87863106,9871367,5717227,None,13477170,USD,None,552934,-26193,None,-459,-81449,-103490,None,-3470698,-2650846,-2543204,101466,105870,None,22500,None,None,167224,26193,None,None,-2650846,0.6523,nan
11,2017-06-30,USD,None,3216469,None,None,-3126469,-3121528,2175929,None,-3121528,None,1040540,90000,-3216469,None,-4941,None,None,None,None,None,None,None,None,None,-3121528,-3121528,None,USD,12601236,None,None,969585,1736697,10864539,144151,None,135,-76799878,None,1675462,None,8368073,1588774,122477,None,None,1576244,9337658,None,9189077,None,None,None,None,1466297,None,None,135,None,-76799878,None,None,11872,None,3263578,3772,3772,None,147923,None,None,None,87664282,12601236,8368073,None,13462170,USD,None,280205,-254209,None,-672,-7519,-12847,None,-3121529,-2925321,-2663593,-64769,101414,None,6000,None,None,141086,254209,None,None,-2925321,0.6,0.6523
12,2017-03-31,USD,None,2812236,None,None,-2894711,-2891324,1856880,None,-2891324,None,955356,-82475,-2812236,None,-3387,None,None,None,None,None,None,None,None,None,-2891324,-2891324,None,USD,15297361,None,None,893185,1548380,13748981,145367,None,135,-73678350,None,1675462,None,11293394,1398493,212401,None,None,1423448,12186579,None,12073519,None,None,None,None,1186092,None,None,135,None,-73678350,None,None,11872,None,3110782,4520,4520,None,149887,None,None,None,87427196,15297361,11293394,None,13458170,USD,None,-230341,-66301,None,-87246,2847513,None,None,-2891324,-206225,-2987437,-200832,86911,None,2934759,None,None,248149,66301,None,None,-206225,0.91,0.6
13,2016-09-30,USD,None,2467888,None,None,-2289976,-2286860,1305610,None,-2286860,None,1162278,177912,-2467888,None,-3116,None,None,None,None,None,None,None,None,None,-2286860,-2286860,None,USD,9296013,None,None,437601,1579441,7716572,147800,None,54,-68201901,None,1675462,None,5700968,1425683,338243,None,None,1464410,6138569,None,6041110,None,None,None,None,1087440,None,None,54,None,-68201901,None,None,17572,None,3157444,5958,5958,None,153758,None,None,None,75918419,9296013,5700968,None,5368235,USD,None,270678,-1051,None,-61573,-61573,None,None,-2286860,-2276176,-2213552,-281559,87856,None,None,None,None,-3667,1051,None,None,-2276176,0.82,0.91
14,2016-06-30,USD,None,2332910,None,None,-2134540,-2132903,965184,None,-2132903,None,1367726,198370,-2332910,None,-1637,None,None,None,None,None,None,None,None,None,-2132903,-2132903,None,USD,11377910,None,None,162215,1548723,9829187,148273,None,54,-65915041,None,1675462,None,7977144,1393801,577038,None,None,1551217,8139359,None,8153725,None,None,None,None,816763,None,None,54,None,-65915041,None,None,11872,None,3238551,6649,6649,None,154922,None,None,None,75744174,11377910,7977144,None,5368235,USD,None,208094,-4207,None,8045,7919618,38569,None,-2132903,6013769,-1901642,10880,90688,None,7873004,None,None,-78401,4207,None,None,6013769,0.95,0.82
15,2016-03-31,USD,None,2000708,None,None,824014,824563,1039454,None,824563,None,961254,2824722,-2000708,None,-549,None,None,None,None,None,None,None,None,None,824563,824563,None,USD,5569847,None,None,281440,2993157,2576690,148599,None,9,-63782137,None,1675462,None,1963375,2812352,2203684,None,None,1637698,2244815,None,901228,None,None,24885,None,608668,None,None,9,None,-63782137,None,None,11872,None,3325032,7321,32206,None,180805,None,None,None,66358818,5569847,1963375,None,858013,USD,None,-67256,None,None,-130566,-131160,-594,None,824563,-1949416,-1818256,55468,90773,None,None,None,None,-2721804,0,None,None,-1949416,nan,0.95
16,2015-09-30,USD,None,2092504,None,None,-1858855,-1858238,1167768,None,-1858238,None,834888,233649,-2092504,None,-617,None,None,None,None,89848,None,None,None,None,-1858238,-1858238,None,USD,6461507,None,None,445281,5781356,680151,149249,None,76,-65557613,None,1675462,None,2527527,5475576,4895764,None,None,1801365,2972808,None,-995311,None,None,147919,None,579812,None,None,76,None,-65557613,None,None,11872,None,3488699,8612,156531,None,305780,None,None,None,66237688,6461507,2527527,None,7564133,USD,None,-132300,-6122,None,-59934,-189590,-129656,None,-1858237,-2360750,-2165038,-196640,90772,None,None,None,None,-68633,6122,None,None,-2360750,nan,nan
17,2015-06-30,USD,None,2291123,None,None,-2286999,-2286550,1382966,None,-2286550,None,817657,4124,-2291123,None,-449,None,None,None,None,90500,None,None,None,None,-2286550,-2286550,None,USD,8580214,None,None,118589,6206843,2373371,148853,None,76,-63699376,None,1675462,None,4888277,5839832,5127611,None,None,1886014,5006866,None,697909,None,None,208925,None,712221,None,None,76,None,-63699376,None,None,11872,None,3573348,9233,218158,None,367011,None,None,None,66072671,8580214,4888277,None,7562762,USD,None,-112019,-8199,None,-866,-866,None,None,-2286550,-2196335,-2187270,52976,90692,None,None,None,None,67631,8199,None,None,-2196335,nan,nan
