,fiscalDateEnding,reportedCurrency_x,totalRevenue,totalOperatingExpense,costOfRevenue,grossProfit,ebit,netIncome_x,researchAndDevelopment,effectOfAccountingCharges,incomeBeforeTax,minorityInterest,sellingGeneralAdministrative,otherNonOperatingIncome,operatingIncome,otherOperatingExpense,interestExpense,taxProvision,interestIncome,netInterestIncome,extraordinaryItems,nonRecurring,otherItems,incomeTaxExpense,totalOtherIncomeExpense,discontinuedOperations,netIncomeFromContinuingOperations,netIncomeApplicableToCommonShares,preferredStockAndOtherAdjustments,reportedCurrency_y,totalAssets,intangibleAssets,earningAssets,otherCurrentAssets,totalLiabilities,totalShareholderEquity,deferredLongTermLiabilities,otherCurrentLiabilities,commonStock,retainedEarnings,otherLiabilities,goodwill,otherAssets,cash,totalCurrentLiabilities,shortTermDebt,currentLongTermDebt,otherShareholderEquity,propertyPlantEquipment,totalCurrentAssets,longTermInvestments,netTangibleAssets,shortTermInvestments,netReceivables,longTermDebt,inventory,accountsPayable,totalPermanentEquity,additionalPaidInCapital,commonStockTotalEquity,preferredStockTotalEquity,retainedEarningsTotalEquity,treasuryStock,accumulatedAmortization,otherNonCurrrentAssets,deferredLongTermAssetCharges,totalNonCurrentAssets,capitalLeaseObligations,totalLongTermDebt,otherNonCurrentLiabilities,totalNonCurrentLiabilities,negativeGoodwill,warrants,preferredStockRedeemable,capitalSurplus,liabilitiesAndShareholderEquity,cashAndShortTermInvestments,accumulatedDepreciation,commonStockSharesOutstanding,reportedCurrency,investments,changeInLiabilities,cashflowFromInvestment,otherCashflowFromInvestment,netBorrowings,cashflowFromFinancing,otherCashflowFromFinancing,changeInOperatingActivities,netIncome_y,changeInCash,operatingCashflow,otherOperatingCashflow,depreciation,dividendPayout,stockSaleAndPurchase,changeInInventory,changeInAccountReceivables,changeInNetIncome,capitalExpenditures,changeInReceivables,changeInExchangeRate,changeInCashAndCashEquivalents,clossingVal,nextClossingVal
0,2020-06-30,USD,125000,4891997,None,None,-4811672,-5342935,2990861,None,-5342935,None,1901136,None,-4766997,None,340602,None,None,-340602,None,None,None,None,-235336,None,-5342935,-5342935,None,USD,46722960,15963809,None,None,22514798,24208162,None,None,332297,-300916593,6765279,1976101,403482,22653760,9205745,None,4385915,7866,1583508,26796060,None,6268252,2791868,None,5610555,None,2402142,None,None,None,None,None,None,None,None,None,19926900,1343224,None,6015279,13309053,None,None,None,None,None,None,None,None,USD,7096038,-441313,7096038,None,None,12759747,None,1838594,-5342935,16907576,-2948209,None,190661,None,None,None,None,710057,3602,None,None,None,3.72,
1,2020-03-31,USD,125000,4890995,None,125000,-4717513,-5056878,3052049,None,-5056878,None,1838906,48442,-4765955,None,339365,None,-251060,-339365,None,None,None,None,48442,None,-5056878,-5056878,None,USD,38936624,16020638,None,1819324,22728088,16208536,875000,898731,292574,-295573658,6633983,1976101,349447,5746184,7430184,2276005,2276005,3813,374598,18876700,None,-1788203,9887455,1423737,7623738,None,4255448,None,None,292574,None,-295573658,-85188,None,1688587,None,19685326,1438914,7623738,6799166,15297904,None,None,None,311570995,38936624,15633639,None,29257101,USD,-1940534,-504952,-1948769,-1940530,None,5794747,None,-1885195,-5056878,-1129089,-4975067,-1871511,188329,None,5794747,None,None,2271289,8235,-1344,None,-1129089,0.9041,3.72
2,2019-12-31,USD,125000,4872666,3065028,125000,-4575630,-3102759,3065337,None,-4919233,None,1807329,172036,-4747666,None,343603,-1816470,-275550,-343603,None,None,None,-1816474,172036,None,-3102759,-3102759,None,USD,38278367,16077467,None,None,23719332,14559035,1000000,887733,232562,-290516780,6717709,1976101,2152598,6875273,7894457,1840228,1840228,42778,405363,16235198,None,-3494533,7985886,1374039,7963449,None,5166496,None,None,232562,None,-290516780,-85188,None,3584238,None,21637806,1531450,7963449,6861426,15824875,None,None,None,304885663,38278367,14861159,None,23255818,USD,2313195,-1256292,2300482,6285020,None,1687325,None,-629985,-3102759,-1628813,-5616620,-157867,184454,None,1669325,None,None,-1289758,12713,5602,None,-1628813,1.71,0.9041
3,2019-09-30,USD,125000,5512526,3674239,125000,-5127205,-5476807,3674239,None,-5476807,None,1838287,260321,-5387526,None,349602,None,-175160,-349602,None,None,None,None,260321,None,-5476807,-5476807,None,USD,40563850,16134296,None,1271670,25104300,15459550,1125000,877005,220028,-287414021,6943843,1976101,390433,8522086,7789008,579480,579480,34075,430046,20111105,None,-2650847,10290378,1298641,9126739,None,6332523,None,None,220028,None,-287414021,-85188,None,1912302,None,20022699,1621715,9126739,7063553,17315292,None,None,None,302704656,40563850,18812464,None,22002418,USD,5351509,462397,5277792,3971820,None,1693467,None,18479,-5476807,2490768,-4480491,-133647,175184,None,1711467,None,None,453680,73717,38702,None,2490768,1.54,1.71
4,2019-06-30,USD,125000,5694758,3558074,125000,-5555067,-5904515,3558074,None,-5904515,None,2136684,14691,-5569758,None,349448,None,-204850,-349448,None,None,None,None,14691,None,-5904515,-5904515,None,USD,43587038,16191125,None,1271670,24755327,18831711,1250000,866541,210026,-281937214,7154725,1976101,370210,6013318,6648616,None,None,94576,386671,23053049,None,664485,15702388,1337343,9608761,None,5782075,None,None,210026,None,-281937214,-85188,None,1980092,None,20147318,1709766,9608761,7247950,18106711,None,None,None,300549511,43587038,21715706,None,21002295,USD,4472132,659650,4354566,-1379690,None,2709175,None,-273393,-5904515,2437728,-4626013,-174352,173221,None,4464060,None,None,617347,117566,2636,None,2437728,1.82,1.54
5,2019-03-31,USD,125000,4985523,2767659,125000,-2016705,-2367452,2767659,None,-2367452,None,2217864,2843818,-4860523,None,350747,None,-636960,-350747,None,None,None,None,2843818,None,-2367452,-2367452,None,USD,45395952,16247954,None,1040600,23999350,21396602,1375000,844721,196624,-276032699,7152664,1976101,315490,3575590,5893277,344721,344721,86824,299448,24861028,None,3172547,20166768,1118670,9514495,None,5048556,None,None,196624,None,-276032699,-85188,None,2011421,None,20235476,1783635,9514495,7216578,18106073,None,None,None,297231041,45395952,23742358,None,19662020,USD,-5851818,-635190,-5996980,-5851820,None,1754885,1754885,-655625,-2367452,-9777953,-5535858,-3413167,188806,None,1754890,None,None,691145,145162,None,None,-9777953,1.96,1.82
6,2018-12-31,USD,250000,4875367,11865523,250000,-4750367,5480578,2343586,0,-4938537,0,2531781,163096,-4750367,0,351266,-10419120,None,None,0,0,0,-10419115,-188170,0,5480578,5480578,None,USD,46855587,16304783,None,451293,25994515,20861072,1500000,500000,188322,-273665247,10470942,1976101,258933,13353543,6106536,None,None,29872,184627,28131143,None,2580188,14257998,519602,9417037,None,5606536,None,None,188322,None,-273665247,-85188,None,258933,None,18539817,None,9417037,8970942,19887979,None,None,None,294393313,46855587,27611541,None,18000000,USD,4330645,681781,4324024,-1493940,9725000,-378069,-378069,-68780,5480578,9982240,6036285,-810165,95346,None,858520,None,None,588745,56621,None,None,9982240,1.41,1.96
7,2018-09-30,USD,125000,4147220,4059000,125000,-4310658,-4656386,2187317,0,-4656386,0,1959903,-288438,-4022220,0,345728,None,None,None,0,0,0,0,-634166,0,-4656386,-4656386,None,USD,40911954,16361612,None,224614,25780889,15131065,1625000,500000,179114,-279145825,10661555,1976101,18493000,3371303,5799755,None,None,20960,166523,22252394,None,-3206648,18579731,301360,9319579,0,5299755,0,0,179114,0,-279145825,-85188,None,155324,None,18493037,None,9319579,9036555,19981134,None,None,None,294162004,40911954,21951034,None,17911120,USD,-5112417,-560711,-5116497,0,None,-378069,None,-239905,-4656386,-9382391,-4265894,249504,87171,0,0,0,0,614528,4080,None,None,-9382391,2.77,1.41
8,2018-06-30,USD,125000,8136353,8049000,125000,-8215525,-8230556,4593544,0,-8230556,0,3542809,-204172,-8011353,0,15031,None,None,None,0,0,0,0,-219203,0,-8230556,-8230556,None,USD,49509907,20928441,None,89186,30362191,19147716,1750000,500000,177466,-274489439,14904604,1976101,22975000,12753694,6235466,9222121,9222121,-4247,192785,26341819,None,-3756826,13442107,146018,9222121,0,5735466,0,0,177466,0,-274489439,-85188,None,70761,None,22975303,None,9222121,13154604,24126725,None,None,None,293549124,49509907,26195801,None,17746285,USD,4998222,476721,4900161,-50000,9725000,9725000,None,-1640,-8230556,10468380,-4156781,278249,87171,0,0,0,0,3231634,48061,None,None,10468380,2.95,2.77
9,2018-03-31,USD,125000,4406104,4320000,125000,-4476995,-4476995,2741076,0,-4476995,0,1665028,-195891,-4281104,-125000,-15031,None,None,None,0,0,0,0,-195891,0,-4476995,-4476995,None,USD,43998052,20994031,None,89186,20387697,23610355,1875000,500000,177403,-266258883,14753952,1976101,22970000,2285314,5633745,None,None,-33414,175066,20852854,None,23610355,18411162,156378,0,0,5133745,0,0,177403,0,-266258883,-85188,None,22970132,None,23145198,None,None,12878952,14753952,None,None,None,289810437,43998052,20696476,None,17740035,USD,-5710392,-690945,-5740029,0,9725000,1236584,1236584,-12752,-4476995,-9158741,-4655296,255965,87171,0,1300000,0,0,169508,29637,None,None,-9158741,2.24,2.95
10,2017-12-31,USD,125000,4806196,4765000,125000,-4680842,-4680842,3207956,0,-4680842,0,1598240,354,-4681196,0,-91756,None,None,None,0,0,0,0,-660512,0,-4680842,-4680842,None,USD,47514433,23017000,None,89000,20809925,26704508,2000000,15038525,172772,-261781888,14609000,1976000,23026000,11444055,6199690,None,None,-10164,175771,24311701,None,26704508,12724020,143626,0,0,5771400,0,0,172772,0,-261781888,-85188,None,23026961,None,23202732,None,None,None,None,None,None,None,288408976,47514433,24168075,None,17276965,USD,-12734184,77516,-12751687,100000,-2595923,25719629,4579325,-136139,-4680842,8759045,-4208897,14609,41423,0,21001741,0,0,388829,17503,-50432,None,8759045,2.68,2.24
11,2017-09-30,USD,125000,4523097,4353000,125000,-5671329,-5671329,3348847,0,-5671329,0,1174250,-1273232,-4398097,0,-30000,None,None,None,0,0,0,0,-954104,0,-5671329,-5671329,None,USD,26000964,21098928,None,89000,20713908,5287056,2125000,15143054,83555,-257101046,14717000,1976101,23084000,2685010,5997174,None,None,None,142862,2774312,None,-17787973,0,89302,0,0,2764653,0,0,83555,0,-257101046,-85188,None,8761,None,23083790,None,None,None,None,None,None,None,262389735,26000964,2685010,None,8354679,USD,-12734184,-1084300,1759000,100000,9725000,4162842,4162842,-200273,-5671329,-944028,-5106870,-1188666,170529,0,0,0,4000,2666896,21000,None,None,-944028,1.5,2.68
12,2017-06-30,USD,125000,4695741,4525000,125000,-4860453,-4889869,3046631,0,-4889869,0,1649110,-289712,-4570741,0,29416,None,None,None,0,0,0,0,22610,0,-4889869,-5235554,None,USD,29656166,23675757,None,110000,23007519,6648647,2250000,14264205,59149,-251429717,16051000,1976101,25660000,3629038,6956474,None,None,None,256562,3738985,None,-19003211,0,109947,0,0,6456474,0,0,59149,0,-251429717,-85188,None,8761,None,25660619,None,None,36840,2286840,None,None,None,258104403,29656166,3629038,None,5914226,USD,-12734184,-539431,100000,100000,-1489531,3255767,4883861,123760,-4889869,-840538,-4196305,375340,170529,0,0,0,4000,687126,21000,None,None,-840538,2.05,1.5
13,2017-03-31,USD,125000,4943398,4772000,125000,-5097796,-5160136,3475276,0,-5160136,0,1468122,-279398,-4818398,0,62340,None,None,None,0,0,0,0,-341738,0,-5160136,-5160136,None,USD,30798908,23732586,None,141000,24692816,6106092,2375000,16346977,554712,-246539848,15850000,1976101,25818000,4469576,8842751,1471846,1471846,None,370262,4611198,None,-19602595,0,141622,0,0,6873993,0,0,554712,0,-246539848,-85188,None,108761,None,25817448,None,None,None,None,None,None,None,252176416,30798908,4469576,None,55466492,USD,1680000,1383171,1658874,0,-1106392,3316544,4284373,115222,-5160136,1845414,-3130004,358966,170529,0,138563,0,4000,117466,21126,None,None,1845414,0.29,2.05
14,2016-12-31,USD,125000,5258844,5258000,125000,-6005165,-4673596,3620393,0,-4673596,0,1638451,-871321,-5133844,0,-1331569,None,None,None,0,-1444023,0,0,-590822,0,-4673596,-5396589,None,USD,30849691,23789415,None,115222,24123865,6725826,2500000,16188226,312263,-241379712,15701000,1976101,25874000,2624162,8423287,2560553,2560553,None,462836,4512578,None,-19039690,1680000,93194,0,0,5375086,0,0,312263,0,-241379712,-85188,None,108761,None,25874277,None,None,None,None,None,None,None,247878463,30849691,4304162,None,31221657,USD,2838341,-433638,2824766,100000,-1070418,278133,1346051,571853,-5396589,-1560060,-4662959,-1138908,662829,0,2500,0,23000,1620626,13575,22721,None,-1560060,0.3039,0.29
15,2016-09-30,USD,125000,5721603,5722000,125000,-6248662,-6409687,4225132,0,-6409687,0,1496471,-652059,-5596603,0,161025,None,None,None,0,0,0,0,-485007,0,-6409687,-6409687,None,USD,37461039,25801728,None,326000,26888894,10572145,2625000,500000,260835,-235673273,17125000,1976101,27886000,4184222,9764484,3593112,None,464,543800,9030649,None,-17205684,4515479,330948,0,0,5671372,0,0,260835,0,-235673273,-417291,None,100000,None,27886590,None,None,14499410,17124410,None,None,None,246401410,37461039,8699701,None,26060573,USD,-2355015,218676,-2361185,0,-1038759,-1040158,-1399,None,-6409687,-8123567,-4722224,914338,121875,0,0,0,22000,432574,6170,None,None,-8123567,1.22,0.3039
16,2016-06-30,USD,125000,4865677,4866000,125000,-4327630,-4530983,3336372,0,-4530983,0,1529305,413047,-4740677,0,203353,None,None,None,0,0,0,0,-328077,0,-4530983,-4530983,None,USD,43514680,25801728,None,501000,27002611,16512069,2750000,500000,258335,-228755172,16597000,1976101,27888000,12307789,10406346,4578650,None,None,657630,14968585,None,-11265760,2160000,500796,0,0,5327696,0,0,258335,0,-228755172,-963830,None,100000,None,27888465,None,None,13846265,16596265,None,None,None,245972736,43514680,14467789,None,25780554,USD,-2160000,340714,-2180880,0,-1002177,4428187,5430364,None,-4530983,-2002753,-4250060,-465172,121875,0,0,0,27000,283506,20880,None,None,-2002753,1.27,1.22
17,2016-03-31,USD,125000,5303696,5303000,125000,-5472269,-5716467,3441171,0,-5716467,0,1862525,-293573,-5178696,0,244198,None,None,None,0,0,0,0,0,0,-5716467,-5716467,None,USD,43329287,25801728,None,372000,28020267,15309020,2875000,500000,234897,-224024545,17138000,1976101,27890000,14310542,9563001,4201019,None,None,756750,14682197,None,-12468809,0,371655,1319414,0,4861982,0,0,234897,0,-224024545,-1183636,None,27890340,None,56424919,None,1319414,14262852,18457266,None,None,None,240282304,43329287,14310542,None,23424699,USD,10799890,-13014,10778012,0,-988493,-988493,None,None,-5716467,5045398,-4744121,244613,121875,0,0,0,27000,618872,21878,None,None,5045398,1.46,1.27
18,2015-12-31,USD,125000,21346793,4969000,500000,-20846793,-22461084,3702000,0,-22461084,0,6686852,None,-20846793,0,282000,None,None,None,0,0,0,0,-1614291,0,-22461084,-22461084,None,USD,49055000,27793000,None,189000,28669000,20386000,0,2420000,234000,-218130360,16969000,1976000,27919000,9265000,9350000,4073716,4073716,-3858,855000,20281316,None,-7392165,10800000,26729,2350000,0,2830000,0,0,0,0,0,-1382000,None,None,None,None,None,None,None,None,None,None,None,None,None,None,None,2000000,USD,13385954,-1359183,13327000,50000,-3654230,4082000,None,-106894,-22461084,-3421737,-20830563,None,432466,0,0,0,183000,2225415,109000,None,None,None,1.92,1.46
19,2015-09-30,USD,125000,4367114,4257000,125000,-3944717,-4267413,2883453,0,-4267413,0,1483661,297397,-4242114,0,322696,None,None,None,0,0,0,0,0,0,-4267413,-4267413,None,USD,53659104,25809228,None,404000,28575924,25083180,3125000,500000,231116,-212489321,16803000,1976101,27927000,7574875,8429393,3977412,None,-1034,954688,24776552,None,-2702149,16772708,428969,3343740,0,3951981,0,0,231116,0,-212489321,-1522330,None,142535,None,27927864,None,3343740,13677791,20146531,None,None,None,238864749,53659104,24347583,None,23027988,USD,2009022,-1611935,1955742,50000,-924357,-1011039,None,None,-4267413,-4376116,-5320819,141977,109875,0,-86682,0,185000,306677,53280,None,None,-4376116,1.67,1.92
