,fiscalDateEnding,reportedCurrency_x,totalRevenue,totalOperatingExpense,costOfRevenue,grossProfit,ebit,netIncome_x,researchAndDevelopment,effectOfAccountingCharges,incomeBeforeTax,minorityInterest,sellingGeneralAdministrative,otherNonOperatingIncome,operatingIncome,otherOperatingExpense,interestExpense,taxProvision,interestIncome,netInterestIncome,extraordinaryItems,nonRecurring,otherItems,incomeTaxExpense,totalOtherIncomeExpense,discontinuedOperations,netIncomeFromContinuingOperations,netIncomeApplicableToCommonShares,preferredStockAndOtherAdjustments,reportedCurrency_y,totalAssets,intangibleAssets,earningAssets,otherCurrentAssets,totalLiabilities,totalShareholderEquity,deferredLongTermLiabilities,otherCurrentLiabilities,commonStock,retainedEarnings,otherLiabilities,goodwill,otherAssets,cash,totalCurrentLiabilities,shortTermDebt,currentLongTermDebt,otherShareholderEquity,propertyPlantEquipment,totalCurrentAssets,longTermInvestments,netTangibleAssets,shortTermInvestments,netReceivables,longTermDebt,inventory,accountsPayable,totalPermanentEquity,additionalPaidInCapital,commonStockTotalEquity,preferredStockTotalEquity,retainedEarningsTotalEquity,treasuryStock,accumulatedAmortization,otherNonCurrrentAssets,deferredLongTermAssetCharges,totalNonCurrentAssets,capitalLeaseObligations,totalLongTermDebt,otherNonCurrentLiabilities,totalNonCurrentLiabilities,negativeGoodwill,warrants,preferredStockRedeemable,capitalSurplus,liabilitiesAndShareholderEquity,cashAndShortTermInvestments,accumulatedDepreciation,commonStockSharesOutstanding,reportedCurrency,investments,changeInLiabilities,cashflowFromInvestment,otherCashflowFromInvestment,netBorrowings,cashflowFromFinancing,otherCashflowFromFinancing,changeInOperatingActivities,netIncome_y,changeInCash,operatingCashflow,otherOperatingCashflow,depreciation,dividendPayout,stockSaleAndPurchase,changeInInventory,changeInAccountReceivables,changeInNetIncome,capitalExpenditures,changeInReceivables,changeInExchangeRate,changeInCashAndCashEquivalents,clossingVal,nextClossingVal
0,2020-06-30,USD,39887000,122535000,10400000,39887000,-85544000,-92247000,69878000,None,-92283000,None,42257000,-2896000,-82648000,10400000,6739000,-36000,None,-6739000,None,None,None,-36000,-2896000,None,-92247000,-92247000,None,USD,628209000,68428000,None,16347000,725584000,-97375000,None,5028000,88000,-2435094000,2075000,63074000,128094000,261436000,112584000,None,None,-44913000,13412000,322838000,None,-228877000,None,18204000,504680000,26851000,107556000,None,None,88000,None,-2435094000,None,None,54120000,None,199034000,38814000,504680000,108320000,613000000,None,None,None,2382544000,628209000,261436000,None,88196705,USD,64841000,-5287000,56800000,-8000000,17730000,101007000,-415000,7461000,-92247000,97950000,-59857000,17645000,2601000,None,83692000,-2482000,6878000,13035000,41000,6878000,None,97950000,6.75,
1,2020-03-31,USD,42564000,124576000,10308000,42564000,-89839000,-99332000,68221000,None,-99400000,None,46047000,-7827000,-82012000,10308000,9561000,-68000,-6883000,-9561000,None,None,None,-68000,-7827000,None,-99332000,-99332000,None,USD,601793000,61708000,None,17327000,728787000,-126994000,None,5389000,73000,-2342848000,1506000,63074000,134831000,163309000,122223000,None,None,-44890000,14285000,301345000,None,-251776000,65051000,25081000,524905000,30577000,116834000,None,None,73000,None,-2342848000,None,None,74114000,None,213181000,33123000,524905000,81659000,606564000,None,None,None,2260671000,601793000,228360000,None,73496587,USD,69841000,169000,69807000,69841000,-148851000,14644000,-408000,-4208000,-99332000,1957000,-82494000,-12734000,2776000,None,163903000,6839000,-4519000,24307000,34000,-4519000,None,1957000,6.36,6.75
2,2019-12-31,USD,39307000,130966000,9153000,39307000,-90297000,-99501000,72473000,None,-97017000,None,49340000,1362000,-91659000,9153000,6720000,2484000,-6620000,-6721000,None,None,None,2484000,1362000,None,-99501000,-99501000,None,USD,669604000,62920000,None,22728000,843861000,-174257000,None,5405000,55000,-2243515000,1556000,63074000,133714000,161833000,133084000,None,None,-44865000,15287000,366468000,None,-300251000,134826000,20562000,644751000,26519000,127679000,None,None,55000,None,-2243515000,None,None,63802000,None,205083000,34884000,644751000,66026000,710777000,None,None,None,2114068000,669604000,296659000,None,54956341,USD,17170000,21332000,16767000,146688000,12626000,13206000,-160000,19793000,-99501000,-40174000,-70147000,8561000,2577000,None,740000,-2687000,-3566000,3137000,403000,-3566000,None,-40174000,10.425,6.36
3,2019-09-30,USD,37603000,144032000,9346000,37603000,-89147000,-94075000,77896000,None,-94425000,None,47350000,17282000,-106429000,9346000,5278000,-350000,-5507000,-5278000,None,9440000,None,-350000,7842000,None,-94075000,-94075000,None,USD,716892000,64132000,None,22692000,804387000,-87495000,None,4458000,55000,-2144013000,1220000,63074000,130561000,201481000,111360000,None,None,-44699000,15223000,418475000,None,-214701000,152622000,16816000,644095000,24864000,106902000,None,None,55000,None,-2144013000,None,None,58767000,None,201196000,32226000,644095000,48932000,693027000,None,None,None,2101162000,716892000,354103000,None,54805525,USD,53927000,8370000,52799000,275000,97294000,97338000,-160000,12547000,-94073000,93157000,-56980000,9839000,2456000,None,44000,12167000,-1461000,5722000,1403000,-1461000,None,93157000,3.93,10.425
4,2019-06-30,USD,32978000,126437000,7662000,32978000,-116786000,-120427000,70746000,None,-120603000,None,48029000,-23327000,-93459000,7662000,3817000,-176000,-4043000,-3817000,None,None,None,-176000,-23327000,None,-120427000,-120427000,None,USD,685975000,65343000,None,20875000,715957000,-29982000,None,25332000,53000,-2049940000,1257000,63074000,140629000,108607000,106098000,None,None,-44488000,15802000,378744000,None,-158399000,207306000,15375000,576763000,26581000,80766000,None,None,53000,None,-2049940000,None,None,55342000,None,199561000,29278000,576763000,33096000,609859000,None,None,None,2064393000,685975000,315913000,None,53170479,USD,75981000,-4788000,74978000,-750000,6862000,8251000,-160000,3359000,-120429000,-14808000,-98037000,22033000,1834000,None,1389000,-11530000,714000,14129000,253000,714000,None,-14808000,14.87,3.93
5,2019-03-31,USD,33118000,118317000,8525000,33118000,-82991000,-86421000,62031000,None,-86581000,None,47761000,2208000,-85199000,8525000,3590000,-160000,-3782000,-3590000,None,None,None,-160000,2208000,None,-86421000,-86421000,None,USD,784617000,65810000,None,19213000,709766000,74851000,None,4253000,53000,-1929513000,1294000,63074000,148544000,123308000,106422000,4253000,4253000,-44564000,16193000,467077000,None,-54033000,283474000,16096000,576003000,24986000,102169000,None,None,53000,None,-1929513000,None,None,57467000,None,202544000,30300000,576003000,27341000,603344000,None,None,None,2048875000,784617000,406782000,None,52994050,USD,15085000,697000,-1146000,-15000000,6862000,1093000,-160000,-5981000,-86421000,-98504000,-98451000,-1290000,2238000,None,1093000,-24110000,-3205000,13640000,1231000,-3205000,None,-98504000,24.82,14.87
6,2018-12-31,USD,30351000,127318000,6182000,30351000,-134782000,-99261000,71210000,0,-98373000,0,49148000,-37815000,-96967000,8812000,3591000,None,None,None,0,0,0,855000,-1405000,0,-99228000,-99261000,None,USD,863560000,51930000,None,12192000,717091000,146469000,None,38502000,53000,-1843092000,7620000,63074000,149733000,221876000,125749000,None,None,-44634000,26524000,572299000,None,31465000,298270000,12889000,575470000,27072000,125749000,None,None,53000,None,-1843092000,None,None,35825000,None,177353000,None,575470000,15872000,591342000,None,None,None,2034142000,863560000,520146000,None,52797516,USD,15000000,6599000,13521000,-255000000,-245000,490000,-35000,12106000,-99259000,-68716000,-82727000,18335000,3012000,None,770000,-24396000,1607000,11375000,1479000,1607000,None,-68716000,17.96,24.82
7,2018-09-30,USD,22757000,111919000,4766000,22757000,-86475000,-89864000,63887000,0,-89851000,0,42495000,2687000,-89162000,4766000,3376000,None,None,None,0,0,0,13000,-689000,0,-89864000,-89864000,None,USD,891464000,52709000,None,28201000,657798000,233666000,6478000,2607000,53000,-1743834000,6478000,63074000,73890000,290853000,76492000,None,None,-44550000,11035000,690756000,None,117883000,313525000,14495000,574828000,43682000,76492000,0,0,53000,0,-1743834000,0,None,53885000,None,180703000,None,574828000,None,581306000,None,None,None,2021997000,891464000,604378000,None,52708767,USD,-100000000,-10301000,-105555000,9592000,-148000,592000,-35000,-16544000,-89865000,-177389000,-72426000,6965000,2017000,0,740000,10003000,-2192000,2972000,5555000,-2192000,None,-177389000,29.37,17.96
8,2018-06-30,USD,23757000,102770000,4490000,23757000,-57642000,-101190000,52707000,0,-101223000,0,44864000,21371000,-79013000,4490000,3581000,None,None,None,0,0,0,-33000,-22210000,0,-101223000,-101190000,None,USD,967732000,53480000,None,11083000,655382000,312350000,4431000,20000000,53000,-1653969000,4431000,63475000,76463000,468321000,76616000,574335000,574335000,-44045000,5696000,768618000,None,195395000,213921000,12304000,574335000,62989000,56616000,0,0,53000,0,-1653969000,0,None,76463000,None,199114000,None,574335000,None,578766000,None,None,None,2010311000,967732000,682242000,None,52637375,USD,-125000000,14127000,-181991000,-55000000,291035000,386868000,-35000,8910000,-101191000,94668000,-110209000,-47159000,2354000,0,95833000,6173000,632000,22830000,1991000,632000,None,94414000,45.47,29.37
9,2018-03-31,USD,18523000,87195000,4006000,18523000,-75319000,-77694000,43543000,0,-77954000,0,39274000,-6647000,-68672000,4006000,2635000,None,None,None,0,0,0,-260000,-9282000,0,-77694000,-77694000,None,USD,678924000,19189000,None,13734000,372688000,306236000,4514000,22534000,51000,-1552778000,4514000,66960000,29164000,374114000,85442000,282732000,282732000,-40661000,3938000,559673000,None,220087000,89697000,12936000,282732000,69192000,62908000,0,0,51000,0,-1552778000,0,None,29164000,None,119251000,None,282732000,None,287246000,None,None,None,1899624000,678924000,463811000,None,50697471,USD,10000000,-365000,9783000,2635000,291035000,514000,-35000,213000,-77694000,-90338000,-100635000,9904000,741000,0,514000,-41716000,-3418000,11913000,217000,-3418000,254000,-90084000,52.8,45.47
10,2017-12-31,USD,17040000,80244000,3109000,17040000,-50232000,-51883000,38019000,0,-52863000,0,38523000,12972000,-63204000,3702000,2631000,None,None,None,0,0,0,-980000,-110973000,0,-51883000,-51883000,None,USD,735230000,19561000,None,29520000,367594000,367636000,3671000,22022000,51000,-1477440000,3671000,65217000,104283000,464198000,81517000,282406000,282406000,-42173000,4007000,626940000,None,282858000,99533000,6181000,282406000,27508000,59495000,0,0,51000,0,-1477440000,0,None,19505000,None,108290000,None,282406000,None,286077000,None,None,None,1887198000,735230000,563731000,None,50565119,USD,-83500000,1976000,-83571000,10428000,None,1818000,None,-17217000,-51883000,-147331000,-65578000,8024000,1264000,0,1818000,-22163000,-6061000,3386000,71000,-6182000,57000,-147274000,68.0,52.8
11,2017-09-30,USD,16806000,77333000,2769000,16806000,-59280000,-60664000,38924000,0,-61898000,0,35011000,1247000,-60527000,3398000,2618000,None,None,None,0,0,0,-1234000,117558000,0,-60664000,-60664000,None,USD,805359000,19932000,None,40582000,506170000,299189000,4703000,166266000,49000,-1425556000,4282000,64253000,102391000,611472000,219385000,282082000,282082000,-42701000,4070000,698898000,None,215004000,16499000,25000000,282082000,5345000,53119000,0,0,49000,0,-1425556000,0,None,18206000,None,106461000,None,282082000,None,286785000,None,None,None,1767397000,805359000,627971000,None,49002468,USD,163500000,631000,163333000,7796000,291035000,1817000,None,30360000,-60665000,119365000,-45785000,-241000,712000,0,1817000,1133000,121000,11501000,167000,1144000,321000,119686000,82.4,68.0
12,2017-06-30,USD,14620000,72359000,2459000,14620000,-174069000,-175386000,33108000,0,-176667000,0,36149000,-116330000,-57739000,3102000,2598000,None,None,None,0,0,0,-1281000,-116543000,0,-175386000,-175386000,None,USD,849896000,20304000,None,11620000,506103000,343793000,4965000,163011000,49000,-1364893000,4333000,62018000,129970000,491786000,219377000,281761000,281761000,-44306000,4155000,715771000,None,261471000,179744000,26143000,281761000,6478000,56366000,0,0,49000,0,-1364893000,0,None,47648000,None,134125000,None,281761000,None,286726000,None,None,None,1752943000,849896000,671530000,None,48843131,USD,-47000000,2578000,-47196000,5178000,None,331542000,None,-11800000,-175385000,215244000,-69102000,-24956000,991000,0,331542000,26000,1023000,126410000,196000,1234000,493000,215737000,93.63,82.4
13,2017-03-31,USD,7045000,63206000,896000,7045000,-55966000,-58464000,32447000,0,-58547000,0,29224000,195000,-56161000,1535000,2581000,None,None,None,0,0,0,-83000,-2386000,0,-58464000,-58464000,None,USD,536614000,20675000,None,11110000,362405000,174209000,22093000,34322000,45000,-1189507000,21886000,58015000,103569000,276049000,58869000,281443000,281443000,-47118000,4226000,428819000,None,95519000,132778000,2378000,281443000,6504000,58869000,0,0,45000,0,-1189507000,0,None,24879000,None,107795000,None,281443000,None,303536000,None,None,None,1410789000,536614000,408827000,None,44769756,USD,-83000000,3790000,-86668000,-3615000,None,226898000,None,-27061000,-58464000,59791000,-80439000,-27061000,1170000,0,226898000,-6504000,2257000,8887000,53000,-2257000,72000,59863000,63.67,93.63
14,2016-12-31,USD,78000,67214000,66392000,78000,-67122000,-70728000,54454000,0,-69295000,0,12190000,14000,-67136000,70000,2173000,None,None,None,0,500000,0,1433000,-87397000,0,-70728000,-70728000,None,USD,364557000,21047000,None,13106000,368191000,-3634000,21468000,54685000,39000,-1131043000,21468000,57192000,80707000,216186000,65597000,281126000,281126000,-47580000,4440000,279410000,None,-81873000,49997000,121000,281126000,0,65597000,0,0,39000,0,-1131043000,0,None,2468000,None,85147000,None,281126000,None,302594000,None,None,None,1174950000,364557000,266183000,None,38724090,USD,25000000,5722000,24995000,8491000,None,2574000,None,-6458000,-70728000,-27106000,-54675000,-1806000,657000,0,2574000,-47969000,-121000,11601000,5000,-121000,-432000,-27538000,44.42,63.67
15,2016-09-30,USD,0,64000000,63231000,0,-63814000,-65695000,54338000,0,-65922000,0,9162000,186000,-64000000,0,2108000,None,None,None,0,500000,0,-227000,-195000,0,-65695000,-65695000,None,USD,398624000,60748000,None,12570000,341586000,57038000,1703000,47994000,39000,-1060315000,1437000,60748000,62569000,243724000,59070000,None,None,-45010000,4707000,331348000,None,-3710000,75054000,121000,280813000,0,59070000,0,0,39000,0,-1060315000,0,None,1821000,None,67276000,None,280813000,None,282516000,None,None,None,1162324000,398624000,318778000,None,38582755,USD,75000000,-3277000,75060000,65000,None,659000,None,-1007000,-65695000,15384000,-60335000,-1007000,620000,0,659000,0,0,9024000,5000,None,-39000,15345000,36.05,44.42
16,2016-06-30,USD,0,156646000,77001000,0,-156267000,-129314000,67729000,0,-158373000,0,9552000,379000,-156646000,-25452000,2106000,None,None,None,0,104817000,0,-29059000,903000,0,-129314000,-129314000,None,USD,467985000,60606000,None,21036000,355153000,112832000,1796000,57848000,39000,-994620000,1463000,60606000,63474000,228379000,72856000,None,None,-45050000,4974000,399537000,None,52226000,150122000,121000,280501000,0,72856000,0,0,39000,0,-994620000,0,None,2868000,None,68448000,None,280501000,None,282297000,None,None,None,1152463000,467985000,378501000,None,38500588,USD,75000000,5180000,74848000,4210000,None,1238000,None,-3781000,-129314000,8154000,-67932000,-3781000,660000,0,1238000,0,0,59323000,152000,None,-148000,8006000,13.72,36.05
17,2016-03-31,USD,0,84951000,84165000,0,-85477000,-83400000,74608000,0,-87581000,0,9827000,-526000,-84951000,516000,2104000,None,None,None,0,0,0,-4181000,-2630000,0,-83400000,-83400000,None,USD,644574000,105689000,None,18481000,411911000,232663000,32068000,59841000,38000,-865306000,27302000,61775000,175495000,220373000,73941000,None,None,-43717000,5108000,463971000,None,65199000,225117000,None,280192000,0,73941000,0,0,38000,0,-865306000,0,None,8031000,None,180603000,None,280192000,25710000,337970000,None,None,None,1141648000,644574000,445490000,None,38364454,USD,25000000,-1302000,24396000,2104000,None,705000,None,None,-83400000,-58637000,-83738000,-7731000,657000,0,705000,0,0,8038000,604000,None,254000,-58383000,19.2,13.72
18,2015-12-31,USD,0,146908000,0,0,-146008000,-119541000,75995000,0,-148109000,0,5967000,900000,-146908000,-24611000,2101000,None,None,None,0,89557000,0,-28568000,-83318000,0,-119541000,-119541000,None,USD,713386000,101500000,None,11113000,412736000,300650000,32614000,64316000,38000,-781906000,26142000,59327000,168739000,278756000,75576000,279885000,279885000,-47460000,4946000,539701000,None,139823000,249832000,5283000,279885000,0,75576000,0,0,38000,0,-781906000,0,None,7912000,None,173685000,None,279885000,24661000,337160000,None,None,None,1129978000,713386000,528588000,None,38359454,USD,1000,6667000,-1859000,8372000,None,944000,None,15037000,-119541000,-76604000,-75689000,-7804000,599000,0,944000,-47969000,-121000,44390000,1860000,None,-83000,-76687000,35.0,19.2
19,2015-09-30,USD,0,97252000,0,0,-97174000,-98645000,76138000,0,-99273000,0,9114000,78000,-97252000,0,2099000,None,None,None,0,12000000,0,-628000,5516000,0,-98645000,-98645000,None,USD,891689000,196390000,None,9553000,477367000,414322000,61509000,66496000,38000,-662365000,52792000,60932000,272946000,355443000,75937000,None,None,-41486000,3303000,615440000,None,157000000,250444000,None,287500000,0,75937000,0,0,38000,0,-662365000,0,None,15624000,None,276249000,None,287500000,52421000,401430000,None,None,None,1118135000,891689000,605887000,None,38280996,USD,-109328000,3058000,-109497000,2099000,None,300463000,None,None,-98645000,119220000,-71746000,10275000,843000,0,300463000,0,0,12723000,169000,None,-38000,119182000,91.96,35.0
