,fiscalDateEnding,reportedCurrency_x,totalRevenue,totalOperatingExpense,costOfRevenue,grossProfit,ebit,netIncome_x,researchAndDevelopment,effectOfAccountingCharges,incomeBeforeTax,minorityInterest,sellingGeneralAdministrative,otherNonOperatingIncome,operatingIncome,otherOperatingExpense,interestExpense,taxProvision,interestIncome,netInterestIncome,extraordinaryItems,nonRecurring,otherItems,incomeTaxExpense,totalOtherIncomeExpense,discontinuedOperations,netIncomeFromContinuingOperations,netIncomeApplicableToCommonShares,preferredStockAndOtherAdjustments,reportedCurrency_y,totalAssets,intangibleAssets,earningAssets,otherCurrentAssets,totalLiabilities,totalShareholderEquity,deferredLongTermLiabilities,otherCurrentLiabilities,commonStock,retainedEarnings,otherLiabilities,goodwill,otherAssets,cash,totalCurrentLiabilities,shortTermDebt,currentLongTermDebt,otherShareholderEquity,propertyPlantEquipment,totalCurrentAssets,longTermInvestments,netTangibleAssets,shortTermInvestments,netReceivables,longTermDebt,inventory,accountsPayable,totalPermanentEquity,additionalPaidInCapital,commonStockTotalEquity,preferredStockTotalEquity,retainedEarningsTotalEquity,treasuryStock,accumulatedAmortization,otherNonCurrrentAssets,deferredLongTermAssetCharges,totalNonCurrentAssets,capitalLeaseObligations,totalLongTermDebt,otherNonCurrentLiabilities,totalNonCurrentLiabilities,negativeGoodwill,warrants,preferredStockRedeemable,capitalSurplus,liabilitiesAndShareholderEquity,cashAndShortTermInvestments,accumulatedDepreciation,commonStockSharesOutstanding,reportedCurrency,investments,changeInLiabilities,cashflowFromInvestment,otherCashflowFromInvestment,netBorrowings,cashflowFromFinancing,otherCashflowFromFinancing,changeInOperatingActivities,netIncome_y,changeInCash,operatingCashflow,otherOperatingCashflow,depreciation,dividendPayout,stockSaleAndPurchase,changeInInventory,changeInAccountReceivables,changeInNetIncome,capitalExpenditures,changeInReceivables,changeInExchangeRate,changeInCashAndCashEquivalents,clossingVal,nextClossingVal
0,2020-06-30,USD,23715000000,19068000000,6817000000,16898000000,8331000000,2988000000,None,None,3955000000,2433000000,8987000000,420000000,4647000000,17727000000,1112000000,946000000,None,-1112000000,None,None,None,946000000,420000000,None,3009000000,2988000000,None,USD,265978000000,105764000000,None,3323000000,181187000000,83614000000,1040000000,4203000000,54000000,53420000000,45555000000,67354000000,21758000000,13935000000,28445000000,4046000000,4046000000,-1279000000,48985000000,27485000000,7378000000,-77291000000,None,10227000000,100764000000,None,10426000000,None,None,54000000,None,53420000000,-7517000000,None,9012000000,None,238493000000,None,100764000000,22775000000,152742000000,None,1256000000,None,38936000000,265978000000,13935000000,None,None,USD,-1377000000,-152000000,-1377000000,18000000,1058000000,-1899000000,-1870000000,1728000000,2988000000,5367000000,8643000000,2163000000,3264000000,-1051000000,-36000000,None,None,113000000,2677000000,None,None,5367000000,38.98,
1,2020-03-31,USD,26609000000,21757000000,8301000000,18308000000,7400000000,2147000000,None,None,2924000000,2536000000,10192000000,-716000000,4852000000,19819000000,1212000000,700000000,-1938000000,-1212000000,None,None,None,700000000,-716000000,None,2224000000,2147000000,None,USD,262421000000,106422000000,None,4768000000,179638000000,81506000000,1078000000,4528000000,54000000,51516000000,45009000000,67218000000,22172000000,8516000000,27600000000,2973000000,2973000000,-1144000000,48442000000,24084000000,7080000000,-79749000000,None,10800000000,100604000000,None,9963000000,None,None,54000000,None,51516000000,-7517000000,None,9175000000,None,238337000000,None,100604000000,22310000000,152038000000,None,1259000000,None,38597000000,262421000000,8516000000,None,4617000000,USD,-3101000000,-727000000,-3101000000,15000000,1842000000,374000000,-258000000,-331000000,2147000000,3020000000,5824000000,885000000,3264000000,-977000000,-233000000,None,None,1273000000,2499000000,None,None,3097000000,34.38,38.98
2,2019-12-31,USD,28398000000,23151000000,9300000000,19098000000,8351000000,3162000000,None,None,4061000000,2520000000,10674000000,-73000000,5247000000,21208000000,1113000000,861000000,-1249000000,-1113000000,None,None,None,861000000,-73000000,None,3200000000,3162000000,None,USD,263414000000,104426000000,None,8600000000,179540000000,82726000000,1083000000,4498000000,54000000,50695000000,41054000000,68725000000,14455000000,5500000000,30292000000,4452000000,4452000000,1047000000,52360000000,25392000000,7683000000,-81492000000,None,11292000000,97765000000,None,10826000000,None,None,108000000,None,50695000000,-7517000000,None,8866000000,None,238022000000,None,97765000000,21931000000,149248000000,None,1372000000,None,38447000000,263414000000,5500000000,None,4610000000,USD,-3929000000,802000000,-3929000000,54000000,-4591000000,-355000000,5265000000,-1106000000,3162000000,1987000000,6235000000,1907000000,3177000000,-957000000,-72000000,None,-417000000,617000000,3876000000,None,None,1951000000,44.97,34.38
3,2019-09-30,USD,26827000000,21487000000,8316000000,18511000000,8410000000,3217000000,None,None,4063000000,2384000000,9991000000,None,5340000000,None,1167000000,775000000,-1348000000,-1167000000,None,None,None,775000000,-110000000,None,3288000000,3217000000,None,USD,256374000000,103176000000,None,8132000000,177214000000,78144000000,1055000000,4559000000,54000000,48570000000,46147000000,66913000000,14335000000,3507000000,25989000000,1039000000,1039000000,-1159000000,50801000000,22323000000,8289000000,-83298000000,None,10684000000,99847000000,None,10198000000,None,None,None,None,None,-7517000000,None,8883000000,None,234051000000,None,105012000000,22018000000,151225000000,None,None,None,38196000000,None,3507000000,None,4619000000,USD,-3498000000,-334000000,-3498000000,12000000,-978000000,-2094000000,-79000000,-1610000000,3217000000,-417000000,5191000000,None,3180000000,-955000000,-432000000,None,65000000,673000000,3119000000,None,None,None,45.08,44.97
4,2019-06-30,USD,26858000000,21502000000,8255000000,18603000000,8577000000,3125000000,None,None,4164000000,2309000000,9971000000,None,5356000000,None,1137000000,961000000,-1145000000,-1137000000,None,None,None,961000000,-55000000,None,3203000000,3125000000,None,USD,256555000000,103994000000,None,6607000000,178725000000,76850000000,1037000000,4325000000,54000000,46425000000,41164000000,67945000000,13260000000,3919000000,31008000000,6365000000,6365000000,-62000000,50110000000,21361000000,8438000000,-86536000000,None,10835000000,101248000000,None,10014000000,None,None,None,None,None,-7517000000,None,8770000000,None,235194000000,None,101248000000,17144000000,147717000000,None,None,None,37950000000,None,3919000000,None,4607000000,USD,-4188000000,-241000000,-4188000000,-25000000,-1444000000,-2407000000,94000000,251000000,3125000000,422000000,7040000000,None,3276000000,-954000000,-350000000,None,-154000000,783000000,2794000000,None,None,None,42.28,45.08
5,2019-03-31,USD,26859000000,21677000000,8569000000,18290000000,9178000000,3553000000,None,None,4708000000,2219000000,9737000000,None,5182000000,None,1150000000,1076000000,-674000000,-1150000000,None,None,None,1076000000,676000000,None,3632000000,3553000000,None,USD,256189000000,104318000000,None,6039000000,181230000000,74959000000,1001000000,4224000000,54000000,44379000000,42616000000,68073000000,3360000000,3498000000,27917000000,4629000000,4629000000,418000000,49821000000,20273000000,9159000000,-89381000000,None,10736000000,104464000000,None,10232000000,None,None,None,None,None,-7517000000,None,8645000000,None,235916000000,None,104464000000,18811000000,152410000000,None,None,None,37621000000,None,3498000000,None,4594000000,USD,-3226000000,-574000000,-3226000000,-587000000,-3150000000,-4325000000,-59000000,309000000,3632000000,-312000000,7231000000,None,3320000000,-869000000,-247000000,None,449000000,174000000,2639000000,None,None,None,39.98,42.28
6,2018-12-31,USD,27846000000,23022000000,9252000000,18594000000,4824000000,2511000000,0,0,3068000000,2205000000,10573000000,None,4824000000,0,-1129000000,None,None,None,0,0,0,486000000,-1756000000,0,2582000000,2511000000,None,USD,251684000000,97723000000,None,6930000000,177866000000,71613000000,991000000,3990000000,54000000,41983000000,42918000000,66154000000,13639000000,3814000000,27603000000,4346000000,4346000000,-368000000,44437000000,21848000000,7883000000,-92264000000,None,11104000000,106899000000,None,8494000000,None,None,None,None,None,-7517000000,None,None,None,None,None,107345000000,None,None,None,None,None,37461000000,None,3814000000,None,4640000000,USD,-544000000,-309000000,-42264000000,214000000,28008000000,26006000000,-99000000,732000000,2511000000,-10713000000,5790000000,None,3197000000,-865000000,-5320000000,None,-577000000,236000000,3370000000,None,None,None,34.05,39.98
7,2018-09-30,USD,22135000000,17432000000,6711000000,15424000000,4703000000,2886000000,0,0,3895000000,2139000000,8103000000,None,4703000000,0,-830000000,None,None,None,0,0,0,999000000,-808000000,0,2896000000,2886000000,None,USD,200635000000,78014000000,None,3607000000,126973000000,71523000000,928000000,3442000000,54000000,41218000000,37635000000,36703000000,15133000000,10616000000,19627000000,3173000000,3173000000,374000000,39855000000,23206000000,7724000000,-43194000000,134000000,8983000000,69711000000,0,7036000000,72345000000,37394000000,0,0,41218000000,-7517000000,None,None,None,None,None,None,None,None,None,None,None,None,None,None,None,4619000000,USD,-288000000,34000000,-3284000000,-1000000,8399000000,6094000000,-150000000,164000000,2886000000,8780000000,5970000000,None,2618000000,-871000000,0,0,-165000000,433000000,2525000000,None,None,None,35.41,34.05
8,2018-06-30,USD,21735000000,16921000000,6300000000,15435000000,4814000000,3216000000,0,0,4285000000,2392000000,8018000000,None,4814000000,-2599000000,-806000000,None,None,None,0,0,0,1077000000,-529000000,0,3208000000,3216000000,None,USD,191248000000,78213000000,None,3642000000,118162000000,70694000000,929000000,3477000000,54000000,40269000000,37209000000,36872000000,11155000000,5726000000,19007000000,2634000000,2634000000,461000000,39355000000,18215000000,7438000000,-44391000000,138000000,8847000000,61946000000,0,6940000000,71743000000,37427000000,0,0,40269000000,-7517000000,None,None,None,None,None,None,None,None,None,None,None,None,None,None,None,4643000000,USD,-286000000,-319000000,-3014000000,193000000,-1921000000,-4384000000,-316000000,1178000000,3216000000,-335000000,7063000000,None,2603000000,-878000000,0,0,-145000000,530000000,2366000000,None,None,None,32.81,35.41
9,2018-03-31,USD,22791000000,18146000000,15547000000,15362000000,4645000000,3118000000,0,0,3994000000,58000000,8118000000,None,4645000000,2599000000,777000000,None,None,None,0,0,0,818000000,-651000000,0,3176000000,3118000000,None,USD,190876000000,114851000000,None,3885000000,118812000000,69482000000,929000000,8791000000,55000000,39569000000,11253000000,37147000000,133055000000,6030000000,19179000000,3039000000,3039000000,608000000,39068000000,18753000000,7095000000,-45369000000,79000000,8759000000,63678000000,0,7349000000,70710000000,37375000000,0,0,38961000000,-7517000000,None,None,None,None,None,None,None,None,None,None,None,None,None,None,None,4705000000,USD,-139000000,200000000,-2292000000,387000000,1876000000,-576000000,15000000,-1175000000,3118000000,2606000000,5474000000,None,2599000000,-738000000,0,0,85000000,647000000,2032000000,None,None,None,34.17,32.81
10,2017-12-31,USD,22075000000,100891000000,15337000000,59674000000,12670000000,14999000000,0,0,3444000000,52000000,31968000000,None,4129000000,7906000000,807000000,None,None,None,0,0,0,-8978000000,-1527000000,0,20038000000,14999000000,None,USD,186949000000,114923000000,None,4067000000,116143000000,68606000000,922000000,9501000000,55000000,38571000000,10904000000,36780000000,132419000000,3428000000,21561000000,5134000000,5134000000,379000000,38470000000,16343000000,6931000000,-45661000000,19000000,8834000000,59422000000,0,6926000000,69449000000,37497000000,0,0,38192000000,-7517000000,None,None,None,None,None,None,None,None,None,None,None,None,None,None,None,4786000000,USD,-2292000000,181000000,-13533000000,785000000,3197000000,-7572000000,-2451000000,-836000000,14999000000,156000000,21403000000,None,10130000000,-2883000000,0,0,-869000000,-10072000000,9968000000,None,None,None,40.05,34.17
11,2017-09-30,USD,21081000000,-50045000000,13948000000,0,14328000000,2642000000,0,0,4083000000,32000000,0,None,4587000000,7292000000,766000000,None,None,None,0,0,0,1409000000,-37000000,0,8155000000,2642000000,None,USD,185301000000,114849000000,None,3918000000,127685000000,55427000000,0,9232000000,55000000,25360000000,10914000000,36752000000,131485000000,4114000000,21449000000,5241000000,5241000000,381000000,37856000000,15960000000,None,-59422000000,13000000,7915000000,59720000000,0,6976000000,56263000000,37529000000,0,0,24979000000,-7517000000,None,None,None,None,None,None,None,None,None,None,None,None,None,None,None,4777000000,USD,-176000000,127000000,-10027000000,0,1331000000,-5121000000,-38000000,-266000000,2642000000,1421000000,15961000000,None,0,-2147000000,0,0,28000000,46000000,7164000000,None,None,None,38.48,40.05
12,2017-06-30,USD,21286000000,16607000000,14211000000,0,-14082000000,2521000000,0,0,3909000000,21000000,0,None,4568000000,-7433000000,758000000,None,None,None,0,0,0,1367000000,-34000000,0,-7873000000,2521000000,None,USD,183031000000,115013000000,None,4257000000,125732000000,55005000000,0,9188000000,56000000,24988000000,10837000000,36742000000,131028000000,2693000000,22276000000,63568000000,63568000000,428000000,37171000000,14832000000,None,-60008000000,33000000,7849000000,57210000000,0,6730000000,55848000000,37478000000,0,0,24560000000,-7517000000,None,None,None,None,None,None,None,None,None,None,None,None,None,None,None,4809000000,USD,-757000000,46000000,-7487000000,0,1753000000,-3935000000,-2320000000,36000000,2521000000,-1329000000,10814000000,None,0,-1404000000,0,0,18000000,469000000,4655000000,None,None,None,38.92,38.48
13,2017-03-31,USD,20587000000,0,13577000000,0,4660000000,2573000000,0,0,3917000000,82000000,0,None,4542000000,2502000000,755000000,None,None,None,0,0,0,1262000000,-625000000,0,2602000000,2573000000,None,USD,182479000000,114970000000,None,3687000000,123375000000,55059000000,0,8907000000,56000000,24405000000,10677000000,36592000000,130608000000,4022000000,19074000000,3509000000,3509000000,342000000,36626000000,15245000000,None,-59911000000,11000000,7525000000,58276000000,0,6658000000,57648000000,38115000000,0,0,24063000000,-7517000000,None,None,None,None,None,None,None,None,None,None,None,None,None,None,None,4832000000,USD,-1011000000,-190000000,-3794000000,0,548000000,-1141000000,36000000,-192000000,2573000000,721000000,5656000000,None,0,-657000000,0,0,465000000,505000000,2208000000,None,None,None,37.59,38.92
14,2016-12-31,USD,21025000000,63844000000,14254000000,56388000000,24687000000,2296000000,0,0,3736000000,121000000,30070000000,None,4275000000,14330000000,756000000,None,None,None,0,0,0,1319000000,-2566000000,0,12852000000,2296000000,None,USD,180500000000,112618000000,None,5008000000,122880000000,53943000000,0,9140000000,28000000,23174000000,10925000000,35980000000,127886000000,3301000000,21535000000,5480000000,5480000000,98000000,36253000000,16361000000,5247000000,-58675000000,97000000,7955000000,55566000000,0,6915000000,56174000000,38258000000,0,0,23076000000,-7517000000,None,None,None,None,None,None,None,None,None,None,None,None,None,None,None,4875000000,USD,-1697000000,374000000,-18265000000,-1720000000,7969000000,151000000,-473000000,-815000000,2296000000,992000000,19240000000,None,9426000000,-2601000000,23000000,0,-649000000,2673000000,9563000000,None,None,None,69.05,37.59
15,2016-09-30,USD,21319000000,0,14434000000,0,-11885000000,2237000000,0,0,3724000000,87000000,0,None,4490000000,-7161000000,751000000,None,None,None,0,0,0,1400000000,0,0,-5833000000,2237000000,None,USD,177924000000,113372000000,None,4834000000,120775000000,53481000000,0,8111000000,28000000,22544000000,11119000000,36652000000,127040000000,2807000000,18038000000,3333000000,3333000000,34000000,35656000000,0,None,-59891000000,54000000,7533000000,57095000000,0,6594000000,0,38426000000,0,1326000000,21539000000,-7517000000,None,None,None,None,None,None,None,None,None,None,None,None,None,None,None,4861000000,USD,-176000000,46000000,0,0,4440000000,1167000000,3000000,None,2237000000,-1858000000,13497000000,None,0,-1944000000,0,0,0,None,6865000000,None,None,None,66.34,69.05
16,2016-06-30,USD,19269000000,0,12814000000,0,4090000000,2028000000,0,0,3358000000,52000000,0,None,4066000000,2389000000,732000000,None,None,None,0,0,0,1278000000,0,0,2009000000,2028000000,None,USD,171985000000,110360000000,None,3311000000,115461000000,53098000000,0,8308000000,28000000,22118000000,10719000000,33792000000,122312000000,4665000000,17601000000,2934000000,2934000000,1000000,34896000000,0,None,-57262000000,93000000,6708000000,52629000000,0,6359000000,0,38518000000,5000000,1066000000,21539000000,-7517000000,None,None,None,None,None,None,None,None,None,None,None,None,None,None,None,4891000000,USD,-242000000,None,0,0,-330000000,0,55000000,None,2028000000,-963000000,9383000000,None,0,-1281000000,0,0,172000000,None,4367000000,None,None,None,65.19,66.34
17,2016-03-31,USD,18790000000,0,12423000000,0,0,2134000000,0,0,3535000000,90000000,0,None,4089000000,0,703000000,None,None,None,0,0,0,1311000000,0,0,0,2134000000,None,USD,170599000000,109654000000,None,3102000000,114851000000,52642000000,0,8632000000,29000000,21666000000,10431000000,33458000000,121297000000,5628000000,19084000000,None,None,None,34122000000,0,None,None,75000000,None,51515000000,0,6333000000,0,0,0,0,0,-7517000000,None,None,None,None,None,None,None,None,None,None,None,None,None,None,None,4925000000,USD,None,12000000,0,0,None,932000000,43000000,None,2134000000,None,5110000000,None,0,-611000000,0,0,562000000,None,2025000000,None,None,None,61.08,65.19
18,2015-12-31,USD,19245000000,58512000000,12973000000,51960000000,15998000000,1971000000,0,0,3218000000,85000000,27282000000,None,4002000000,8680000000,674000000,None,None,None,0,0,0,1162000000,-2626000000,0,8413000000,1971000000,None,USD,166574000000,109255000000,None,3006000000,111375000000,52269000000,0,8336000000,29000000,21239000000,10637000000,32945000000,120606000000,2295000000,18178000000,3627000000,3627000000,-174000000,33665000000,12303000000,3224000000,-56986000000,106000000,6896000000,48994000000,0,6215000000,0,0,0,0,0,-7517000000,None,None,None,None,None,None,None,None,None,None,None,None,None,None,None,5035000000,USD,-784000000,384000000,-11964000000,220000000,1243000000,-9136000000,-803000000,811000000,1971000000,-1615000000,18778000000,None,8680000000,-2437000000,0,0,-708000000,2155000000,8677000000,None,None,None,56.43,61.08
19,2015-09-30,USD,18669000000,0,12485000000,0,0,1996000000,0,0,3264000000,45000000,0,None,4001000000,0,659000000,None,None,None,0,0,0,1223000000,0,0,0,1996000000,None,USD,158958000000,103752000000,None,2944000000,105789000000,51716000000,0,8211000000,29000000,20688000000,10694000000,27492000000,115287000000,1893000000,17359000000,None,None,None,32170000000,0,None,None,137000000,None,44605000000,0,5996000000,0,0,0,0,0,-7517000000,None,None,None,None,None,None,None,None,None,None,None,None,None,None,None,5004000000,USD,None,169000000,0,0,None,0,None,None,1996000000,None,13813000000,None,0,-1823000000,0,0,0,None,5978000000,None,None,None,56.88,56.43
