,fiscalDateEnding,reportedCurrency_x,totalRevenue,totalOperatingExpense,costOfRevenue,grossProfit,ebit,netIncome_x,researchAndDevelopment,effectOfAccountingCharges,incomeBeforeTax,minorityInterest,sellingGeneralAdministrative,otherNonOperatingIncome,operatingIncome,otherOperatingExpense,interestExpense,taxProvision,interestIncome,netInterestIncome,extraordinaryItems,nonRecurring,otherItems,incomeTaxExpense,totalOtherIncomeExpense,discontinuedOperations,netIncomeFromContinuingOperations,netIncomeApplicableToCommonShares,preferredStockAndOtherAdjustments,reportedCurrency_y,totalAssets,intangibleAssets,earningAssets,otherCurrentAssets,totalLiabilities,totalShareholderEquity,deferredLongTermLiabilities,otherCurrentLiabilities,commonStock,retainedEarnings,otherLiabilities,goodwill,otherAssets,cash,totalCurrentLiabilities,shortTermDebt,currentLongTermDebt,otherShareholderEquity,propertyPlantEquipment,totalCurrentAssets,longTermInvestments,netTangibleAssets,shortTermInvestments,netReceivables,longTermDebt,inventory,accountsPayable,totalPermanentEquity,additionalPaidInCapital,commonStockTotalEquity,preferredStockTotalEquity,retainedEarningsTotalEquity,treasuryStock,accumulatedAmortization,otherNonCurrrentAssets,deferredLongTermAssetCharges,totalNonCurrentAssets,capitalLeaseObligations,totalLongTermDebt,otherNonCurrentLiabilities,totalNonCurrentLiabilities,negativeGoodwill,warrants,preferredStockRedeemable,capitalSurplus,liabilitiesAndShareholderEquity,cashAndShortTermInvestments,accumulatedDepreciation,commonStockSharesOutstanding,reportedCurrency,investments,changeInLiabilities,cashflowFromInvestment,otherCashflowFromInvestment,netBorrowings,cashflowFromFinancing,otherCashflowFromFinancing,changeInOperatingActivities,netIncome_y,changeInCash,operatingCashflow,otherOperatingCashflow,depreciation,dividendPayout,stockSaleAndPurchase,changeInInventory,changeInAccountReceivables,changeInNetIncome,capitalExpenditures,changeInReceivables,changeInExchangeRate,changeInCashAndCashEquivalents,clossingVal,nextClossingVal
0,2020-06-30,USD,1402000,11688000,None,None,-10286000,-10016000,8578000,None,-10016000,None,3110000,None,-10286000,-1402000,-270000,None,270000,270000,None,None,None,None,None,None,-10016000,-10016000,None,USD,101673000,None,None,98528000,8538000,93135000,None,2302000,62000,-689274000,None,None,26000,53501000,6236000,None,None,130000,338000,98895000,None,93135000,42449000,367000,None,None,6236000,None,None,62000,None,-689274000,None,None,2440000,None,2778000,2302000,None,None,2302000,None,None,None,782217000,101673000,None,None,62172418,USD,36248000,-4000,36244000,None,None,578000,None,47000,-10016000,28948000,-7874000,25000,18000,None,578000,None,712000,1391000,4000,712000,None,28948000,3.1,
1,2020-03-31,USD,1241000,12154000,None,None,-10913000,-10420000,8949000,None,-10420000,None,3205000,None,-10913000,-1241000,-493000,None,493000,493000,None,None,None,None,None,None,-10420000,-10420000,None,USD,107769000,None,None,105661000,6728000,101041000,None,None,62000,-679258000,None,None,16000,24553000,6680000,None,None,-11000,435000,106740000,None,101041000,78469000,1079000,None,None,6680000,None,None,62000,None,-679258000,None,None,594000,None,1029000,48000,None,48000,48000,None,None,None,780248000,107769000,103022000,None,61930339,USD,18250000,-2542000,18243000,18250000,None,229000,229000,762000,-10420000,7652000,-10820000,741000,-79000,None,229000,None,154000,1326000,7000,154000,None,7652000,1.44,3.1
2,2019-12-31,USD,6767000,10640000,8118000,-1351000,-3873000,-3503000,7493000,None,-3533000,None,3147000,None,-3873000,-6767000,-340000,None,370000,370000,None,None,None,None,995000,None,-3533000,-3503000,None,USD,119376000,None,None,3385000,9424000,109952000,None,None,62000,-668838000,None,None,34000,16901000,9228000,None,None,35000,540000,118093000,None,109952000,96574000,1233000,None,None,9228000,None,None,62000,None,-668838000,None,None,743000,None,1283000,196000,None,196000,196000,None,None,None,778693000,119376000,113475000,None,61590013,USD,1028000,-1232000,1020000,10789000,None,1000,302000,-955000,-3503000,-2448000,-3469000,-974000,-172000,None,1000,None,589000,1823000,8000,589000,None,-2448000,2.03,1.44
3,2019-09-30,USD,1958000,76522000,7453000,-5495000,-74564000,-73730000,7453000,None,-73730000,None,4024000,None,-74564000,-1958000,-834000,None,834000,834000,None,65045000,None,None,-64211000,None,-73730000,-73730000,None,USD,127751000,None,None,124147000,15803000,111948000,None,5081000,61000,-665335000,None,None,36000,19349000,15434000,None,None,89000,910000,125969000,None,111948000,97366000,1822000,None,None,15434000,None,None,61000,None,-665335000,None,None,872000,None,1782000,369000,None,369000,369000,None,None,None,777133000,127751000,116715000,None,61382263,USD,39700000,-3364000,39700000,9761000,None,166000,301000,-221000,-73730000,-2295000,-42161000,-272000,-207000,None,166000,None,-1048000,36460000,150000,-1048000,None,-2295000,2.35,2.03
4,2019-06-30,USD,1438000,20139000,9249000,-7811000,-18701000,-17650000,13827000,None,-17628000,None,6312000,None,-18701000,-1438000,-1073000,None,1073000,1073000,None,None,None,None,-22000,None,-17628000,-17650000,None,USD,163441000,None,None,160599000,14323000,149118000,None,None,51000,-591605000,None,None,45000,21644000,13786000,None,None,125000,1054000,161373000,None,149118000,136755000,774000,None,None,13786000,None,None,51000,None,-591605000,None,None,1014000,None,2068000,537000,None,537000,537000,None,None,None,740547000,163441000,158399000,None,51230916,USD,15791000,926000,15738000,-29939000,None,18000,148000,340000,-17650000,1939000,-13817000,342000,-453000,None,18000,None,651000,2367000,53000,651000,None,1939000,4.32,2.35
5,2019-03-31,USD,2356000,21201000,13515000,-11159000,-18845000,-17693000,13515000,None,-17685000,None,7686000,None,-18845000,-2356000,-1160000,None,1160000,1160000,None,None,None,None,-8000,None,-17685000,-17693000,None,USD,177988000,None,None,154415000,13681000,164307000,None,None,51000,-573955000,None,None,53000,19705000,12881000,640000,640000,48000,1158000,175545000,None,164307000,151881000,1425000,800000,None,12881000,None,None,51000,None,-573955000,None,None,1285000,None,2443000,800000,None,800000,800000,None,None,None,738163000,177988000,19705000,None,51023842,USD,-45730000,-624000,-45827000,-45730000,None,160000,147000,59000,-17693000,-61401000,-15734000,51000,-446000,None,160000,None,-1095000,4073000,97000,-1095000,None,-61401000,2.1,4.32
6,2018-12-31,USD,4864000,20283000,15276000,-10412000,-15419000,-14956000,15276000,0,-14956000,0,5007000,None,-15419000,-5654000,-500000,None,None,None,0,0,0,0,463000,0,-14956000,-14956000,None,USD,190714000,None,None,2598000,13110000,177604000,None,None,51000,-556262000,None,None,46000,81106000,12966000,None,None,-92000,1210000,189458000,None,177604000,105424000,330000,None,None,12966000,None,None,51000,None,-556262000,None,None,46000,None,1256000,None,None,144000,144000,None,None,None,733907000,190714000,186530000,None,49000000,USD,66066000,3583000,66045000,105276000,None,370000,-39000,441000,-14956000,58115000,-8300000,463000,-236000,None,370000,None,2000,2844000,21000,2000,None,58115000,2.57,2.1
7,2018-09-30,USD,369000,17079000,11892000,-11523000,-16710000,-16079000,11892000,0,-15980000,0,5187000,None,-16710000,-369000,-730000,None,None,None,0,0,0,0,631000,0,-15980000,-16079000,None,USD,198696000,0,None,163395000,9552000,189144000,167000,7776000,51000,-541306000,167000,0,51000,22991000,9385000,None,None,-661000,1363000,186718000,10564000,189144000,160367000,332000,0,0,9385000,0,0,51000,0,-541306000,0,None,10615000,None,11978000,None,None,None,167000,None,None,None,731060000,198696000,22991000,None,50627237,USD,-2142000,-49000,-2206000,0,None,10625000,-83000,178000,-16079000,-4456000,-12875000,257000,-72000,0,10345000,0,-113000,3181000,64000,-113000,None,-4456000,3.89,2.57
8,2018-06-30,USD,1193000,20362000,13712000,-12519000,-19169000,-18613000,13712000,0,-18535000,0,6650000,None,-19169000,-1193000,-634000,None,None,None,0,0,0,0,556000,0,-18535000,-18613000,None,USD,200980000,0,None,150645000,9587000,191393000,185000,7976000,48000,-525227000,185000,0,52000,27447000,9402000,185000,185000,-842000,1502000,178311000,21115000,191393000,147316000,219000,0,0,9402000,0,0,48000,0,-525227000,0,None,21167000,None,22669000,None,None,None,185000,None,None,None,717414000,200980000,27447000,None,47855025,USD,19372000,396000,19318000,0,None,55000,-83000,-270000,-18613000,5335000,-14038000,-205000,141000,0,55000,0,207000,4036000,54000,207000,None,5335000,4.76,3.89
9,2018-03-31,USD,790000,21097000,14359000,790000,-20307000,-19826000,14359000,0,-19692000,0,6738000,None,-20307000,0,-615000,None,None,None,0,0,0,0,481000,0,-19692000,-19826000,None,USD,214898000,0,None,3051000,9207000,205691000,206000,7109000,48000,-506614000,206000,0,61000,22112000,9001000,206000,206000,-1066000,1688000,163924000,49225000,205691000,138335000,426000,0,0,9001000,0,0,48000,0,-506614000,0,None,61000,None,50974000,None,None,None,206000,None,None,None,713323000,214898000,160447000,None,47753300,USD,21980000,-3925000,21938000,0,-280000,138000,-280000,294000,-19826000,3564000,-18512000,417000,175000,0,418000,0,1256000,3391000,42000,1256000,None,3564000,5.2,4.76
10,2017-12-31,USD,644000,20531000,20268000,644000,-18687000,-18078000,12913000,0,-18078000,0,7618000,None,-18687000,0,-609000,None,None,None,0,0,0,0,1118000,0,-18078000,-18078000,None,USD,235230000,0,None,3331000,13420000,221810000,0,9384000,47000,-486788000,224000,0,76803000,18548000,13196000,224000,224000,-963000,1894000,156533000,76731000,221810000,132972000,1682000,0,0,13196000,0,0,47000,0,-486788000,0,None,72000,None,78697000,None,None,224000,224000,None,None,None,709514000,235230000,151520000,None,47505532,USD,12673000,3982000,12552000,0,None,-54000,-54000,-168000,-19238000,375000,-12123000,743000,209000,0,-54000,0,-83000,3632000,121000,-1411000,None,375000,4.63,5.2
11,2017-09-30,USD,897000,18807000,18537000,897000,-17910000,-17312000,12157000,0,-17312000,0,6650000,None,-17910000,0,-598000,None,None,None,0,0,0,0,0,0,-17312000,-17312000,None,USD,246085000,0,None,2600000,9186000,236899000,199000,7416000,47000,-467550000,199000,0,91451000,18173000,8987000,199000,199000,-1481000,2044000,152590000,91419000,236899000,131547000,270000,0,0,8987000,0,0,47000,0,-467550000,0,None,32000,None,93495000,None,None,None,199000,None,None,None,705883000,246085000,149720000,None,47127732,USD,5332000,1308000,5323000,0,None,336000,-54000,568000,-17312000,-5718000,-11377000,433000,247000,0,336000,0,1328000,4218000,9000,-271000,None,-5718000,5.25,4.63
12,2017-06-30,USD,675000,17920000,17643000,675000,-17245000,-16680000,11636000,0,-16680000,0,6284000,None,-17245000,0,-565000,None,None,None,0,0,0,0,0,0,-16680000,-16680000,None,USD,257676000,0,None,3148000,8014000,249662000,246000,6159000,47000,-450239000,246000,0,103694000,23891000,7768000,246000,246000,-1475000,2306000,151676000,103643000,249662000,124637000,None,0,0,7768000,0,0,47000,0,-450239000,0,None,51000,None,106000000,None,None,None,246000,None,None,None,701329000,257676000,148528000,None,47042762,USD,14941000,-777000,14925000,0,None,102000,-280000,-750000,-16680000,2025000,-13002000,-866000,277000,0,102000,0,1599000,4232000,16000,812000,None,2025000,5.45,5.25
13,2017-03-31,USD,1078000,19338000,19057000,1078000,-18260000,-17754000,12742000,0,-17754000,0,6596000,None,-18260000,0,-506000,None,None,None,0,0,0,0,0,0,-17754000,-17754000,None,USD,272407000,0,None,2391000,9033000,263374000,401000,5819000,47000,-433559000,401000,0,104943000,21866000,8632000,401000,401000,-109000,2567000,164897000,104884000,263374000,139829000,811000,0,0,8632000,0,0,47000,0,-433559000,0,None,59000,None,107510000,None,None,None,401000,None,None,None,696995000,272407000,161695000,None,46651793,USD,-16364000,-1440000,-16369000,0,None,395000,None,450000,-17754000,-29597000,-13623000,403000,353000,0,395000,0,787000,4028000,5000,787000,None,-29597000,6.38,5.45
14,2016-12-31,USD,1980000,17354000,17071000,1980000,-15374000,-14957000,11705000,0,-14957000,0,5649000,None,-15374000,0,-417000,None,None,None,0,0,0,0,1562000,0,-14957000,-14957000,None,USD,286770000,0,None,2845000,10546000,276224000,441000,6215000,46000,-415804000,441000,0,47462000,51463000,10105000,441000,441000,-440000,2843000,236465000,47407000,276224000,180558000,1599000,0,0,10105000,0,0,46000,0,-415804000,0,None,55000,None,50305000,None,None,None,441000,None,None,None,692422000,286770000,232021000,None,46522475,USD,11864000,438000,11786000,0,None,16000,-54000,3215000,-14957000,2105000,-9697000,1661000,495000,0,16000,0,861000,3885000,78000,-1219000,None,2105000,4.6,6.38
15,2016-09-30,USD,653000,18074000,17819000,653000,-17421000,-17025000,12247000,0,-17025000,0,5827000,None,-17421000,0,-396000,None,None,None,0,0,0,0,0,0,-17025000,-17025000,None,USD,297253000,0,None,4318000,9903000,287350000,285000,6338000,46000,-400848000,285000,0,39835000,49358000,9618000,None,None,-366000,3048000,254370000,39801000,287350000,200315000,379000,0,0,9618000,0,0,46000,0,-400848000,0,None,34000,None,42883000,None,None,None,285000,None,None,None,688518000,297253000,249673000,None,46315425,USD,30081000,-913000,29822000,0,None,407000,None,461000,-17025000,17298000,-12931000,447000,519000,0,407000,0,2080000,4095000,259000,-54000,None,17298000,5.54,4.6
16,2016-06-30,USD,1841000,20366000,20108000,1841000,-18525000,-18148000,13759000,0,-18148000,0,6607000,None,-18525000,0,-377000,None,None,None,0,0,0,0,0,0,-18148000,-18148000,None,USD,310804000,0,None,4761000,10834000,299970000,306000,6311000,46000,-383822000,306000,0,29895000,32060000,10528000,None,None,-269000,3020000,277889000,29802000,299970000,240755000,313000,0,0,10528000,0,0,46000,0,-383822000,0,None,93000,None,32915000,None,None,None,306000,None,None,None,684015000,310804000,272815000,None,46214895,USD,17362000,318000,17090000,0,None,19000,None,108000,-18148000,4557000,-12552000,79000,620000,0,19000,0,2134000,4324000,272000,255000,None,4557000,3.93,5.54
17,2016-03-31,USD,1228000,27860000,26193000,1228000,-26632000,-26260000,20936000,0,-26260000,0,6924000,None,-26632000,0,-372000,None,None,None,0,0,0,0,0,0,-26260000,-26260000,None,USD,324238000,0,None,4904000,10537000,313701000,331000,6638000,46000,-365674000,331000,0,52427000,27503000,10206000,None,None,-343000,3006000,268805000,52363000,313701000,235832000,566000,0,0,10206000,0,0,46000,0,-365674000,0,None,64000,None,55433000,None,None,None,331000,None,None,None,679672000,324238000,263335000,None,46210768,USD,35599000,-9985000,35367000,0,None,166000,None,1160000,-26260000,6898000,-28635000,1160000,652000,0,166000,0,1879000,3919000,232000,1879000,None,6898000,5.11,3.93
18,2015-12-31,USD,3110000,41333000,41121000,3110000,-38848000,-38467000,31850000,0,-38467000,0,9755000,None,-38223000,0,-381000,None,None,None,0,0,0,0,879000,0,-38467000,-38467000,None,USD,355992000,0,None,6071000,20533000,335459000,0,9721000,46000,-339414000,354000,0,124110000,20605000,20179000,354000,354000,-764000,3045000,228837000,124040000,335459000,199729000,2432000,0,0,20179000,0,0,46000,0,-339414000,0,None,70000,None,127155000,None,None,354000,354000,None,None,None,675591000,355992000,220334000,None,44000000,USD,10132000,-206000,9495000,0,-375000,-511000,-270000,-3028000,-37843000,-24115000,-33099000,2144000,657000,0,134000,0,-2354000,4077000,637000,-1935000,None,-24115000,8.95,5.11
19,2015-09-30,USD,2271000,35019000,34839000,2271000,-32748000,-32449000,26406000,0,-32449000,0,8613000,None,-32748000,0,-299000,None,None,None,0,0,0,0,0,0,-32449000,-32449000,None,USD,391508000,0,None,8183000,21297000,370211000,0,7782000,46000,-301571000,221000,0,159561000,44720000,21076000,375000,None,356000,2439000,229508000,159486000,370211000,176080000,525000,0,0,20701000,0,0,46000,0,-301571000,0,None,75000,None,162000000,None,None,221000,221000,None,None,None,671380000,391508000,220800000,None,46142340,USD,-57488000,959000,-58112000,0,-1125000,-10000,None,None,-32449000,-83056000,-24934000,474000,617000,0,1115000,0,419000,3679000,624000,1786000,None,-83056000,38.2,8.95
