,fiscalDateEnding,reportedCurrency_x,totalRevenue,totalOperatingExpense,costOfRevenue,grossProfit,ebit,netIncome_x,researchAndDevelopment,effectOfAccountingCharges,incomeBeforeTax,minorityInterest,sellingGeneralAdministrative,otherNonOperatingIncome,operatingIncome,otherOperatingExpense,interestExpense,taxProvision,interestIncome,netInterestIncome,extraordinaryItems,nonRecurring,otherItems,incomeTaxExpense,totalOtherIncomeExpense,discontinuedOperations,netIncomeFromContinuingOperations,netIncomeApplicableToCommonShares,preferredStockAndOtherAdjustments,reportedCurrency_y,totalAssets,intangibleAssets,earningAssets,otherCurrentAssets,totalLiabilities,totalShareholderEquity,deferredLongTermLiabilities,otherCurrentLiabilities,commonStock,retainedEarnings,otherLiabilities,goodwill,otherAssets,cash,totalCurrentLiabilities,shortTermDebt,currentLongTermDebt,otherShareholderEquity,propertyPlantEquipment,totalCurrentAssets,longTermInvestments,netTangibleAssets,shortTermInvestments,netReceivables,longTermDebt,inventory,accountsPayable,totalPermanentEquity,additionalPaidInCapital,commonStockTotalEquity,preferredStockTotalEquity,retainedEarningsTotalEquity,treasuryStock,accumulatedAmortization,otherNonCurrrentAssets,deferredLongTermAssetCharges,totalNonCurrentAssets,capitalLeaseObligations,totalLongTermDebt,otherNonCurrentLiabilities,totalNonCurrentLiabilities,negativeGoodwill,warrants,preferredStockRedeemable,capitalSurplus,liabilitiesAndShareholderEquity,cashAndShortTermInvestments,accumulatedDepreciation,commonStockSharesOutstanding,reportedCurrency,investments,changeInLiabilities,cashflowFromInvestment,otherCashflowFromInvestment,netBorrowings,cashflowFromFinancing,otherCashflowFromFinancing,changeInOperatingActivities,netIncome_y,changeInCash,operatingCashflow,otherOperatingCashflow,depreciation,dividendPayout,stockSaleAndPurchase,changeInInventory,changeInAccountReceivables,changeInNetIncome,capitalExpenditures,changeInReceivables,changeInExchangeRate,changeInCashAndCashEquivalents,clossingVal,nextClossingVal
0,2020-04-30,USD,135121000,56137000,82120000,53001000,-3136000,-3989000,12324000,None,-4748000,None,32313000,None,-3136000,5517000,1504000,-759000,-1612000,-1612000,None,5983000,None,-759000,-5983000,None,-3989000,-3989000,None,USD,951732000,260162000,None,22691000,405907000,545825000,16676000,54550000,3977000,418732000,46871000,335477000,6367000,50634000,173772000,None,None,None,27149000,290635000,None,-49814000,None,137887000,159400000,79423000,119222000,None,None,3977000,None,418732000,-441849000,None,35734000,None,2575000,34344000,159400000,56059000,232135000,None,None,None,564965000,951732000,50634000,None,25000000,USD,-2693000,167000,-2693000,-781000,1397000,-884000,-28000,-5141000,-3989000,4163000,7740000,-1348000,8351000,-2433000,180000,-5787000,10349000,-3000,1912000,10349000,None,4163000,18.51,
1,2020-01-31,USD,161654000,54368000,101052000,60602000,6234000,3495000,13740000,None,4612000,None,29374000,None,6234000,5229000,1616000,1117000,-6000,-1622000,None,6025000,None,1117000,-6025000,None,3495000,3495000,None,USD,949942000,264255000,None,21052000,398739000,551203000,31216000,9723000,3975000,425243000,51138000,328476000,7189000,46471000,163170000,None,None,None,27390000,289570000,None,-41528000,None,147983000,158000000,74064000,153447000,None,None,3975000,None,425243000,-441849000,None,37492000,None,2759000,36154000,158000000,46353000,235569000,None,None,None,563834000,949942000,46471000,None,25000000,USD,-12423000,3292000,-12423000,-11165000,-11113000,-13801000,-686000,1298000,3495000,-402000,25822000,-4428000,8134000,-2428000,426000,-2558000,15727000,2160000,1258000,15727000,None,-402000,28.91,18.51
2,2019-10-31,USD,170267000,54307000,106700000,63567000,9260000,6388000,14861000,None,7533000,None,31851000,None,9260000,5206000,1804000,1145000,77000,-1727000,None,2389000,None,1145000,-2389000,None,6388000,6388000,None,USD,931022000,256684000,None,15995000,393378000,537644000,25225000,9815000,3940000,424237000,44787000,309871000,7277000,46873000,151866000,None,None,None,26873000,295722000,None,-28911000,None,161044000,169000000,71810000,142051000,None,None,3940000,None,424237000,-441849000,None,38929000,None,2943000,37540000,169000000,47287000,241512000,None,None,None,551316000,931022000,46873000,None,25000000,USD,-1250000,1031000,-1250000,None,3802000,-2898000,-4560000,-339000,6388000,1297000,5445000,83000,8042000,-2692000,552000,2656000,-15947000,3192000,1250000,-15947000,None,1297000,34.95,28.91
3,2019-07-31,USD,176372000,53605000,112362000,64010000,10405000,6135000,15743000,None,8213000,None,31396000,None,10405000,5207000,2185000,2078000,-42000,-2192000,None,1259000,None,2078000,-1259000,None,6135000,6135000,None,USD,887711000,261890000,None,14867000,352629000,535082000,12481000,38682000,3928000,420333000,42282000,310489000,6992000,45576000,145347000,757000,None,None,28026000,280314000,None,-37297000,None,145032000,165000000,74839000,105908000,None,None,3928000,None,420333000,-441849000,None,3864000,None,3128000,757000,165000000,29801000,207282000,None,None,None,552670000,887711000,45576000,None,24000000,USD,-2397000,-15324000,-2397000,-35883000,-9217000,-11367000,-10000,73000,6135000,424000,14188000,1564000,8699000,-2408000,268000,5349000,-4655000,12420000,2397000,-4655000,None,424000,29.76,34.95
4,2019-04-30,USD,170448000,53120000,106032000,64416000,11296000,7612000,13471000,None,9159000,None,33409000,None,11296000,4536000,2159000,1547000,-2137000,-2137000,None,1704000,None,1547000,-1704000,None,7612000,7612000,None,USD,903487000,267097000,None,18263000,378538000,524949000,22154000,17620000,3917000,416683000,42925000,310247000,7536000,45152000,161678000,1030000,None,None,29388000,289219000,None,-52395000,None,142770000,173500000,83034000,160648000,None,None,3917000,None,416683000,-441849000,None,4225000,None,3311000,435000,173935000,20771000,216860000,None,None,None,546198000,903487000,45152000,None,24000000,USD,-38090000,10217000,-38090000,-35883000,-1331000,-3560000,-11000,-844000,7612000,-845000,40805000,-813000,7638000,-2383000,165000,4932000,7741000,3478000,2207000,7741000,None,-845000,23.53,29.76
5,2019-01-31,USD,164133000,48832000,102888000,61245000,12413000,7826000,13983000,None,10197000,None,31987000,None,12413000,1084000,2267000,2371000,None,None,None,1778000,None,2371000,1426000,None,7826000,7826000,None,USD,843327000,232219000,None,13493000,330450000,512877000,21857000,10160000,3895000,411558000,25727000,290633000,6279000,45997000,129733000,1284000,None,None,28391000,285805000,None,-9975000,None,138920000,174500000,87395000,128449000,None,None,3895000,None,411558000,-441849000,None,2784000,None,3495000,490000,174990000,3870000,200717000,None,None,None,539273000,843327000,45997000,None,24000000,USD,-2536000,-6902000,-2536000,None,-19346000,-21578000,-4000,-6055000,7826000,3054000,27168000,-761000,7321000,-2383000,155000,1172000,15496000,3016000,2536000,15496000,None,3054000,24.97,23.53
6,2018-10-31,USD,160844000,50476000,103075000,57769000,4076000,3468000,13210000,None,1341000,None,31847000,-3217000,7293000,4289000,2669000,None,None,None,None,1130000,None,-2127000,-8455000,None,3468000,3468000,None,USD,866940000,236507000,None,13133000,360844000,506096000,20013000,78539000,3894000,406199000,24263000,290633000,6357000,42943000,142595000,1579000,None,None,28543000,304900000,None,-21044000,0,159255000,193400000,89569000,141016000,506096000,537852000,3894000,0,406199000,-441849000,None,2679000,None,3678000,586000,193986000,4250000,218249000,None,None,None,537852000,866940000,42943000,None,24000000,USD,None,-8205000,-1645000,0,22451000,15234000,-5017000,11464000,3468000,-541000,-14130000,3118000,7688000,-2615000,415000,-15240000,-12267000,7308000,1645000,-12267000,None,-541000,27.92,24.97
7,2018-07-31,USD,167435000,46997000,104447000,62988000,15991000,7458000,13906000,0,13338000,0,27822000,None,15991000,5269000,2842000,None,None,None,0,0,0,5880000,-2653000,0,7458000,7458000,None,USD,845157000,240796000,None,13794000,339473000,505684000,18616000,73252000,3886000,405194000,25305000,290633000,4948000,43484000,165316000,19047000,17211000,None,28987000,279793000,None,-25745000,0,147439000,148087000,75076000,146269000,505684000,538453000,3886000,0,405194000,-441849000,None,2743000,None,2205000,765000,148852000,6689000,174157000,None,None,None,538453000,845157000,43484000,None,24000000,USD,None,11118000,-3343000,0,-15053000,-17074000,-88000,-2425000,7458000,-689000,19728000,130000,9641000,-2365000,432000,-455000,-20792000,12628000,3343000,-20792000,None,-689000,33.6,27.92
8,2018-04-30,USD,147854000,48457000,85418000,62436000,13979000,8210000,12778000,0,11281000,0,30410000,None,13979000,5269000,2500000,None,None,None,0,0,0,3071000,-2698000,0,8210000,8210000,None,USD,834072000,246065000,None,13912000,336288000,497784000,13830000,74828000,3868000,400145000,20934000,290633000,5228000,44173000,152505000,19751000,17211000,None,30240000,261906000,None,-38914000,0,127267000,161856000,76554000,132754000,497784000,535620000,3868000,0,400145000,-441849000,None,2808000,None,2420000,993000,162849000,7104000,183783000,None,None,None,535620000,834072000,44173000,None,24000000,USD,None,18650000,-2463000,0,-13218000,-15275000,-57000,12257000,8210000,3701000,21439000,-971000,8987000,-2352000,352000,-6073000,-9587000,2223000,2463000,-9587000,None,3701000,30.59,33.6
9,2018-01-31,USD,133731000,45918000,82930000,50801000,4883000,15761000,13435000,0,2412000,0,27215000,None,4883000,5268000,2519000,None,None,None,0,0,0,-13349000,-2471000,0,15761000,15761000,None,USD,822651000,251334000,None,14915000,332030000,490621000,14473000,87867000,3865000,394381000,16234000,290633000,547462000,40472000,134598000,19069000,17211000,None,30122000,245067000,None,-51346000,0,117973000,174225000,71707000,115529000,490621000,534224000,3865000,0,394381000,-441849000,None,2860000,None,2635000,885000,175110000,7849000,197432000,None,None,None,534224000,822651000,40472000,None,24000000,USD,None,-3317000,-1728000,0,-841000,-2998000,-3000,-838000,15761000,-2035000,2691000,-26000,9135000,-2362000,208000,-3256000,5801000,-10688000,1728000,-4918000,None,-2035000,21.63,30.59
10,2017-10-31,USD,121569000,47494000,73853000,47716000,222000,-1660000,13750000,0,-2405000,0,28475000,None,222000,5269000,2588000,None,None,None,0,0,0,-745000,0,0,-1660000,-1660000,None,USD,826232000,256602000,None,15302000,350213000,476019000,28719000,88191000,3864000,381064000,16801000,290633000,552888000,42507000,136902000,18199000,16135000,None,31401000,241943000,None,-71216000,0,113943000,175193000,70191000,118703000,476019000,532940000,3864000,0,381064000,-441849000,None,2803000,None,2850000,1293000,176486000,8106000,213311000,None,None,None,532940000,826232000,42507000,None,24000000,USD,None,-7276000,-1108000,0,-1450000,-4715000,-995000,-3026000,-1660000,663000,6486000,1514000,9163000,-2459000,189000,-10281000,10719000,4307000,1108000,10719000,None,663000,21.51,21.63
11,2017-07-31,USD,147762000,45641000,87350000,60412000,14763000,7314000,13889000,0,12160000,0,26484000,-8000,14771000,5268000,2691000,None,None,None,0,9979000,0,4846000,459000,0,7314000,7314000,None,USD,832063000,261871000,None,13635000,351913000,480150000,24533000,97006000,3862000,385136000,12397000,290633000,558172000,41844000,144211000,17803000,15494000,None,32847000,241044000,None,-72354000,0,124962000,176228000,60603000,126408000,480150000,533001000,3862000,0,385136000,-441849000,None,2603000,None,3065000,1771000,177999000,5170000,207702000,None,None,None,533001000,832063000,41844000,None,23000000,USD,None,-4822000,-1927000,0,-35854000,-38024000,4000,-26998000,7314000,-16973000,22978000,1012000,9300000,-2354000,180000,5553000,25508000,9178000,1927000,-4557000,None,-16973000,18.0,21.51
12,2017-04-30,USD,127792000,42311000,75331000,52461000,10150000,4417000,12961000,0,7301000,0,25923000,None,10150000,3427000,2761000,None,None,None,0,-51936000,0,2884000,0,0,4417000,4417000,None,USD,863758000,267139000,None,19599000,394103000,469655000,22848000,107607000,3860000,380210000,13716000,290633000,563576000,58817000,151909000,17076000,17076000,None,33981000,266201000,None,-88117000,0,120448000,211509000,67337000,134833000,469655000,527434000,3860000,0,380210000,-441849000,None,3039000,None,2765000,2185000,213694000,5652000,242194000,None,None,None,527434000,863758000,58817000,None,24000000,USD,None,-3833000,-2076000,0,-18406000,-20564000,17000,-1912000,4417000,-4327000,18313000,-3953000,9482000,-2341000,166000,3134000,30065000,3990000,2076000,5076000,None,-4327000,14.01,18.0
13,2017-01-31,USD,139028000,40355000,85824000,53204000,12923000,6585000,13314000,0,10071000,0,30988000,74000,12849000,-3947000,2852000,None,None,None,0,39916000,0,3486000,0,0,6585000,6585000,None,USD,883508000,272607000,None,18638000,417049000,466459000,21205000,115702000,3859000,378182000,15186000,290633000,569254000,63144000,156854000,16345000,16345000,None,35759000,278495000,None,-96781000,0,125545000,229834000,71168000,140509000,466459000,526267000,3859000,0,378182000,-441849000,None,3068000,None,2946000,2696000,232530000,6460000,260195000,None,None,None,526267000,883508000,63144000,None,23000000,USD,None,-10182000,-2072000,0,-8224000,-15236000,11000,51000,6585000,433000,17741000,-9928000,10084000,-7054000,31000,4067000,24989000,5806000,2072000,11309000,None,433000,10.73,14.01
14,2016-10-31,USD,135786000,52836000,83678000,52108000,-726000,-2489000,14096000,0,-4051000,0,32685000,2000,-728000,6055000,3325000,None,None,None,0,-9979000,0,-1562000,0,0,-2489000,-2489000,None,USD,903452000,278639000,None,17590000,442164000,461288000,16327000,132431000,3856000,373990000,12961000,288409000,573358000,62711000,177864000,15540000,15540000,None,37186000,292908000,None,-105760000,0,136948000,237952000,75659000,162324000,461288000,525291000,3856000,0,373990000,-441849000,None,3183000,None,3127000,3304000,241256000,6717000,264300000,None,None,None,525291000,903452000,62711000,None,23000000,USD,None,-11250000,-2075000,0,-2260000,-9642000,50000,559000,-2489000,-4094000,7623000,559000,10288000,-7123000,-309000,-4942000,13680000,1777000,2075000,13680000,None,-4094000,10.4,10.73
15,2016-07-31,USD,152377000,54742000,90171000,62206000,7371000,2702000,13974000,0,3242000,0,32722000,-93000,7464000,6067000,4129000,None,None,None,0,1979000,0,540000,-28892000,0,2702000,2702000,None,USD,921196000,284694000,None,14513000,450795000,470401000,15562000,136025000,3837000,383616000,12861000,287618000,578890000,66805000,184146000,14659000,11067000,None,38667000,303639000,None,-101911000,0,150967000,239969000,71354000,169487000,470401000,524797000,3837000,0,383616000,-441849000,None,3269000,None,3309000,4021000,243990000,7097000,266649000,None,None,None,524797000,921196000,66805000,None,17000000,USD,None,4406000,-2604000,0,-92606000,-2400000,5000,-17321000,2702000,-2307000,2697000,96000,10322000,-4866000,95067000,3212000,5806000,-790000,2604000,-17251000,None,-2307000,13.07,10.4
16,2016-04-30,USD,124187000,64788000,72796000,51391000,-13392000,-14355000,12613000,0,-16865000,0,30439000,5000,-13397000,4776000,3473000,None,None,None,0,16960000,0,-2510000,0,0,-14355000,-14355000,None,USD,903328000,293561000,None,19753000,523530000,379798000,30330000,109878000,3121000,387977000,14175000,264503000,565497000,69112000,151796000,17832000,17832000,None,39588000,298243000,None,-178266000,0,134054000,328486000,75324000,133964000,379798000,430549000,3121000,0,387977000,-441849000,None,3694000,None,3739000,4880000,333366000,8038000,371734000,None,None,None,430549000,903328000,69112000,None,16000000,USD,None,-19259000,-282135000,-280535000,203839000,198900000,18000,-276000,-14355000,-94354000,-11119000,-276000,8150000,-4849000,-108000,2699000,23057000,3851000,1600000,8071000,None,-94354000,24.2,13.07
17,2016-01-31,USD,70323000,26249000,40885000,29438000,3299000,2476000,7663000,0,3226000,0,15053000,110000,3189000,1196000,73000,None,None,None,0,2337000,0,750000,0,0,2476000,2476000,None,USD,462170000,154791000,None,23377000,64298000,397872000,0,41695000,3120000,407240000,4333000,137354000,166752000,163466000,59965000,None,None,None,13839000,281579000,None,260518000,0,53749000,0,58424000,59965000,0,0,3120000,0,407240000,-441849000,None,690000,10512000,759000,None,None,4333000,4333000,None,None,None,429361000,462170000,163466000,None,16000000,USD,None,2419000,-827000,0,None,-4751000,1000,None,2476000,12741000,18319000,462000,2662000,-4847000,95000,3867000,14986000,722000,827000,5711000,None,12741000,19.52,24.2
18,2015-10-31,USD,64117000,26034000,34385000,28202000,2280000,1439000,7940000,0,2205000,0,16718000,112000,2168000,1376000,75000,None,None,None,0,0,0,766000,0,0,1439000,1439000,None,USD,459042000,155987000,None,24255000,59932000,399110000,0,41115000,3118000,409663000,4523000,137354000,165975000,150725000,55409000,None,None,None,14477000,278590000,None,261756000,0,59350000,0,62893000,55409000,0,0,3118000,0,409663000,-441849000,None,345000,9643000,161819000,None,None,4523000,4523000,None,None,None,428178000,459042000,150725000,None,16000000,USD,None,-9165000,-636000,0,None,-4665000,4000,None,1439000,-228000,5073000,1385000,2906000,-4844000,175000,-1498000,9275000,731000,636000,9275000,None,-228000,24.16,19.52
19,2015-07-31,USD,77463000,25301000,42458000,33376000,8199000,5475000,7649000,0,8126000,0,16123000,124000,8075000,1529000,73000,None,None,None,0,21276000,0,2651000,-74000,0,5475000,5475000,None,USD,473877000,157363000,None,27405000,72468000,401409000,2925000,48629000,3117000,413058000,5206000,137354000,157751000,150953000,64337000,14659000,14659000,None,15370000,300756000,None,264055000,0,80339000,0,62068000,67970000,0,0,3117000,0,413058000,-441849000,None,388000,None,153112000,None,None,1573000,4498000,None,None,None,427083000,473877000,150953000,None,16000000,USD,None,690000,-529000,0,120697000,-4605000,8000,360000,5475000,8909000,14043000,769000,3158000,-4845000,232000,5283000,-15132000,751000,529000,-2083000,None,8909000,28.81,24.16
