,fiscalDateEnding,reportedCurrency_x,totalRevenue,totalOperatingExpense,costOfRevenue,grossProfit,ebit,netIncome_x,researchAndDevelopment,effectOfAccountingCharges,incomeBeforeTax,minorityInterest,sellingGeneralAdministrative,otherNonOperatingIncome,operatingIncome,otherOperatingExpense,interestExpense,taxProvision,interestIncome,netInterestIncome,extraordinaryItems,nonRecurring,otherItems,incomeTaxExpense,totalOtherIncomeExpense,discontinuedOperations,netIncomeFromContinuingOperations,netIncomeApplicableToCommonShares,preferredStockAndOtherAdjustments,reportedCurrency_y,totalAssets,intangibleAssets,earningAssets,otherCurrentAssets,totalLiabilities,totalShareholderEquity,deferredLongTermLiabilities,otherCurrentLiabilities,commonStock,retainedEarnings,otherLiabilities,goodwill,otherAssets,cash,totalCurrentLiabilities,shortTermDebt,currentLongTermDebt,otherShareholderEquity,propertyPlantEquipment,totalCurrentAssets,longTermInvestments,netTangibleAssets,shortTermInvestments,netReceivables,longTermDebt,inventory,accountsPayable,totalPermanentEquity,additionalPaidInCapital,commonStockTotalEquity,preferredStockTotalEquity,retainedEarningsTotalEquity,treasuryStock,accumulatedAmortization,otherNonCurrrentAssets,deferredLongTermAssetCharges,totalNonCurrentAssets,capitalLeaseObligations,totalLongTermDebt,otherNonCurrentLiabilities,totalNonCurrentLiabilities,negativeGoodwill,warrants,preferredStockRedeemable,capitalSurplus,liabilitiesAndShareholderEquity,cashAndShortTermInvestments,accumulatedDepreciation,commonStockSharesOutstanding,reportedCurrency,investments,changeInLiabilities,cashflowFromInvestment,otherCashflowFromInvestment,netBorrowings,cashflowFromFinancing,otherCashflowFromFinancing,changeInOperatingActivities,netIncome_y,changeInCash,operatingCashflow,otherOperatingCashflow,depreciation,dividendPayout,stockSaleAndPurchase,changeInInventory,changeInAccountReceivables,changeInNetIncome,capitalExpenditures,changeInReceivables,changeInExchangeRate,changeInCashAndCashEquivalents,clossingVal,nextClossingVal
0,2020-06-30,USD,6387000,19519000,None,6387000,-13076000,-12991000,14788000,None,-13076000,None,4731000,56000,-13132000,None,None,-85000,None,None,None,None,None,-85000,56000,None,-12991000,-12991000,None,USD,171999000,None,None,4440000,27914000,144085000,None,2244000,29000,-228149000,2750000,None,1226000,27094000,9618000,None,None,176000,7070000,154585000,None,144085000,120311000,2740000,None,None,7374000,None,None,29000,None,-228149000,None,None,10344000,None,17414000,16377000,None,18296000,18296000,None,None,None,372029000,171999000,147405000,None,29678072,USD,-4390000,1656000,-4404000,None,None,109000,None,2365000,-12991000,-18985000,-14690000,-6631000,333000,None,109000,None,-49000,2808000,14000,135000,None,-18985000,9.95,
1,2020-03-31,USD,7000,18658000,None,7000,-20477000,-20477000,13986000,None,-20477000,None,4672000,-1826000,-18651000,None,None,None,-1826000,None,None,None,None,None,-1826000,None,-20477000,-20477000,None,USD,187275000,None,None,4028000,32796000,154479000,None,8566000,29000,-215158000,2750000,None,1239000,46079000,14271000,None,None,492000,7457000,169395000,None,154479000,116501000,2787000,None,None,5705000,None,None,29000,None,-215158000,None,None,10423000,None,17880000,16558000,None,18525000,18525000,None,None,None,369116000,187275000,162580000,None,29651595,USD,-59517000,-3369000,-59629000,-59517000,None,70499000,70064000,-3253000,-20477000,-6964000,-17834000,3304000,328000,None,70499000,None,71000,2477000,112000,-97000,None,-6964000,8.84,9.95
2,2019-12-31,USD,13000,20966000,16019000,13000,-20487000,-20487000,16019000,None,-20487000,None,4947000,466000,-20953000,None,None,0,454000,466000,None,None,None,None,466000,None,-20487000,-20487000,None,USD,137471000,None,None,4710000,36014000,101457000,None,8051000,24000,-194681000,2750000,None,3611000,53043000,17268000,None,None,-31000,7753000,116855000,2358000,101457000,58770000,332000,None,None,9217000,None,None,24000,None,-194681000,None,None,10505000,None,20616000,16264000,None,18746000,18746000,None,None,None,296145000,137471000,111813000,None,23865075,USD,34888000,3385000,34723000,83268000,None,12000,None,2864000,-20487000,19659000,-15076000,-853000,294000,None,12000,None,-61000,2615000,165000,-30000,None,19659000,9.225,8.84
3,2019-09-30,USD,10000,18253000,13511000,10000,-17185000,-17185000,13511000,None,-17185000,None,4742000,1058000,-18243000,None,None,0,1058000,None,None,None,None,None,1058000,None,-17185000,-17185000,None,USD,151957000,None,None,3830000,32694000,119263000,None,8018000,23000,-174200000,2750000,None,3531000,33384000,13754000,None,None,-35000,7993000,131116000,2358000,119263000,93600000,302000,None,None,5736000,None,None,23000,None,-174200000,None,None,10490000,None,20841000,16425000,None,18940000,18940000,None,None,None,293469000,151957000,126984000,None,23841155,USD,4964000,715000,4964000,48380000,None,366000,156000,-1475000,-17185000,-10330000,-15660000,-1152000,407000,None,0,None,27000,1851000,48000,172000,None,-10330000,5.88,9.225
4,2019-06-30,USD,49000,19474000,14496000,49000,-19020000,-18668000,14496000,None,-18668000,None,4978000,757000,-19425000,None,None,0,757000,None,None,None,None,None,757000,None,-18668000,-18668000,None,USD,166601000,None,None,3104000,32900000,133701000,None,1613000,23000,-157009000,9120000,None,3535000,43714000,7403000,None,None,4000,17751000,145315000,2358000,133701000,98023000,38000,None,None,610000,None,None,23000,None,-157009000,None,None,1177000,None,21286000,16579000,None,25497000,25497000,None,None,None,290683000,166601000,141737000,None,24000000,USD,821000,-987000,821000,43368000,None,-682000,-106000,361000,-18668000,-16548000,-16687000,-711000,405000,None,1229000,None,-27000,2229000,157000,-81000,None,-16548000,12.0,5.88
5,2019-03-31,USD,1005000,21399000,15790000,1005000,-21826000,-21826000,15790000,None,-21826000,None,5609000,-1432000,-20394000,None,None,None,-1432000,None,None,None,None,None,-1432000,None,-21826000,-21826000,None,USD,183391000,None,None,2358000,33593000,149798000,None,1613000,23000,-138341000,9120000,None,1179000,60262000,7915000,169000,169000,-40000,8640000,161784000,2358000,149798000,98771000,393000,16558000,None,6333000,None,None,23000,None,-138341000,None,None,10609000,None,21607000,16727000,None,25678000,25678000,None,None,None,288156000,183391000,159033000,None,23756801,USD,42390000,-1299000,42075000,42390000,None,1755000,-50000,-1000000,-21826000,42492000,-1338000,18526000,150000,None,1755000,None,4000,2933000,315000,178000,None,42492000,12.07,12.0
6,2018-12-31,USD,13000,20076000,14600000,13000,-20063000,-20849000,13511000,0,-20834000,0,5476000,-771000,-20063000,0,0,None,None,None,0,0,0,-5000,-771000,0,-20849000,-20849000,None,USD,192547000,None,None,18739000,24807000,167740000,6938000,1413000,23000,-116515000,16058000,None,3479000,17770000,8749000,None,None,-137000,8919000,180149000,2322000,167740000,143069000,571000,None,None,7346000,None,None,23000,None,-116515000,None,None,1157000,None,12398000,None,None,9120000,16058000,None,None,None,284369000,192547000,160839000,None,23000000,USD,-6252000,1315000,-6716000,40772000,None,103000,-50000,1094000,-20849000,-22227000,-15614000,1341000,-24000,None,103000,None,-36000,2635000,464000,-79000,None,-22227000,12.55,12.07
7,2018-09-30,USD,11000,17351000,11031000,11000,-17369000,-17387000,11031000,0,-17369000,0,6320000,-29000,-17340000,0,0,None,None,None,0,0,0,18000,-29000,0,-17387000,-17387000,None,USD,208556000,0,None,17790000,22803000,185753000,6339000,1413000,23000,-95700000,15459000,0,3887000,39597000,7344000,None,None,-241000,8609000,196060000,2322000,185753000,138015000,658000,0,0,5931000,0,0,23000,0,-95700000,0,None,1565000,None,12496000,None,None,9120000,15459000,None,None,None,281636000,208556000,177612000,None,23428301,USD,-6691000,1521000,-7575000,0,None,23000,-50000,2285000,-17387000,-18762000,-11210000,1837000,59000,0,23000,0,25000,2737000,884000,23000,None,-18762000,14.84,12.55
8,2018-06-30,USD,2000,14376000,8862000,2000,-13045000,-13325000,8862000,0,-13045000,0,5514000,1329000,-14374000,0,0,None,None,None,0,0,0,300000,1329000,0,-13345000,-13325000,None,USD,220515000,0,None,18287000,20232000,200283000,4946000,1413000,23000,-78300000,14066000,0,3823000,58359000,6166000,None,None,-328000,7698000,208994000,2250000,200283000,131812000,536000,0,0,4753000,0,0,23000,0,-78300000,0,None,1573000,None,11521000,None,None,9120000,14066000,None,None,None,278867000,220515000,190171000,None,23414588,USD,33542000,1308000,32346000,0,None,-964000,-50000,2130000,-13325000,22662000,-8720000,311000,-11000,0,-964000,0,124000,2804000,1196000,193000,None,22662000,16.83,14.84
9,2018-03-31,USD,10479000,14286000,8656000,10479000,-4463000,-4463000,8656000,0,-4463000,0,5630000,-656000,-3807000,0,0,None,None,None,0,0,0,0,-656000,0,-4463000,-4463000,None,USD,227646000,0,None,27753000,17249000,210397000,10679000,1413000,23000,-65000000,10679000,0,3827000,35697000,6570000,None,None,-482000,4356000,219463000,2246000,210397000,155305000,708000,0,0,5157000,0,0,23000,0,-65000000,0,None,1581000,None,8183000,None,None,None,10679000,None,None,None,275810000,227646000,191002000,None,23389599,USD,20173000,-2100000,19848000,0,None,669000,None,-2345000,-4463000,8032000,-12485000,-9279000,4000,0,669000,0,6000,3299000,325000,54000,None,8032000,22.9,16.83
10,2017-12-31,USD,12000,12749000,12490000,12000,-8748000,-6066000,7565000,0,-8543000,0,5184000,3989000,-12737000,0,-815000,None,None,None,0,0,0,-2477000,146519000,0,-6066000,-5769000,None,USD,211736000,0,None,1786000,15304000,196432000,8859000,1442000,23000,-76200000,8859000,0,3837000,27665000,6445000,None,None,-407000,2165000,205734000,2246000,196432000,175500000,783000,0,0,5003000,0,0,23000,0,-76200000,0,None,1591000,None,6002000,None,None,None,8859000,None,None,None,273059000,211736000,203165000,None,22140378,USD,-831000,-1019000,-1125000,0,-1086000,4180000,None,-530000,-6066000,-4454000,-7509000,-3295000,161000,0,4180000,0,-107000,2829000,294000,-119000,None,-4454000,25.87,22.9
11,2017-09-30,USD,143844000,12011000,11755000,143844000,130242000,128065000,7136000,0,130242000,0,4875000,-1591000,131833000,0,0,None,None,None,0,0,0,2177000,0,0,128065000,127324000,None,USD,212229000,0,None,1922000,16369000,195860000,8921000,1388000,23000,-70177000,8921000,0,441000,32119000,7448000,None,None,-67000,2111000,209677000,None,195860000,174993000,643000,0,0,6060000,0,0,23000,0,-70177000,0,None,441000,None,2552000,None,None,None,8921000,None,None,None,266081000,212229000,207112000,None,22751292,USD,-99193000,1443000,-99617000,0,-30766000,-29826000,None,-535000,128065000,4528000,133971000,381000,305000,0,940000,0,-19000,3929000,424000,-152000,None,4528000,14.75,25.87
12,2017-06-30,USD,15000,12992000,12747000,15000,-12822000,-13027000,7285000,0,-13027000,0,5707000,155000,-12977000,0,0,None,None,None,0,0,0,0,0,0,-13027000,-13027000,None,USD,108622000,0,None,2318000,44241000,64381000,8976000,1168000,23000,-198242000,8976000,0,449000,27591000,6077000,29188000,29188000,-44000,1944000,106229000,None,64381000,75829000,491000,29188000,0,4909000,0,0,23000,0,-198242000,0,None,449000,None,2393000,None,29188000,None,38164000,None,None,None,262644000,108622000,103420000,None,22616067,USD,-20045000,1123000,-20124000,0,29680000,29997000,None,1619000,-13027000,-515000,-10388000,2000,239000,0,317000,0,246000,1577000,79000,-302000,None,-515000,13.95,14.75
13,2017-03-31,USD,20000,13490000,13242000,20000,-13333000,-13333000,8237000,0,-13333000,0,5253000,137000,-13470000,0,0,None,None,None,0,0,0,0,0,0,-13333000,-13333000,None,USD,89031000,0,None,2302000,14011000,75020000,9111000,1159000,22000,-185200000,9111000,0,458000,28106000,4900000,None,None,-34000,2145000,86428000,None,75020000,55827000,193000,0,0,3741000,0,0,22000,0,-185200000,0,None,458000,None,2603000,None,None,None,9111000,None,None,None,260247000,89031000,83933000,None,22549939,USD,-291000,-701000,-441000,0,29680000,1139000,None,-993000,-13333000,-12449000,-13147000,-993000,235000,0,1139000,0,2000,1643000,150000,2000,None,-12449000,17.06,13.95
14,2016-12-31,USD,21000,12173000,11935000,21000,-12043000,-12043000,8660000,0,-12043000,0,3513000,109000,-12152000,0,-815000,None,None,None,0,0,0,0,447000,0,-12043000,-12043000,None,USD,100395000,0,None,1353000,14801000,85594000,9231000,1172000,22000,-171900000,9231000,0,467000,40555000,5570000,None,None,-7000,2199000,97729000,None,85594000,55630000,191000,0,0,4398000,0,0,22000,0,-171900000,0,None,467000,None,2666000,None,None,None,9231000,None,None,None,257461000,100395000,96185000,None,22316982,USD,22416000,-1106000,21941000,0,-1086000,308000,None,-666000,-12043000,10752000,-11497000,10000,261000,0,308000,0,60000,1236000,475000,145000,None,10752000,10.29,17.06
15,2016-09-30,USD,26000,11494000,11269000,26000,-11356000,-11356000,8054000,0,-11356000,0,3440000,112000,-11468000,0,0,None,None,None,0,0,0,0,0,0,-11356000,-11356000,None,USD,112362000,0,None,1432000,16222000,96140000,9324000,1213000,22000,-159839000,9324000,0,418000,29803000,6898000,None,None,33000,2176000,109768000,None,96140000,78189000,344000,0,0,5685000,0,0,22000,0,-159839000,0,None,418000,None,2594000,None,None,None,9324000,None,None,None,255924000,112362000,107992000,None,22239337,USD,-13566000,-347000,-13630000,0,29680000,54000,None,-121000,-11356000,-23848000,-10272000,-121000,282000,0,54000,0,-57000,1262000,64000,8000,None,-23848000,10.11,10.29
16,2016-06-30,USD,71000,13644000,13424000,71000,-13441000,-13441000,9816000,0,-13441000,0,3828000,132000,-13573000,0,0,None,None,None,0,0,0,0,0,0,-13441000,-13441000,None,USD,122631000,0,None,1319000,16448000,106183000,9441000,1221000,22000,-148483000,9441000,0,422000,53651000,7007000,None,None,43000,2126000,120083000,None,106183000,64769000,344000,0,0,5786000,0,0,22000,0,-148483000,0,None,422000,None,2548000,None,None,None,9441000,None,None,None,254601000,122631000,118420000,None,22224117,USD,25010000,1544000,24871000,0,None,63000,None,1046000,-13441000,15830000,-9104000,1046000,273000,0,63000,0,63000,1287000,139000,187000,None,15830000,11.23,10.11
17,2016-03-31,USD,56000,14030000,13820000,56000,-13880000,-13880000,10453000,0,-13880000,0,3577000,94000,-13974000,0,0,None,None,None,0,0,0,0,0,0,-13880000,-13880000,None,USD,133295000,0,None,2305000,15033000,118262000,9562000,1250000,22000,-135042000,9562000,0,492000,37821000,5471000,None,None,31000,2248000,130555000,None,118262000,89898000,531000,0,0,4221000,0,0,22000,0,-135042000,0,None,492000,None,2740000,None,None,None,9562000,None,None,None,253251000,133295000,127719000,None,22166803,USD,-40303000,-1199000,-40395000,0,None,176000,None,None,-13880000,-54689000,-14470000,-661000,266000,0,176000,0,82000,1284000,92000,-280000,None,-54689000,13.66,11.23
18,2015-12-31,USD,10305000,9642000,9434000,10305000,707000,684000,6386000,0,707000,0,3256000,44000,663000,0,-309000,None,None,None,0,0,0,23000,49970000,0,684000,684000,None,USD,146932000,0,None,1667000,16297000,130635000,9670000,1279000,22000,-121162000,9670000,0,478000,92510000,6627000,None,None,-18000,2346000,144108000,None,130635000,49680000,251000,0,0,5348000,0,0,22000,0,-121162000,0,None,478000,None,2824000,None,None,None,9670000,None,None,None,251793000,146932000,142190000,None,22165166,USD,71390000,-216000,71249000,0,-775000,-480000,35000,-678000,684000,71800000,1031000,-671000,293000,0,260000,0,1032000,826000,141000,115000,None,71800000,18.97,13.66
19,2015-09-30,USD,1709000,10403000,10194000,1709000,-8715000,-8554000,7135000,0,-8715000,0,3268000,-21000,-8694000,0,0,None,None,None,0,0,0,-161000,0,0,-8554000,-8554000,None,USD,146254000,0,None,1009000,17385000,128869000,9767000,1455000,22000,-121846000,9767000,0,425000,20710000,7618000,775000,None,20000,2473000,143356000,None,128869000,121270000,367000,0,0,5388000,0,0,22000,0,-121846000,0,None,425000,None,2898000,None,None,None,9767000,None,None,None,250673000,146254000,141980000,None,22063807,USD,7734000,-826000,7427000,0,-2179000,-1378000,37000,None,-8554000,-1857000,-7906000,294000,328000,0,764000,0,917000,844000,307000,8000,None,-1857000,18.77,18.97
