,fiscalDateEnding,reportedCurrency_x,totalRevenue,totalOperatingExpense,costOfRevenue,grossProfit,ebit,netIncome_x,researchAndDevelopment,effectOfAccountingCharges,incomeBeforeTax,minorityInterest,sellingGeneralAdministrative,otherNonOperatingIncome,operatingIncome,otherOperatingExpense,interestExpense,taxProvision,interestIncome,netInterestIncome,extraordinaryItems,nonRecurring,otherItems,incomeTaxExpense,totalOtherIncomeExpense,discontinuedOperations,netIncomeFromContinuingOperations,netIncomeApplicableToCommonShares,preferredStockAndOtherAdjustments,reportedCurrency_y,totalAssets,intangibleAssets,earningAssets,otherCurrentAssets,totalLiabilities,totalShareholderEquity,deferredLongTermLiabilities,otherCurrentLiabilities,commonStock,retainedEarnings,otherLiabilities,goodwill,otherAssets,cash,totalCurrentLiabilities,shortTermDebt,currentLongTermDebt,otherShareholderEquity,propertyPlantEquipment,totalCurrentAssets,longTermInvestments,netTangibleAssets,shortTermInvestments,netReceivables,longTermDebt,inventory,accountsPayable,totalPermanentEquity,additionalPaidInCapital,commonStockTotalEquity,preferredStockTotalEquity,retainedEarningsTotalEquity,treasuryStock,accumulatedAmortization,otherNonCurrrentAssets,deferredLongTermAssetCharges,totalNonCurrentAssets,capitalLeaseObligations,totalLongTermDebt,otherNonCurrentLiabilities,totalNonCurrentLiabilities,negativeGoodwill,warrants,preferredStockRedeemable,capitalSurplus,liabilitiesAndShareholderEquity,cashAndShortTermInvestments,accumulatedDepreciation,commonStockSharesOutstanding,reportedCurrency,investments,changeInLiabilities,cashflowFromInvestment,otherCashflowFromInvestment,netBorrowings,cashflowFromFinancing,otherCashflowFromFinancing,changeInOperatingActivities,netIncome_y,changeInCash,operatingCashflow,otherOperatingCashflow,depreciation,dividendPayout,stockSaleAndPurchase,changeInInventory,changeInAccountReceivables,changeInNetIncome,capitalExpenditures,changeInReceivables,changeInExchangeRate,changeInCashAndCashEquivalents,clossingVal,nextClossingVal
0,2020-06-30,USD,10416000,11436000,10118000,298000,-770000,-968000,116000,None,-980000,-58000,1202000,None,-1020000,None,0,-10000,None,0,None,None,None,-10000,40000.0,None,-970000,-968000,None,USD,17074000,1493000,None,None,6489000,10643000,None,485000,22000,-39051000,None,None,1600000.0,1055000,6365000,None,None,1572000,80000,9664000,61000,4974000,None,2520000,124000.0,None,395000,None,None,None,None,None,None,None,4176000,None,7410000,177000,None,None,124000,None,None,None,None,None,None,None,None,USD,-156000,-224000,-156000,None,3000,3000,None,20000,-968000,-500000,-353000,None,210000,None,None,None,217000.0,397000,0,None,None,None,1.0,
1,2020-03-31,USD,4384000,3175000,3485000,899000,-2231000,-2310000,214000,None,-2232000,-56000,2961000,45000,-2276000,None,1000,78000,45000,-1000,None,None,None,79000,45000.0,None,-2311000,-2310000,None,USD,18494000,1698000,None,5777000,6943000,11607000,None,442000,22000,-38083000,None,None,2050000.0,1555000,6819000,61000,None,4183000,75000,10453000,34000,9909000,None,3121000,124000.0,None,257000,None,None,22000,None,-38083000,None,None,5528000,None,706000,170000,None,124000,124000,None,None,None,45485000,18494000,1555000,None,21691926,USD,-815000,266000,-1117000,-302000,-430000,-430000,None,1648000,-2310000,-29000,1518000,1303000,207000,None,None,None,-255000.0,2278000,302000,-226000,-19000,-48000,0.95,1.0
2,2019-12-31,USD,18552000,3251000,14754000,3798000,704000,644000,270000,None,702000,-1000,2981000,157000,547000,None,2000,59000,146000,-2000,None,None,None,65000,157000.0,None,637000,644000,None,USD,18551000,1899000,None,12816000,7138000,11470000,None,125000,20000,-35773000,None,None,713000.0,1603000,7013000,430000,430000,4112000,78000,11935000,35000,11470000,None,4054000,125000.0,None,408000,None,None,20000,None,-35773000,None,None,3879000,None,78000,136000,None,None,125000,None,None,None,43111000,18551000,1603000,None,19629403,USD,-1362000,-120000,-1362000,-1362000,2000,2396000,2394000,850000,643000,778000,-256000,-4039000,104000,None,4787000,None,988000.0,1754000,1362000,555000,-12000,766000,1.165,0.95
3,2019-09-30,USD,15508000,1167000,14616000,892000,-397000,-388000,239000,None,-407000,-3000,928000,-122000,-275000,None,10000,-16000,-130000,-10000,None,None,None,-17000,-122000.0,None,-390000,-388000,None,USD,18960000,31000,None,11432000,10549000,8466000,None,124000,18000,-36417000,None,None,1309000.0,837000,10425000,424000,424000,4159000,87000,13770000,35000,8466000,25000,6020000,124000.0,638000,899000,None,None,18000,None,-36417000,None,None,3714000,549000,671000,174000,None,None,124000,None,None,None,40706000,18960000,837000,None,18020973,USD,-760000,207000,-760000,-796000,-437000,1956000,2393000,-4736000,-391000,-534000,-1730000,None,14000,None,2393000,None,577000.0,104000,760000,-577000,-33000,-567000,1.3,1.165
4,2019-06-30,USD,15453000,1588000,15087000,366000,-403000,-379000,159000,0,-415000,-3000,1429000,819000,-1222000,0,12000,-33000,809000,-12000,0,0,0,-35000,819000.0,0,-380000,-379000,0,USD,14671000,36000,None,5870000,8349000,6376000,0,127000,16000,-36029000,0,0,549000.0,1404000,8222000,873000,873000,4088000,99000,10210000,36000,6376000,25000,6749000,127000.0,0,742000,0,0,16000,0,-36029000,0,0,3724000,549000,648000,118000,0,0,127000,0,0,0,38301000,14671000,1404000,0,16412543,USD,0,-270000,-760000,-36000,-437000,0,495000,-380000,-382000,-55000,-55000,-564000,14000,0,0,0,-319000.0,-479000,0,1386000,-24000,-79000,1.3493,1.3
5,2019-03-31,USD,8567000,1180000,8125000,442000,-1090000,-1138000,201000,0,-1101000,-2000,979000,-352000,-738000,0,11000,39000,-361000,-11000,0,0,0,36000,-352000.0,0,-1137000,-1138000,0,USD,15075000,41000,None,2108000,8444000,6683000,956000,1771000,16000,-35650000,956000,0,527000.0,1483000,7358000,891000,891000,4029000,112000,10608000,36000,6642000,0,7564000,130000.0,0,4696000,0,0,16000,0,-35650000,0,0,3731000,0,3920000,0,0,130000,1086000,0,0,0,38288000,15075000,1483000,0,16412543,USD,-36000,-1883000,-36000,-36000,-437000,0,495000,381000,-1140000,-2306000,-2270000,553000,38000,0,0,0,-547000.0,682000,0,-520000,47000,-2259000,1.95,1.3493
6,2018-12-31,USD,9324000,1282000,8868000,456000,-1059000,-1003000,211000,0,-1071000,-27000,1793000,-233000,-826000,0,12000,419000,None,None,460000,-722000,0,-68000,343000.0,0,-1003000,-1003000,0,USD,16968000,45000,None,5879000,9174000,7843000,0,1179000,16000,-34512000,606000,0,556000.0,3742000,8440000,1480000,0,4064000,142000,12500000,0,7798000,0,7160000,128000.0,0,6387000,0,0,16000,0,-34512000,0,0,0,0,187000,0,0,128000,128000,0,0,0,38275000,16968000,3742000,0,16382543,USD,-241000,511000,-237000,4000,-309000,-298000,11000,466000,-1164000,-2231000,-1696000,-1963000,33000,0,10263000,0,1233000.0,-376000,442000,1263000,0,-1911000,1.3401,1.95
7,2018-09-30,USD,17042000,3743000,16649000,393000,-2851000,-2953000,289000,0,-2857000,-20000,1952000,499000,-3350000,0,6000,-344000,None,None,-460000,1502000,0,96000,-1009000.0,0,-2953000,-2953000,0,USD,20345000,50000,None,2183000,11586000,8781000,0,469000,16000,-33375000,826000,0,876000.0,5919000,10633000,1989000,0,4223000,176000,15868000,0,8731000,0,7766000,127000.0,0,9128000,0,0,16000,0,-33375000,0,0,3724000,527000,4477000,0,0,0,0,0,0,0,37917000,20345000,5919000,0,16132543,USD,-459000,3494000,15000,479000,460000,484000,24000,1726000,-2839000,1127000,628000,-484000,81000,0,10263000,0,-1208000.0,1774000,5000,-1398000,-294000,833000,1.73,1.3401
8,2018-06-30,USD,22520000,9288000,21552000,968000,-8852000,-9504000,240000,0,-8861000,-50000,1758000,-532000,-8320000,0,9000,None,None,None,0,7290000,0,641000,-6998.96,0,-9502000,-9504000,0,USD,21139000,1628000,None,2579000,9435000,11706000,0,901000,16000,-30556000,1186.01,0,3945.91,5086000,7976000,2083000,0,4393000,213000,14430000,453000,10078000,0,6765000,117.98,0,6319000,0,0,16000,0,-30556000,0,0,3738000,677000,6709000,0,0,132000,132000,0,0,0,37853000,21139000,5086000,0,16132543,USD,1887000,247000,-669000,-2551000,411.13,-464000,-464000,2015.41,-9554000,-2275000,-1142000,2675000,211000,0,0,0,-3280.07,8898000,5000,-3619000,-142000,-2417000,2.52,1.73
9,2018-03-31,USD,8260000,2617000,7659000,601000,-564000,-565000,193000,0,-574000,-5000,1953000,1452000,-2016000,0,10000,None,None,None,0,471000,0,-1000,971000.0,0,-573000,-565000,None,USD,32406000,3786000,None,5424000,8976000,23250000,0,779000,16000,-21052000,801000,5483000,3808000.0,7503000,8036000,1596000,934000,4671000,264000,18588000,477000,13981000,0,5661000,139000.0,0,6462000,23430000,0,16000,0,-21052000,0,None,2393000,1415000,13818000,None,None,139000,139000,None,None,None,39615000,32406000,7503000,None,16132543,USD,-507000,-4418000,-2156000,-1648000,460000,9770000,9770000,-3590000,-570000,4435000,-3179000,-1325000,216000,0,0,0,3413000.0,-451000,1000,3369000,116000,4551000,1.6688,2.52
10,2017-12-31,USD,15346000,48868000,15065000,4953000,-2159000,-8827000,249000,0,-8358000,25000,3290000,None,-5258000,0,38000,None,None,None,0,-4928000,0,136000,-3100000.0,0,-5513000,-5566000,None,USD,28560000,9085000,None,14076000,13097000,15286000,0,1759000,14000,-20487000,134000,5277000,11361000.0,2952000,12963000,1201000,899000,4205000,299000,16900000,918000,15286000,0,11233000,134000.0,0,10137000,15463000,31554000,14000,0,-20487000,0,None,None,None,299000,None,None,None,None,None,None,None,31554000,28560000,2952000,None,13982542,USD,277000,3305000,300000,25000,151000,9492000,-922000,2805000,-6137000,1634000,1334000,4033000,355000,0,0,0,-4848000.0,2175000,2000,-2397000,84000,1718000,1.09,1.6688
11,2017-09-30,USD,13523000,3370000,12163000,1360000,-2010000,-2087000,312000,0,-2046000,39000,3058000,None,-2010000,0,36000,None,None,None,0,15136000,0,44000,388000.0,0,-2048000,-2087000,None,USD,29140000,6653000,None,5545000,9462000,19567000,0,1638000,12000,-14325000,132000,5195000,14270000.0,1234000,9330000,1182000,885000,4111000,341000,14529000,949000,7719000,0,7750000,132000.0,0,6510000,19678000,0,12000,0,-14325000,0,None,None,1473000,14611000,None,None,132000,132000,None,None,None,29769000,29140000,1234000,None,12340542,USD,-2795000,154000,764000,3559000,-493000,0,588000,-834000,-2048000,-617000,-1381000,-583000,360000,0,0,0,2436000.0,1421000,2000,-685000,35000,-582000,1.0,1.09
12,2017-06-30,USD,10500000,10922000,8800000,-844000,4743000,1385000,305000,0,-644000,32000,1769000,None,1676000,0,37000,None,None,None,0,-10164000,0,113000,-182000.0,0,4588000,4646000,None,USD,30253000,11913000,None,19918000,9003000,21181000,0,1580000,12000,-12238000,129000,5090000,14730000.0,1816000,8874000,1159000,867000,3774000,382000,15141000,1373000,21181000,3129000,6764000,129000.0,0,6135000,21250000,0,12000,0,-12238000,0,None,None,None,1755000,None,None,129000,129000,None,None,None,29633000,30253000,1816000,None,12265542,USD,3559000,-2363000,-2000,0,-493000,0,588000,1921000,-757000,732000,734000,3193000,353000,0,0,0,1666000.0,250000,2000,58000,37000,769000,1.24,1.0
13,2017-03-31,USD,7264000,2321000,5992000,1272000,-1033000,-1087000,395000,0,-1069000,18000,1926000,16000,-1049000,0,36000,None,None,None,0,2552000,0,-19000,-20000.0,0,-1069000,-1087000,None,USD,32816000,7001000,None,12492000,11272000,21509000,0,1570000,12000,-11449000,127000,4998000,14878000.0,1047000,11145000,1138000,1693000,3450000,423000,17515000,None,9510000,3073000,5324000,127000.0,0,8564000,21544000,0,12000,0,-11449000,0,None,None,1531000,13953000,None,None,None,None,None,None,None,29496000,32816000,1047000,None,12265542,USD,-2354000,3561000,0,0,None,0,None,-3192000,-1069000,-2007000,-2007000,-3282000,354000,0,0,0,903000.0,182000,0,-1753000,19000,-1988000,1.13,1.24
14,2016-12-31,USD,9352000,4010000,7730000,1622000,-2370000,-2329000,466000,0,-2379000,4000,3385000,18000,-2388000,159000,9000,None,None,None,0,159000,0,-39000,-85000.0,1000,-2326000,-2329000,None,USD,30042000,12234000,None,20050000,7746000,22242000,0,1497000,12000,-10362000,126000,4970000,15096000.0,3035000,7620000,1132000,847000,3307000,471000,14475000,1340000,22242000,3056000,5146000,126000.0,0,5117000,22296000,29285000,12000,0,-10362000,0,None,None,None,1811000,None,None,None,None,None,None,None,29285000,30042000,3035000,None,12158542,USD,-470000,-298000,328000,318000,297000,297000,-922000,2239000,-2325000,1915000,1290000,2435000,402000,0,0,0,216000.0,1056000,10000,20000,-171000,1789000,1.0,1.13
15,2016-09-30,USD,11902000,3392000,9874000,2028000,-1444000,-1472000,514000,0,-1448000,21000,2878000,-80000,-1364000,0,4000,None,None,None,0,0,0,22000,-134000.0,0,-1451000,-1472000,None,USD,32428000,6467000,None,11811000,7651000,24289000,29000,2145000,12000,-8033000,None,4275000,14653000.0,1246000,7491000,449000,None,4064000,511000,17264000,1550000,13547000,3175000,4207000,131000.0,0,4897000,24777000,0,12000,0,-8033000,0,None,996000,None,1365000,None,None,131000,160000,None,None,None,28246000,32428000,1246000,None,12158542,USD,None,391000,-21000,-33000,456000,456000,None,None,-1451000,-1691000,-2126000,-1708000,410000,0,0,0,196000.0,565000,12000,-333000,-16000,-1630000,1.8,1.0
16,2016-06-30,USD,8436000,3485000,5939000,2497000,-963000,-1280000,590000,0,-963000,123000,2895000,25000,-988000,0,0,None,None,None,0,0,0,291000,25000.0,-14000,-1143000,-1280000,None,USD,32776000,6868000,None,10107000,6979000,25328000,58000,2205000,30000,-6561000,None,4305000,15129000.0,2876000,6789000,None,None,4214000,661000,16986000,1561000,14155000,3197000,4003000,132000.0,0,4584000,25797000,0,30000,0,-6561000,0,None,1003000,None,1392000,None,None,132000,190000,None,None,None,27645000,32776000,2876000,None,30395722,USD,None,-347000,-679000,-51000,None,0,None,None,-1157000,-849000,-170000,607000,376000,0,0,0,529000.0,760000,628000,-409000,-80000,-868000,0.55,1.8
17,2016-03-31,USD,5060000,3012000,3456000,1604000,-1393000,-1411000,426000,0,-1393000,0,2586000,15000,-1408000,0,0,None,None,None,0,0,0,-45000,0.0,-46000,-1365000,-1411000,None,USD,34851000,5351000,None,11268000,7748000,26615000,89000,2058000,30000,-5281000,130000,4418000,15339000.0,3744000,7524000,None,None,4792000,711000,18801000,1576000,16976000,3281000,3789000,135000.0,0,5466000,0,0,30000,0,-5281000,0,None,2438000,1556000,16050000,None,None,265000,354000,None,None,None,27074000,34851000,3744000,None,30355722,USD,None,187000,-2204000,-693000,None,0,None,None,-1411000,-1761000,443000,-212000,384000,0,0,0,938000.0,557000,1511000,938000,8000,-1759000,0.7,0.55
18,2015-12-31,USD,8253000,6172000,5298000,2955000,-3183000,-4014000,506000,0,-3184000,141000,2968000,34000,-3217000,874000,1000,None,None,None,0,1824000,0,-666000,-2576000.0,-1465000,-2636000,-4014000,None,USD,35460000,5638000,None,11035000,7623000,27333000,118000,2091000,30000,-3870000,129000,4396000,13741000.0,5503000,7370000,135000,135000,4663000,681000,21038000,1133000,17428000,3265000,4500000,135000.0,0,5279000,0,0,30000,0,-3870000,0,None,1024000,1550000,14422000,None,None,264000,382000,None,None,None,26510000,35460000,5503000,None,29640130,USD,-1163000,-762000,-254000,-206000,7000,-233000,-240000,9362000,-3873000,3972000,4459000,2340000,447000,0,0,0,5796000.0,620000,48000,5687000,-221000,3562000,0.83,0.7
19,2015-09-30,USD,8542000,4134000,7066000,1476000,-2635000,-2081000,595000,0,-2647000,-174000,3539000,23000,-2658000,0,12000,None,None,None,0,0,0,-564000,0.0,0,-2083000,-2081000,None,USD,41275000,7855000,None,9169000,9439000,31612000,816000,1526000,30000,144000,407000,6514000,17919000.0,1941000,8485000,None,None,5099000,957000,22399000,1052000,17650000,3333000,11289000,138000.0,0,6959000,0,0,30000,0,144000,0,None,1046000,1452000,18876000,None,None,545000,1361000,None,None,None,26339000,41275000,1941000,None,29580130,USD,None,401000,-2209000,1000,-810000,-816000,-6000,None,-2255000,-2602000,423000,1443000,433000,0,0,0,109000.0,473000,2210000,-72000,-102000,-2704000,0.8312,0.83
