,fiscalDateEnding,reportedCurrency_x,totalRevenue,totalOperatingExpense,costOfRevenue,grossProfit,ebit,netIncome_x,researchAndDevelopment,effectOfAccountingCharges,incomeBeforeTax,minorityInterest,sellingGeneralAdministrative,otherNonOperatingIncome,operatingIncome,otherOperatingExpense,interestExpense,taxProvision,interestIncome,netInterestIncome,extraordinaryItems,nonRecurring,otherItems,incomeTaxExpense,totalOtherIncomeExpense,discontinuedOperations,netIncomeFromContinuingOperations,netIncomeApplicableToCommonShares,preferredStockAndOtherAdjustments,reportedCurrency_y,totalAssets,intangibleAssets,earningAssets,otherCurrentAssets,totalLiabilities,totalShareholderEquity,deferredLongTermLiabilities,otherCurrentLiabilities,commonStock,retainedEarnings,otherLiabilities,goodwill,otherAssets,cash,totalCurrentLiabilities,shortTermDebt,currentLongTermDebt,otherShareholderEquity,propertyPlantEquipment,totalCurrentAssets,longTermInvestments,netTangibleAssets,shortTermInvestments,netReceivables,longTermDebt,inventory,accountsPayable,totalPermanentEquity,additionalPaidInCapital,commonStockTotalEquity,preferredStockTotalEquity,retainedEarningsTotalEquity,treasuryStock,accumulatedAmortization,otherNonCurrrentAssets,deferredLongTermAssetCharges,totalNonCurrentAssets,capitalLeaseObligations,totalLongTermDebt,otherNonCurrentLiabilities,totalNonCurrentLiabilities,negativeGoodwill,warrants,preferredStockRedeemable,capitalSurplus,liabilitiesAndShareholderEquity,cashAndShortTermInvestments,accumulatedDepreciation,commonStockSharesOutstanding,reportedCurrency,investments,changeInLiabilities,cashflowFromInvestment,otherCashflowFromInvestment,netBorrowings,cashflowFromFinancing,otherCashflowFromFinancing,changeInOperatingActivities,netIncome_y,changeInCash,operatingCashflow,otherOperatingCashflow,depreciation,dividendPayout,stockSaleAndPurchase,changeInInventory,changeInAccountReceivables,changeInNetIncome,capitalExpenditures,changeInReceivables,changeInExchangeRate,changeInCashAndCashEquivalents,clossingVal,nextClossingVal
0,2020-06-30,USD,50411000,-33063000,None,50411000,83474000,14832000,None,None,17348000,None,-33063000,None,83474000,4831000,17887000,2516000,78235000,60348000,None,None,None,2516000,None,None,14832000,14832000,None,USD,7617184000,12232000,None,None,6749443000,867741000,None,5826861000,586946000,288688000,25396000,208373000,6519405000,349361000,5826861000,None,None,309000,31103000,797681000,6305755000,647136000,418426000,29894000,202476000,None,None,None,None,586946000,None,288688000,-30271000,None,262040000,None,6819503000,27648000,202476000,720106000,922582000,None,None,None,22069000,7617184000,767787000,None,39753033,USD,-297530000,-5733000,-294560000,2097000,-59647000,332005000,391621000,2886000,14832000,66552000,29107000,6607000,3062000,31000,0,None,-5577000,15916000,873000,-5577000,None,66552000,16.12,
1,2020-03-31,USD,42135000,-35058000,None,42135000,77193000,6030000,None,None,7077000,None,-35058000,None,77193000,2671000,21433000,1047000,76314000,54881000,None,None,None,1047000,None,None,6030000,6030000,None,USD,7279327000,12884000,754447000,None,6425617000,853710000,None,5509192000,586946000,273825000,31871000,208379000,6198624000,282809000,5509192000,None,None,1464000,32864000,753864000,5987566000,632447000,446738000,24317000,128967000,None,None,None,None,586946000,None,273825000,-30271000,None,283770000,None,6525463000,28731000,128967000,787458000,916425000,None,None,None,21746000,7279327000,729547000,None,39704921,USD,-155094000,-2869000,-95364000,61458000,176778000,130229000,-42225000,13510000,6030000,81326000,46461000,13690000,2784000,-3576000,-748000,None,-458000,27284000,1728000,-458000,None,81326000,13.44,16.12
2,2019-12-31,USD,49177000,-22197000,None,49177000,71374000,20783000,None,None,26980000,None,-22197000,None,71374000,2078000,20577000,6197000,67599000,47022000,None,None,None,6197000,-2006000,None,20783000,20783000,None,USD,6174032000,5460000,612299000,54199000,5442842000,731190000,None,4767542000,468571000,271782000,27354000,162574000,5300057000,201483000,4767542000,400000000,400000000,-1147000,19236000,627133000,5108484000,563156000,404701000,20949000,629178000,None,4767542000,None,None,468571000,None,271782000,-29360000,None,251145000,None,5546899000,16449000,629178000,46122000,675300000,None,None,None,21344000,6174032000,606184000,None,35072066,USD,15513000,-1389000,16302000,980000,-12206000,-6162000,16540000,-27452000,20783000,7474000,-2666000,-26579000,2373000,-3123000,-7373000,None,75000,2071000,191000,75000,None,7474000,25.72,13.44
3,2019-09-30,USD,48515000,-20379000,None,48515000,68894000,21696000,None,None,28136000,None,-20379000,None,68894000,2253000,21983000,6440000,69887000,47904000,None,None,None,6440000,-167000,None,21696000,21696000,None,USD,6161269000,5800000,637488000,54269000,5441109000,720160000,None,4751234000,468571000,254159000,None,162574000,5271087000,194009000,4751234000,None,None,-1128000,19754000,640882000,5117083000,551786000,425849000,21024000,641258000,907000,4782703000,None,None,468571000,None,254159000,-21892000,None,215176000,None,5520387000,17148000,641258000,48617000,689875000,None,None,None,20450000,6161269000,619858000,None,35364845,USD,-31311000,6682000,-41998000,-10000000,-84913000,22270000,110369000,3988000,21696000,8359000,28087000,-3968000,2468000,-3186000,0,None,248000,439000,687000,248000,None,8359000,22.2,25.72
4,2019-06-30,USD,46372000,-21590000,None,46372000,67962000,19281000,None,None,24782000,None,-21590000,None,67962000,1938000,22348000,5501000,67468000,45120000,None,None,None,5501000,-2567000,None,19281000,19281000,None,USD,6109066000,6140000,618530000,21272000,5409842000,699224000,None,4641143000,468571000,235649000,24875000,162574000,5244189000,185650000,4641143000,None,None,-2881000,19781000,648833000,5063946000,530510000,441911000,21272000,726037000,None,4666018000,None,None,468571000,None,235649000,-21892000,None,207792000,None,5460233000,17787000,726037000,42662000,768699000,None,None,None,19777000,6109066000,627561000,None,35352866,USD,-38505000,-145000,-41427000,-2530000,-7198000,32261000,47456000,-488000,19281000,13102000,22268000,-910000,2305000,-3194000,-4803000,None,-74000,2333000,392000,-74000,None,13102000,22.66,22.2
5,2019-03-31,USD,42190000,-28062000,None,42190000,70252000,11635000,None,None,14128000,None,-28062000,None,70252000,2329000,20257000,2493000,64752000,44952000,None,None,None,2493000,-8681000,None,11635000,11635000,None,USD,6048976000,6504000,678226000,21566000,5366581000,682395000,None,4593998000,468571000,219558000,None,156243000,5127783000,172548000,4593998000,None,None,-5280000,20150000,710285000,4947725000,519648000,516539000,21198000,732050000,None,4617812000,None,None,468571000,None,219558000,-16967000,None,208069000,None,5338691000,16719000,732050000,40533000,772583000,None,None,None,16513000,6048976000,689087000,None,35443933,USD,-48828000,-7933000,-35344000,13741000,-60833000,22527000,86124000,-3624000,11635000,182000,12999000,3774000,1943000,-2657000,-107000,None,-550000,4130000,257000,-550000,None,182000,19.7,22.66
6,2018-12-31,USD,40576000,-18266000,18162000,40576000,58842000,18672000,0,0,22310000,0,-18266000,None,58842000,2304000,49599000,None,None,None,1408000,0,0,3638000,-1845000,0,18672000,18672000,None,USD,5462092000,1737000,None,18214000,4848165000,613927000,None,4092092000,412546000,211345000,27516000,145909000,4680151000,172366000,4119608000,405001000,405001000,-8789000,19062000,602614000,4506138000,466281000,412034000,18214000,728557000,None,27516000,None,None,412546000,None,211345000,-16717000,None,186632000,None,4859478000,None,728557000,None,728557000,None,None,None,15542000,5462092000,584400000,None,32328542,USD,-77446000,1043000,-75656000,2212000,-30000000,70449000,102519000,-1512000,18672000,16518000,21725000,-1402000,1608000,-2421000,351000,None,None,2328000,422000,-524000,None,16518000,18.47,19.7
7,2018-09-30,USD,40291000,-18287000,16489000,40291000,58578000,19902000,0,0,22004000,0,-18287000,None,58578000,2372000,729000,None,None,None,0,0,0,2102000,-1255000,0,19902000,19902000,None,USD,5368641000,1881000,None,17960000,4773770000,594871000,0,3988765000,412546000,195101000,26552000,145909000,4602697000,155848000,3988765000,459979000,459979000,-10684000,20998000,583577000,4439411000,447081000,410039000,17690000,758453000,270000,4015317000,557691000,12840000,412546000,0,195101000,-16717000,None,176865000,None,4785064000,None,758453000,26552000,785005000,None,None,None,14625000,5368641000,565887000,None,32239928,USD,-115071000,-8688000,-115583000,884000,1000000,82226000,83370000,-9271000,19902000,-20321000,13036000,118000,1772000,-2416000,272000,131000,0,868000,1396000,-936000,None,-20321000,23.75,18.47
8,2018-06-30,USD,39233000,-17108000,15239000,39233000,56341000,17527000,0,0,22125000,0,-17108000,None,56341000,2107000,647000,None,None,None,0,0,0,4598000,-934000,0,17527000,17527000,None,USD,5275368000,2027000,None,16754000,4696811000,578557000,0,3905410000,412546000,177619000,34014000,145909000,4499577000,176169000,3905410000,458995000,458995000,-8647000,20389000,592938000,4339895000,430621000,400015000,16754000,757387000,1076000,3939424000,531032000,12377000,412546000,0,177619000,-16717000,None,174210000,None,4682430000,None,757387000,34014000,791401000,None,None,None,13756000,5275368000,576184000,None,32184047,USD,-88109000,13097000,-88156000,47000,-66000000,87472000,155839000,14465000,17527000,33382000,34066000,1493000,1799000,-2417000,50000,399000,0,884000,94000,-734000,None,33382000,24.9,23.75
9,2018-03-31,USD,21754000,-17059000,30128000,21754000,38813000,4251000,0,0,4695000,0,-17059000,None,38813000,2140000,7943000,None,None,None,0,0,0,444000,-1019000,0,4251000,4251000,None,USD,5158368000,2195000,None,61906000,4594102000,564266000,0,3749587000,412546000,162510000,21173000,145909000,777430000,142787000,3749587000,525032000,525032000,-7507000,21039000,583129000,4228719000,416162000,424322000,16020000,823342000,46962000,3749587000,531032000,11407000,412546000,0,162510000,-16717000,None,177377000,None,4575239000,None,823342000,21173000,844515000,None,None,None,13434000,5158368000,567109000,None,32175233,USD,-77792000,-464000,-77819000,112000,25000000,50791000,27999000,-2922000,4251000,-6795000,20233000,-2403000,2075000,-2410000,202000,100000,0,17324000,139000,-550000,None,-6795000,28.8,24.9
10,2017-12-31,USD,39832000,-16566000,12403000,39832000,56398000,10580000,0,0,23266000,0,-16566000,None,56398000,-215000,35745000,None,None,None,0,0,0,12686000,-19801000,0,10580000,10580000,None,USD,5108442000,2364000,None,40315000,4543005000,565437000,0,3795128000,412546000,160025000,23101000,145909000,772110000,149582000,3818229000,505077000,505077000,-4019000,21659000,600336000,4165091000,417164000,435284000,15470000,724776000,25383000,23101000,565437000,13602000,412546000,0,160025000,-16717000,None,173083000,None,4508106000,None,724776000,None,724776000,None,None,None,13602000,5108442000,584866000,None,32071860,USD,-308799000,443000,-309031000,281000,70000000,254529000,186635000,6641000,10580000,8320000,62822000,-4231000,1944000,-2405000,299000,54648000,0,54715000,513000,-629000,None,8320000,25.75,28.8
11,2017-09-30,USD,37325000,-18641000,10769000,37325000,55966000,13077000,0,0,18684000,0,-18641000,None,55966000,12170000,72000,None,None,None,0,0,0,5607000,0,0,13077000,13077000,None,USD,4844755000,2533000,None,104227000,4287064000,557691000,0,3623769000,412546000,151851000,23514000,145909000,732771000,141262000,3623769000,415124000,415124000,-2829000,21917000,556619000,3948805000,409249000,400516000,14841000,639781000,89386000,3623769000,499588000,10409000,412546000,0,151851000,-16717000,None,168972000,None,4288136000,None,639781000,23514000,663295000,None,None,None,12840000,4844755000,541778000,None,32015317,USD,-165470000,-582000,-175514000,-7896000,-41000000,149998000,193403000,2458000,13077000,-5246000,20270000,3693000,1715000,-2405000,0,5225000,0,4014000,2148000,-1647000,None,-5246000,24.6,25.75
12,2017-06-30,USD,35073000,-25303000,10040000,35073000,60376000,7683000,0,0,9770000,0,-25303000,None,60376000,-5983000,-6768000,None,None,None,0,0,0,2087000,0,0,7683000,7683000,None,USD,4681280000,2702000,None,64318000,4135107000,546173000,0,3430373000,412546000,141178000,23945000,145909000,728267000,146508000,3430373000,680789000,680789000,-3211000,21630000,561832000,3784875000,397562000,402130000,13194000,680789000,51704000,3430373000,477344000,9864000,412546000,0,141178000,-16717000,None,164332000,None,4119448000,None,680789000,23945000,704734000,None,None,None,12377000,4681280000,548638000,None,32015317,USD,-246785000,4690000,-244532000,2253000,150000000,207623000,59904000,2473000,7683000,-15361000,21548000,-1839000,1555000,-2399000,118000,5088000,0,9952000,1062000,-493000,None,-15361000,22.55,24.6
13,2017-03-31,USD,35043000,-18249000,9043000,35043000,53292000,11880000,0,0,16794000,0,-18249000,None,53292000,1293000,7206000,None,None,None,0,0,0,4914000,0,0,11880000,11880000,None,USD,4460816000,2895000,None,None,3920539000,540277000,0,3355477000,412546000,135939000,19261000,145909000,669091000,161869000,3355477000,491226000,491226000,-3287000,22259000,527046000,3607597000,391473000,352476000,12701000,545801000,62835000,3355477000,477344000,9324000,412546000,0,135939000,-16717000,None,155110000,None,3933770000,None,545801000,19261000,565062000,None,None,None,11796000,4460816000,514345000,None,32004471,USD,-88266000,-664000,-88650000,-384000,15000000,23627000,11210000,5669000,11880000,-38530000,26493000,5702000,1457000,-2403000,-180000,6012000,264000,7854000,936000,264000,None,-38530000,24.25,22.55
14,2016-12-31,USD,9779000,-15251000,33292000,9779000,25030000,-2024000,0,0,-5472000,0,-15251000,None,25030000,19878000,30586000,None,None,None,0,0,0,-3448000,-3760000,0,-2024000,-2024000,None,USD,4426348000,3088000,None,90970000,3895316000,531032000,0,3344271000,412726000,126462000,20231000,145909000,675155000,200399000,3364502000,231280000,231280000,-2846000,22075000,566654000,3528719000,382035000,353290000,12965000,530814000,78631000,20231000,531032000,11407000,412726000,0,126462000,-16717000,None,159903000,None,3859694000,None,530814000,None,530814000,None,None,None,11407000,4426348000,553689000,None,31948307,USD,-153156000,-1041000,-153643000,446000,-5000000,107156000,125133000,-19587000,-2024000,-33395000,13092000,-13001000,1357000,-2262000,-10715000,44000,0,28269000,933000,-468000,None,-33395000,25.95,24.25
15,2016-09-30,USD,31850000,-14551000,14904000,31850000,46401000,11856000,0,0,17299000,0,-14551000,None,46401000,-16859000,-7134000,None,None,None,0,0,0,5443000,0,0,11856000,11856000,None,USD,4327804000,3281000,None,None,3828216000,499588000,0,3268949000,374287000,130885000,23440000,145909000,648299000,233794000,3268949000,481337000,481337000,724000,22112000,584750000,3423599000,350398000,338459000,12497000,535827000,15738000,3268949000,471146000,8315000,374287000,11250000,130885000,-16717000,None,148153000,None,3743054000,None,535827000,23440000,559267000,None,None,None,10409000,4327804000,572253000,None,30197318,USD,11506000,-5715000,-4204000,-15320000,-15000000,50719000,67991000,3560000,11856000,58681000,12166000,3100000,1357000,-2272000,0,0,48000,1339000,390000,229000,None,58681000,18.06,25.95
16,2016-06-30,USD,30214000,-14352000,11394000,30214000,44566000,10859000,0,0,15862000,0,-14352000,None,44566000,3967000,7644000,None,None,None,0,0,0,5003000,0,0,10859000,10859000,None,USD,4262914000,3474000,None,None,3778500000,484414000,0,3200993000,374287000,116980000,26652000,145909000,720078000,175113000,3200993000,496414000,496414000,-4321000,22477000,396105000,3559964000,335031000,208266000,12726000,550855000,2389000,3200993000,463982000,8120000,374287000,11250000,121301000,-16717000,None,134985000,None,3866809000,None,550855000,26652000,577507000,None,None,None,9864000,4262914000,383379000,None,30000000,USD,-115224000,3774000,-116213000,574000,-150000000,155948000,307979000,-467000,10859000,56854000,17119000,-1302000,1215000,-2221000,190000,0,0,2696000,438000,-123000,None,56854000,15.69,18.06
17,2016-03-31,USD,29522000,-14353000,10206000,29522000,43875000,10391000,0,0,15169000,0,-14353000,None,43875000,0,0,None,None,None,0,0,0,4778000,0,0,10391000,10369000,22000,USD,4091000000,3691000,None,None,3616273000,474727000,0,2893071000,374287000,107833000,22309000,145909000,713654000,118259000,2893071000,None,None,-4830000,22652000,322194000,3455808000,325127000,191331000,12604000,700893000,1696000,2893071000,0,0,374287000,0,112663000,-16717000,None,140746000,None,3768806000,None,700893000,22309000,723202000,None,None,None,9324000,4091000000,309590000,None,30000000,USD,-153406000,960000,-153609000,738000,-25000000,63638000,90930000,None,10391000,-82636000,7335000,-8503000,1287000,-2334000,42000,35000,0,3258000,941000,-58000,None,-82636000,16.35,15.69
18,2015-12-31,USD,27764000,-13578000,11829000,27764000,41342000,9569000,0,0,14186000,0,-13578000,None,41342000,6287000,23814000,None,None,None,0,0,0,4617000,-3200000,0,9569000,9541000,28000,USD,4016721000,3908000,None,12545000,3539377000,477344000,0,2790966000,374287000,104606000,21669000,145909000,718509000,200895000,2812635000,270587000,270587000,-4609000,22333000,409210000,3299040000,316277000,195770000,12545000,726742000,2549000,21669000,0,0,374287000,11250000,104606000,-16717000,None,136321000,None,3607511000,None,726742000,None,726742000,None,None,None,8527000,4016721000,396665000,None,30085663,USD,-118382000,-1374000,-143639000,-23858000,49913000,169916000,122286000,-1761000,9568000,42374000,16097000,4514000,1157000,-2283000,0,327000,0,3115000,1399000,-883000,None,42374000,18.69,16.35
19,2015-09-30,USD,29371000,-13301000,10634000,29371000,42672000,10842000,0,0,16070000,0,-13301000,None,42672000,0,0,None,None,None,0,0,0,5228000,0,0,10842000,10814000,28000,USD,3838253000,4125000,None,None,3367107000,471146000,0,2666624000,374287000,94011000,23654000,145909000,722127000,158521000,2666624000,None,None,-3310000,21523000,394397000,3162313000,309862000,224214000,11662000,676829000,4234000,2666624000,0,0,374287000,11250000,97321000,-16717000,None,109986000,None,3443856000,None,676829000,23654000,700483000,None,None,None,8315000,3838253000,382735000,None,30000000,USD,-148112000,1894000,-148969000,126000,72916000,168079000,97393000,None,10842000,33038000,13928000,-1314000,1110000,-2275000,45000,0,38000,1003000,857000,393000,None,33038000,19.3,18.69
