,fiscalDateEnding,reportedCurrency_x,totalRevenue,totalOperatingExpense,costOfRevenue,grossProfit,ebit,netIncome_x,researchAndDevelopment,effectOfAccountingCharges,incomeBeforeTax,minorityInterest,sellingGeneralAdministrative,otherNonOperatingIncome,operatingIncome,otherOperatingExpense,interestExpense,taxProvision,interestIncome,netInterestIncome,extraordinaryItems,nonRecurring,otherItems,incomeTaxExpense,totalOtherIncomeExpense,discontinuedOperations,netIncomeFromContinuingOperations,netIncomeApplicableToCommonShares,preferredStockAndOtherAdjustments,reportedCurrency_y,totalAssets,intangibleAssets,earningAssets,otherCurrentAssets,totalLiabilities,totalShareholderEquity,deferredLongTermLiabilities,otherCurrentLiabilities,commonStock,retainedEarnings,otherLiabilities,goodwill,otherAssets,cash,totalCurrentLiabilities,shortTermDebt,currentLongTermDebt,otherShareholderEquity,propertyPlantEquipment,totalCurrentAssets,longTermInvestments,netTangibleAssets,shortTermInvestments,netReceivables,longTermDebt,inventory,accountsPayable,totalPermanentEquity,additionalPaidInCapital,commonStockTotalEquity,preferredStockTotalEquity,retainedEarningsTotalEquity,treasuryStock,accumulatedAmortization,otherNonCurrrentAssets,deferredLongTermAssetCharges,totalNonCurrentAssets,capitalLeaseObligations,totalLongTermDebt,otherNonCurrentLiabilities,totalNonCurrentLiabilities,negativeGoodwill,warrants,preferredStockRedeemable,capitalSurplus,liabilitiesAndShareholderEquity,cashAndShortTermInvestments,accumulatedDepreciation,commonStockSharesOutstanding,reportedCurrency,investments,changeInLiabilities,cashflowFromInvestment,otherCashflowFromInvestment,netBorrowings,cashflowFromFinancing,otherCashflowFromFinancing,changeInOperatingActivities,netIncome_y,changeInCash,operatingCashflow,otherOperatingCashflow,depreciation,dividendPayout,stockSaleAndPurchase,changeInInventory,changeInAccountReceivables,changeInNetIncome,capitalExpenditures,changeInReceivables,changeInExchangeRate,changeInCashAndCashEquivalents,clossingVal,nextClossingVal
0,2020-06-30,USD,550002000,78412000,461002000,89000000,10588000,7643000,None,None,10593000,None,77420000,None,10588000,None,-5000,2950000,None,5000,None,992000,None,2950000,-992000,None,7643000,7643000,None,USD,954340000,7698000,None,13450000,343127000,611213000,20170000,None,289000,537233000,23354000,73602000,1157000,165943000,308207000,None,None,-45937000,65387000,791741000,None,529913000,None,446716000,None,165632000,308207000,None,None,289000,None,537233000,None,None,15912000,None,162599000,11566000,None,14750000,34920000,None,None,None,119628000,954340000,165943000,None,None,USD,-3619000,34440000,-3619000,None,None,384000,384000,8268000,7643000,54620000,57855000,1827000,3355000,0,0,-28647000,37806000,1431000,3619000,37806000,None,54620000,46.36,
1,2020-03-31,USD,711850000,92468000,598732000,113118000,20650000,14896000,None,None,20742000,None,92468000,None,20650000,-32000,-92000,5846000,92000,92000,None,None,None,5846000,92000,None,14896000,14896000,None,USD,913192000,8002000,None,13971000,310630000,602562000,20170000,None,289000,529590000,20770000,73602000,1075000,111323000,277309000,None,None,-45937000,65754000,748983000,None,520958000,None,486704000,None,136985000,277309000,None,None,289000,None,529590000,-45937000,None,16851000,None,164209000,12551000,None,13151000,33321000,None,None,None,118620000,913192000,111323000,None,26000000,USD,-4595000,-22704000,-4595000,None,None,-18698000,-49000,-10603000,14896000,21263000,44556000,-3398000,3147000,-8427000,-10222000,-12319000,61477000,3457000,4595000,61477000,None,21263000,41.21,46.36
2,2019-12-31,USD,716627000,86510000,600514000,116113000,30310000,21966000,None,None,29866000,None,86510000,707000,29603000,-32000,-103000,7900000,263000,None,None,None,None,7900000,707000,None,21966000,21966000,None,USD,937335000,8307000,None,10671000,340023000,597312000,20170000,9244000,288000,514694000,20770000,73602000,947000,90060000,308923000,None,None,-35715000,64226000,776411000,None,515403000,None,551014000,None,124666000,308923000,None,None,288000,None,514694000,-35715000,None,14789000,None,160924000,14646000,None,10930000,31100000,None,None,None,118045000,937335000,90060000,None,26345000,USD,-5035000,42346000,-5035000,-25656000,None,25000,-1113000,-1014000,21966000,-8429000,-3419000,-2247000,3130000,0,1138000,1412000,-70563000,537000,22084000,-70563000,None,-8429000,49.66,41.21
3,2019-09-30,USD,729410000,86226000,610547000,118863000,32637000,23750000,None,None,32699000,None,86226000,None,32637000,-32000,-62000,8949000,62000,62000,None,None,None,8949000,62000,None,23750000,23750000,None,USD,870648000,8613000,None,6881000,287504000,583144000,17194000,3325000,288000,501155000,18648000,73602000,892000,98489000,257470000,None,None,-35600000,62336000,710355000,None,500929000,None,478907000,None,126078000,257470000,None,None,288000,None,501155000,-35600000,None,15742000,None,160293000,11386000,None,12840000,30034000,None,None,None,117301000,870648000,98489000,None,26000000,USD,-6744000,-62734000,-6744000,None,None,-1199000,-337000,-1069000,23750000,28750000,36693000,317000,3107000,0,-862000,49826000,21478000,949000,6744000,21478000,None,28750000,38.9,49.66
4,2019-06-30,USD,741076000,84664000,624089000,116987000,32323000,23668000,None,None,32507000,None,84664000,None,32323000,-36000,-184000,8839000,184000,184000,None,None,None,8839000,184000,None,23668000,23668000,None,USD,911802000,8918000,None,7054000,351635000,560167000,17194000,4724000,288000,477405000,18673000,73602000,980000,69739000,321235000,None,None,-34738000,59468000,753665000,None,477647000,None,500968000,None,175904000,321235000,None,None,288000,None,477405000,-34738000,None,16149000,None,158137000,11727000,None,13206000,30400000,None,None,None,117212000,911802000,69739000,None,26000000,USD,-7305000,62443000,-7305000,None,None,-1657000,550000,6646000,23668000,-23731000,-14769000,263000,3368000,0,-2207000,-38239000,-66362000,90000,7305000,-66362000,None,-23731000,34.98,38.9
5,2019-03-31,USD,632921000,81938000,533574000,99347000,17409000,12727000,None,None,17607000,None,81235000,None,17409000,-36000,-198000,4880000,198000,198000,None,703000,None,4880000,-703000,None,12727000,12727000,None,USD,828449000,9223000,None,7261000,290857000,537592000,17184000,4692000,288000,453737000,18761000,73602000,1092000,93470000,258881000,4536000,4536000,-32531000,55438000,672344000,None,454767000,None,433948000,13215000,137665000,258881000,None,None,288000,None,453737000,-32531000,None,17842000,None,156105000,13215000,None,14792000,31976000,None,None,None,116098000,828449000,93470000,None,27000000,USD,-6572000,2672000,-6572000,None,None,-9759000,-13000,3992000,12727000,1767000,18098000,3441000,3709000,-8452000,-1294000,-18470000,13494000,525000,6572000,13494000,None,1767000,36.67,34.98
6,2018-12-31,USD,709520000,80485000,602718000,106802000,29295000,21300000,0,0,28883000,0,79518000,2978000,26317000,-36000,-145000,None,None,None,0,967000,0,7583000,4577000,0,21300000,21300000,None,USD,805355000,9564000,None,9661000,279452000,525903000,17184000,26208000,288000,441010000,19653000,73602000,1211000,91703000,259799000,None,None,-31237000,51799000,669179000,None,442737000,None,448620000,None,119195000,259799000,None,None,288000,None,441010000,-31237000,None,1211000,None,136176000,None,None,2469000,19653000,None,None,None,115842000,805355000,91703000,None,26396000,USD,None,41589000,-5597000,-21238000,None,-10529000,-181000,6769000,21300000,-10540000,5586000,1751000,3701000,1000,-10349000,-13912000,-49009000,166000,18063000,-49009000,None,-10540000,29.73,36.67
7,2018-09-30,USD,658504000,81494000,558060000,100444000,18950000,13766000,0,0,19064000,0,81494000,None,18950000,-36000,-114000,None,None,None,0,0,0,5298000,114000,0,13766000,13766000,None,USD,750227000,9924000,None,6068000,226985000,523242000,16125000,2629000,287000,428162000,17961000,73602000,1442000,102243000,209024000,None,None,-20246000,48176000,617083000,None,439716000,0,403489000,0,105283000,209024000,0,0,287000,0,428162000,-20246000,None,1442000,None,133144000,None,None,1836000,17961000,None,None,None,115039000,750227000,102243000,None,27000000,USD,None,-44082000,-5714000,0,None,-458000,-457000,-7792000,13766000,33563000,39735000,766000,3633000,-1000,0,2166000,62429000,1057000,5714000,62429000,None,33563000,38.89,29.73
8,2018-06-30,USD,706570000,82521000,599102000,107468000,24947000,18226000,0,0,25129000,0,82521000,None,24947000,0,-182000,None,None,None,0,0,0,6903000,182000,0,18226000,18226000,None,USD,780954000,10284000,None,6279000,271293000,509661000,16125000,8433000,287000,414396000,17980000,73602000,3721000,68680000,253313000,None,None,-20246000,46012000,647335000,1890000,425775000,0,464927000,0,107449000,253313000,0,0,287000,0,414396000,-20246000,None,1831000,None,133619000,None,None,1855000,17980000,None,None,None,115224000,780954000,68680000,None,27000000,USD,None,60400000,-4920000,0,-859000,-1641000,-13000,11204000,18226000,-2287000,4274000,-512000,3429000,-9122000,-782000,-21867000,-55937000,535000,4920000,-55937000,None,-2287000,33.2,38.89
9,2018-03-31,USD,624895000,80900000,528523000,96372000,15472000,11300000,0,0,15588000,0,80900000,None,15472000,0,-116000,None,None,None,0,0,0,4288000,116000,0,11300000,11300000,None,USD,703570000,10645000,None,6437000,211611000,491959000,16125000,3087000,287000,396170000,17996000,73602000,3604000,70967000,193615000,859000,859000,-18859000,44019000,571700000,1890000,407712000,0,408714000,0,85582000,192756000,0,0,287000,0,396170000,-18859000,None,1714000,None,131870000,None,None,1871000,17996000,None,None,None,114361000,703570000,70967000,None,27000000,USD,None,-46941000,-5007000,0,859000,-11260000,None,-3579000,11300000,20977000,37244000,841000,3300000,-9122000,-2997000,10302000,57389000,1053000,5007000,57389000,None,20977000,25.0,33.2
10,2017-12-31,USD,762267000,77634000,662737000,99530000,21896000,20723000,0,0,21974000,0,77634000,None,21896000,19000,-78000,None,None,None,0,0,0,1251000,-3538000,0,20723000,20723000,None,USD,747851000,11025000,None,5737000,265599000,482252000,15696000,53758000,287000,383673000,1888000,73602000,90265000,49990000,248015000,None,None,-15862000,41491000,616095000,None,397625000,0,453615000,0,106753000,248015000,0,0,287000,0,383673000,-15862000,None,5638000,None,131756000,None,None,1888000,17584000,None,None,None,114154000,747851000,49990000,None,26853000,USD,None,38178000,-3859000,0,None,552000,-113000,-6025000,20723000,-12348000,-9041000,-226000,3194000,-9041000,665000,-29000,-39457000,-3323000,3859000,-67558000,None,-12348000,26.21,25.0
11,2017-09-30,USD,729230000,74404000,633087000,96143000,21739000,13117000,0,0,21731000,0,74404000,None,21739000,-57000,8000,None,None,None,0,0,0,8614000,0,0,13117000,13117000,None,USD,691882000,11393000,None,5185000,221964000,469918000,19766000,35232000,287000,372072000,2083000,73602000,90313000,62338000,200115000,None,None,-15862000,40077000,561492000,None,384923000,0,387245000,0,106724000,200115000,0,0,287000,0,372072000,-15862000,None,5318000,None,130390000,None,None,2083000,21849000,None,None,None,113421000,691882000,62338000,None,27000000,USD,None,-33872000,-3413000,0,859000,-499000,-500000,-11291000,13117000,34207000,38119000,489000,2935000,-9041000,1000,11502000,28101000,678000,3413000,43270000,None,34207000,28.19,26.21
12,2017-06-30,USD,749792000,77230000,650122000,99670000,22440000,13585000,0,0,22449000,0,77230000,None,22440000,57000,-9000,None,None,None,0,0,0,8864000,0,0,13585000,13585000,None,USD,713329000,11759000,None,5517000,256204000,457125000,19766000,47027000,286000,358955000,2068000,73602000,90811000,28131000,234370000,None,None,-15862000,39601000,582917000,None,371764000,0,431043000,0,118226000,234370000,0,0,286000,0,358955000,-15862000,None,5450000,None,130412000,None,None,2068000,21834000,None,None,None,113746000,713329000,28131000,None,27000000,USD,None,21951000,-3044000,0,859000,603000,-500000,-819000,13585000,-37624000,-35183000,-7663000,2855000,-9041000,603000,-18253000,15169000,396000,3044000,-48054000,None,-37624000,27.06,28.19
13,2017-03-31,USD,670594000,75281000,583861000,86733000,11452000,7432000,0,0,11471000,0,75281000,None,11452000,-19000,-19000,None,None,None,0,0,0,4039000,0,0,7432000,7432000,None,USD,676492000,12151000,None,5604000,233757000,442735000,19640000,39651000,286000,345370000,2600000,73602000,87104000,65755000,211517000,None,None,-15862000,38650000,550738000,None,356982000,0,379406000,0,99973000,211517000,0,0,286000,0,345370000,-15862000,None,1351000,None,125754000,None,None,2600000,22240000,None,None,None,112941000,676492000,65755000,None,27000000,USD,None,-10113000,-1487000,0,None,-7363000,-500000,-2898000,7432000,16575000,25425000,1038000,2855000,-9041000,1678000,-9438000,32885000,766000,1487000,32885000,None,16575000,29.79,27.06
14,2016-12-31,USD,735548000,76222000,637425000,98123000,21954000,12997000,0,0,21887000,0,76222000,None,21901000,0,67000,None,None,None,0,0,0,8890000,-3473000,0,12997000,12997000,None,USD,686134000,12586000,None,5453000,252692000,433442000,19602000,52392000,285000,337938000,2836000,73602000,87561000,49180000,230254000,None,None,-15862000,39402000,559171000,None,347254000,0,414003000,0,90535000,230254000,0,0,285000,0,337938000,-15862000,None,1373000,None,126963000,None,None,2836000,22438000,None,None,None,111081000,686134000,49180000,None,26609000,USD,None,18236000,-12146000,-9007000,None,639000,16000,-5026000,12997000,-17703000,-6196000,-1960000,2949000,-10591000,623000,11447000,-33835000,3500000,3139000,-53365000,None,-17703000,28.09,29.79
15,2016-09-30,USD,708485000,74522000,611518000,96967000,22418000,13593000,0,0,22418000,0,74522000,-27000,22445000,0,0,None,None,None,0,0,0,8825000,0,0,13593000,13593000,None,USD,647733000,12142000,None,4109000,218960000,428773000,13871000,43186000,284000,333982000,2284000,67510000,80845000,66883000,202805000,None,None,None,34287000,532601000,None,349121000,0,359627000,0,101982000,202805000,0,0,284000,0,333982000,-15862000,None,1193000,None,115132000,None,None,2284000,16155000,None,None,None,110369000,647733000,66883000,None,27000000,USD,None,-35732000,-2964000,0,None,-232000,-232000,1583000,13593000,19584000,22780000,1583000,2701000,-10591000,0,10512000,19530000,223000,2964000,29900000,None,19584000,26.42,28.09
16,2016-06-30,USD,676165000,72864000,582291000,93874000,20998000,12458000,0,0,20998000,0,72864000,-12000,21010000,0,0,None,None,None,0,0,0,8540000,0,0,12458000,12458000,None,USD,670174000,12586000,None,5348000,255092000,415082000,13733000,47342000,284000,320389000,2834000,67510000,81174000,47299000,238525000,None,None,None,33765000,555235000,None,334986000,0,390094000,0,112494000,238525000,0,0,284000,0,320389000,-15862000,None,1078000,None,114939000,None,None,2834000,16567000,None,None,None,110271000,670174000,47299000,None,27000000,USD,None,70568000,-37687000,-33983000,None,473000,-585000,838000,12458000,-43681000,-6467000,838000,2387000,-10591000,473000,-14989000,10370000,583000,3704000,-78312000,None,-43681000,23.8,26.42
17,2016-03-31,USD,572394000,67029000,490201000,82193000,15150000,9063000,0,0,15150000,0,67029000,-14000,15164000,0,0,None,None,None,0,0,0,6087000,0,0,9063000,9063000,None,USD,570479000,1518000,None,5131000,168684000,401795000,13740000,37949000,284000,307931000,2764000,51276000,53974000,90980000,152180000,None,None,None,32113000,484392000,None,349001000,0,290932000,0,97349000,152180000,0,0,284000,0,307931000,-15862000,None,1180000,None,86087000,None,None,2764000,16504000,None,None,None,109442000,570479000,90980000,None,27000000,USD,None,-59515000,-2078000,0,None,-10599000,-8000,-2056000,9063000,10792000,23469000,-2056000,2416000,-10591000,0,5431000,67942000,188000,2078000,67942000,None,10792000,25.81,23.8
18,2015-12-31,USD,684323000,68960000,592472000,91851000,22958000,13613000,0,0,22871000,0,68960000,None,22891000,-35000,87000,None,None,None,0,0,0,9258000,-58000,0,13613000,13613000,None,USD,639074000,1668000,None,4254000,246623000,392451000,21615000,55487000,284000,298868000,3005000,51276000,53996000,80188000,222003000,None,None,None,32227000,552851000,None,339507000,0,365629000,0,102780000,222003000,0,0,284000,0,298868000,-15862000,None,1052000,None,86223000,None,None,3005000,24620000,None,None,None,109161000,639074000,80188000,None,26498000,USD,None,12155000,-2718000,-450000,None,482000,-16000,5593000,13613000,3321000,5557000,-243000,2364000,-9122000,498000,-207000,-64215000,2828000,2268000,-24953000,None,3321000,22.64,25.81
19,2015-09-30,USD,680769000,66707000,592201000,88568000,21832000,13001000,0,0,21832000,0,66707000,-29000,21861000,0,0,None,None,None,0,0,0,8831000,10000,0,13001000,13001000,None,USD,610082000,1393000,None,4632000,221416000,388666000,18859000,38780000,283000,295846000,2723000,51276000,53842000,76867000,199834000,None,None,None,32400000,523840000,None,335997000,0,339768000,0,102573000,199834000,0,0,283000,0,295846000,-15862000,None,1173000,None,86242000,None,None,2723000,21582000,None,None,None,108399000,610082000,76867000,None,27000000,USD,None,-5453000,-4317000,0,None,-144000,-144000,None,13001000,4370000,8831000,1466000,2227000,0,0,-3998000,39262000,260000,4317000,1328000,None,4370000,20.73,22.64
