,fiscalDateEnding,reportedCurrency_x,totalRevenue,totalOperatingExpense,costOfRevenue,grossProfit,ebit,netIncome_x,researchAndDevelopment,effectOfAccountingCharges,incomeBeforeTax,minorityInterest,sellingGeneralAdministrative,otherNonOperatingIncome,operatingIncome,otherOperatingExpense,interestExpense,taxProvision,interestIncome,netInterestIncome,extraordinaryItems,nonRecurring,otherItems,incomeTaxExpense,totalOtherIncomeExpense,discontinuedOperations,netIncomeFromContinuingOperations,netIncomeApplicableToCommonShares,preferredStockAndOtherAdjustments,reportedCurrency_y,totalAssets,intangibleAssets,earningAssets,otherCurrentAssets,totalLiabilities,totalShareholderEquity,deferredLongTermLiabilities,otherCurrentLiabilities,commonStock,retainedEarnings,otherLiabilities,goodwill,otherAssets,cash,totalCurrentLiabilities,shortTermDebt,currentLongTermDebt,otherShareholderEquity,propertyPlantEquipment,totalCurrentAssets,longTermInvestments,netTangibleAssets,shortTermInvestments,netReceivables,longTermDebt,inventory,accountsPayable,totalPermanentEquity,additionalPaidInCapital,commonStockTotalEquity,preferredStockTotalEquity,retainedEarningsTotalEquity,treasuryStock,accumulatedAmortization,otherNonCurrrentAssets,deferredLongTermAssetCharges,totalNonCurrentAssets,capitalLeaseObligations,totalLongTermDebt,otherNonCurrentLiabilities,totalNonCurrentLiabilities,negativeGoodwill,warrants,preferredStockRedeemable,capitalSurplus,liabilitiesAndShareholderEquity,cashAndShortTermInvestments,accumulatedDepreciation,commonStockSharesOutstanding,reportedCurrency,investments,changeInLiabilities,cashflowFromInvestment,otherCashflowFromInvestment,netBorrowings,cashflowFromFinancing,otherCashflowFromFinancing,changeInOperatingActivities,netIncome_y,changeInCash,operatingCashflow,otherOperatingCashflow,depreciation,dividendPayout,stockSaleAndPurchase,changeInInventory,changeInAccountReceivables,changeInNetIncome,capitalExpenditures,changeInReceivables,changeInExchangeRate,changeInCashAndCashEquivalents,clossingVal,nextClossingVal
0,2020-04-30,USD,317160000,232388000,147014000,170146000,-62242000,-56202000,None,None,-77235000,None,113007000,None,-62242000,None,14993000,-21033000,-14993000,-14993000,None,119381000,None,-21033000,4752000,None,-56202000,-56202000,None,USD,2237286000,None,None,7725000,1741477000,495809000,3200000,44588000,325000,437943000,27243000,None,589531000,360792000,185379000,772000,772000,None,186655000,1196870000,530385000,495809000,None,623430000,1172987000,204923000,140019000,None,None,325000,None,437943000,-66290000,None,276630000,None,46746000,387235000,1172987000,383111000,1556098000,None,None,None,123831000,2237286000,360792000,None,None,USD,-16682000,3366000,-16682000,None,145362000,144095000,-1444000,12451000,-56202000,279937000,152524000,5000,11866000,None,177000,14833000,22999000,137850000,16682000,38721000,None,279937000,6.76,
1,2020-01-31,USD,411407000,204867000,188038000,223369000,17408000,1378000,None,None,2245000,None,132018000,-1094000,18502000,None,15163000,867000,84519000,-15163000,None,72849000,None,-35761000,-1094000,None,38006000,1378000,None,USD,2168769000,None,None,11445000,1541589000,627180000,3500000,47627000,321000,570636000,24703000,None,694415000,80855000,162270000,605000,605000,None,173031000,1058866000,663761000,627180000,None,746810000,1025535000,219756000,114038000,None,None,321000,None,570636000,-66290000,None,12055000,None,18599000,364471000,1025535000,353784000,1379319000,None,None,None,122513000,2168769000,80855000,None,31000000,USD,-9222000,-52867000,-9222000,724000,56053000,48621000,-366000,-25176000,1378000,26936000,-12463000,-3113000,13088000,None,-7066000,27859000,-104922000,108322000,9222000,-107130000,None,26936000,8.76,6.76
2,2019-10-31,USD,377708000,172031000,170453000,207255000,35224000,15143000,None,None,20173000,None,125608000,None,35224000,None,15051000,5030000,87484000,-15051000,None,46423000,None,5030000,-3837000,None,15143000,15143000,None,USD,2156825000,None,None,10861000,1526448000,630377000,4700000,49539000,320000,569258000,26306000,None,695853000,53919000,212831000,607000,607000,None,172341000,1047752000,660521000,630377000,None,735358000,965063000,247614000,162685000,None,None,320000,None,569258000,-59071000,None,12424000,None,22908000,360789000,965063000,348554000,1313617000,None,None,None,119870000,2156825000,53919000,None,30000000,USD,-14270000,8611000,-14270000,724000,15540000,-10678000,-404000,-13490000,15143000,-21863000,3085000,-16966000,11689000,None,-25814000,-34102000,-66246000,69414000,81654000,-52028000,None,-21863000,24.19,8.76
3,2019-07-31,USD,401059000,177220000,182065000,218994000,41774000,19974000,None,None,27378000,None,127484000,None,41774000,None,14396000,7404000,85204000,-14396000,None,49736000,None,7404000,9590000,None,19974000,19974000,None,USD,2146225000,None,None,9948000,1509490000,636735000,5200000,44627000,320000,554114000,26400000,None,691251000,75782000,206099000,2558000,2558000,None,174225000,1032042000,653831000,636735000,None,732799000,945981000,213513000,158914000,None,None,320000,None,554114000,-34344000,None,11808000,None,25612000,364408000,945981000,357410000,1303391000,None,None,None,116645000,2146225000,75782000,None,32000000,USD,-20211000,26970000,-20211000,None,1892000,-31601000,-668000,-10556000,19974000,-12028000,39784000,12923000,11267000,None,-32825000,-411000,-87477000,76718000,46449000,-106333000,None,-12028000,20.8,24.19
4,2019-04-30,USD,353512000,157265000,157228000,196284000,39019000,19509000,None,None,24522000,None,117914000,None,39019000,None,14497000,5013000,-14497000,-14497000,None,39351000,None,5013000,695000,None,19509000,19509000,None,USD,2090284000,None,None,14279000,1442465000,647819000,5700000,35275000,319000,534141000,23529000,None,34114000,87810000,188448000,25191000,25191000,None,153696000,1019202000,652879000,647819000,None,704011000,914743000,213102000,127982000,None,None,319000,None,534141000,None,None,9251000,None,24863000,335196000,919250000,334767000,1254017000,None,None,None,113359000,2090284000,87810000,None,32000000,USD,-13119000,-36513000,-13119000,None,-12317000,-13668000,-1754000,-20612000,19509000,22873000,49660000,-4924000,10625000,None,403000,6932000,-8352000,60883000,13119000,-6852000,None,22873000,25.87,20.8
5,2019-01-31,USD,771713000,184183000,195033000,576680000,53766000,29476000,0,0,38546000,0,126613000,None,53766000,0,15220000,9070000,None,None,0,57570000,0,-36788000,11861000,0,75334000,29476000,None,USD,1884907000,None,None,9169000,1264932000,619975000,93127000,22006000,318000,508472000,126142000,None,721530000,64937000,237568000,54109000,54109000,None,148983000,1014394000,686344000,619975000,None,720254000,901222000,220034000,161453000,None,None,318000,None,508472000,None,None,7651000,27535000,870513000,None,901222000,33015000,1027364000,None,None,None,111185000,1884907000,64937000,None,32000000,USD,-10205000,-28831000,-10205000,None,32437000,31900000,-719000,-6939000,29476000,-8598000,-30293000,4523000,10167000,None,182000,7129000,-124550000,76800000,55423000,-129557000,None,-8598000,20.94,25.87
6,2018-10-31,USD,657698000,171465000,166886000,490812000,35473000,14630000,0,0,20375000,0,118380000,None,35473000,0,15098000,None,None,None,0,53085000,0,5745000,-5537000,0,14630000,14630000,None,USD,1841012000,0,None,15164000,1253978000,587034000,90410000,22206000,317000,478997000,112636000,0,684119000,73535000,220976000,804000,None,None,146326000,1010567000,654320000,587034000,70043000,694704000,916472000,227164000,197966000,0,0,317000,0,478997000,0,None,6642000,None,23157000,None,920366000,22226000,1033002000,None,None,None,107720000,1841012000,73535000,None,32000000,USD,None,16167000,-10443000,0,1867000,1444000,-644000,11498000,14630000,17443000,26442000,-1334000,10241000,0,221000,-31436000,-75864000,68770000,10443000,-50596000,None,17443000,27.78,20.94
7,2018-07-31,USD,680933000,171741000,173627000,507306000,37885000,17011000,0,0,22319000,0,120690000,-1367000,39252000,0,15566000,None,None,None,0,51051000,0,5308000,-300000,0,17011000,17011000,None,USD,1796501000,0,None,13831000,1226854000,569647000,85255000,22763000,317000,464366000,108790000,0,677709000,56092000,201983000,1149000,917230000,None,142631000,976161000,647494000,569647000,51657000,710510000,912303000,195728000,178071000,0,0,317000,0,464366000,0,None,7129000,None,23086000,None,916081000,23535000,1024871000,None,None,None,104964000,1796501000,56092000,None,32000000,USD,None,21365000,-5997000,0,-40799000,-41138000,-906000,16054000,17011000,-26822000,20313000,1833000,10864000,0,567000,-5415000,-78696000,67167000,5997000,-92492000,None,-26822000,33.9,27.78
8,2018-04-30,USD,634143000,159034000,166589000,467554000,32358000,12732000,0,0,15538000,0,114878000,-406000,32764000,0,16820000,None,None,None,0,44156000,0,2806000,0,0,12732000,12732000,None,USD,1784749000,0,None,15664000,1235094000,549655000,85729000,21361000,316000,447356000,111585000,0,662222000,82914000,193974000,23180000,23180000,None,141314000,981213000,635508000,549655000,76724000,692323000,929535000,190312000,149433000,0,0,316000,0,447356000,0,None,4662000,None,22052000,None,929535000,25856000,1041120000,None,None,None,101983000,1784749000,82914000,None,32000000,USD,None,37299000,-6169000,0,-140540000,-142414000,-2141000,2733000,12732000,-13244000,135339000,15928000,10952000,0,267000,21582000,-21635000,59344000,6169000,-22518000,None,-13244000,25.5,33.9
9,2018-01-31,USD,754847000,175048000,200497000,554350000,44474000,3201000,0,0,26456000,0,117889000,-367000,44841000,0,106112000,None,None,None,0,57159000,0,23255000,-15031000,0,3201000,3201000,None,USD,1900799000,0,None,31592000,1365731000,535068000,87003000,22475000,314000,433667000,111515000,0,677630000,96158000,164111000,907000,1091012000,None,143152000,1080017000,650608000,535068000,86872000,740373000,1090105000,211894000,140729000,0,0,314000,0,433667000,0,None,5457000,21565000,820782000,None,1090105000,24512000,1201620000,None,None,None,101087000,1900799000,96158000,None,32000000,USD,None,-66876000,-4923000,-23826000,1125662000,32843000,2131000,1280000,3201000,-3456000,-31376000,-14959000,10857000,0,307000,23585000,-230201000,124921000,4923000,-112105000,None,-3456000,33.3,25.5
10,2017-10-31,USD,664980000,176728000,175591000,489389000,20392000,1569000,0,0,2297000,0,114355000,-461000,20853000,0,18095000,None,None,None,0,62373000,0,728000,0,0,1569000,1569000,None,USD,1874389000,0,None,14721000,1344998000,529391000,87152000,22018000,314000,430466000,109397000,0,695504000,83841000,262323000,65651000,65651000,None,144747000,1034138000,616665000,529391000,71099000,700097000,973278000,235479000,174654000,0,0,314000,0,430466000,0,None,6285000,72554000,840251000,None,973278000,22245000,1082675000,None,None,None,98611000,1874389000,83841000,None,32000000,USD,None,16159000,-5860000,0,-9310000,-8612000,-408000,2320000,1569000,-22276000,-7804000,837000,10292000,0,1106000,-38711000,126654000,78037000,5860000,-75987000,None,-22276000,30.75,33.3
11,2017-07-31,USD,653060000,165149000,172306000,480754000,27095000,4273000,0,0,7056000,0,111632000,-2097000,29192000,0,-20039000,None,None,None,0,53517000,0,2783000,0,0,4273000,4273000,None,USD,1875063000,0,None,14530000,1349786000,525277000,85538000,20955000,312000,428897000,110258000,0,682621000,121454000,178808000,906000,1061626000,None,154788000,1037654000,601990000,525277000,86436000,704902000,1060720000,196768000,156947000,0,0,312000,0,428897000,0,None,8196000,72435000,837409000,None,1060720000,24720000,1170978000,None,None,None,96068000,1875063000,121454000,None,31000000,USD,None,2896000,-1849000,0,-76754000,-75729000,-624000,13908000,4273000,-77801000,-223000,2232000,11038000,0,1649000,-25769000,53563000,63372000,1849000,-58265000,None,-77801000,21.4,30.75
12,2017-04-30,USD,635111000,163694000,171950000,463161000,19833000,-2580000,0,0,-4175000,0,106537000,-349000,20182000,0,-24008000,None,None,None,0,57157000,0,-1595000,0,0,-2580000,-2580000,None,USD,2010606000,0,None,16737000,1493558000,517048000,86727000,21390000,310000,424624000,112479000,0,673620000,272860000,174627000,1190000,1190000,None,158928000,1178058000,593329000,517048000,160041000,717462000,1206452000,170999000,152047000,0,0,310000,0,424624000,0,None,8963000,71328000,832548000,None,1206452000,25752000,1318931000,None,None,None,92114000,2010606000,272860000,None,31000000,USD,None,5682000,-4286000,0,2436000,2775000,83000,-2105000,-2580000,89253000,90764000,-2105000,12896000,0,256000,-6143000,13239000,69775000,4286000,13239000,None,89253000,17.6,21.4
13,2017-01-31,USD,1107244000,186732000,217373000,889871000,28700000,-74000,0,0,3589000,0,113346000,None,28700000,0,120327000,None,None,None,0,73386000,0,3663000,-6478000,0,-74000,-74000,None,USD,1941134000,0,None,14955000,1423344000,517790000,87957000,21821000,310000,427204000,111570000,0,694259000,134264000,167381000,849000,1145242000,None,159202000,1087673000,615904000,517790000,110698000,773598000,1144393000,164856000,144711000,0,0,310000,0,427204000,0,None,6913000,71442000,853461000,None,1144393000,23613000,1255963000,None,None,None,90276000,1941134000,134264000,None,31000000,USD,None,-18304000,5368000,10120000,1163148000,-62986000,609000,26189000,-74000,-35499000,22119000,-1175000,12517000,0,444000,39681000,-224363000,78574000,44751000,-89100000,None,-35499000,10.55,17.6
14,2016-10-31,USD,684806000,168008000,192374000,492432000,16391000,-3815000,0,0,-7079000,0,114457000,None,16391000,0,-23470000,None,None,None,0,53551000,0,-3264000,0,0,-3815000,-3815000,None,USD,2080634000,0,None,13810000,1563941000,516693000,89294000,21360000,309000,427278000,111848000,0,729343000,190044000,193084000,752000,752000,None,171753000,1179538000,619159000,516693000,130979000,771147000,1259009000,204537000,170972000,0,0,309000,0,427278000,0,None,35497000,66910000,893319000,None,1259009000,22554000,1370857000,None,None,None,89106000,2080634000,190044000,None,31000000,USD,None,20056000,-9784000,0,2183000,2201000,-188000,2696000,-3815000,43530000,51113000,2696000,12788000,0,206000,-12895000,131943000,78600000,4671000,-46317000,None,43530000,9.5,10.55
15,2016-07-31,USD,730156000,182937000,208869000,521287000,6351000,-11924000,0,0,-17787000,0,119846000,None,6351000,0,-24138000,None,None,None,0,63091000,0,-5863000,0,0,-11924000,-11924000,None,USD,1997178000,0,None,16482000,1477538000,519640000,88452000,19701000,308000,431093000,109305000,0,691381000,86516000,186285000,761000,761000,None,174815000,1130982000,586870000,519640000,70981000,836342000,1181948000,191642000,165823000,0,0,308000,0,431093000,0,None,25002000,70919000,857606000,None,1181948000,20853000,1291253000,None,None,None,88239000,1997178000,86516000,None,31000000,USD,None,23534000,-15034000,-10000,-4253000,-4218000,-198000,-2077000,-11924000,3993000,23245000,-2077000,13219000,0,233000,-10099000,78096000,78429000,23472000,-67837000,None,3993000,7.11,9.5
16,2016-04-30,USD,389113000,171991000,204466000,184647000,12656000,-9749000,0,0,-13240000,0,113247000,None,12656000,0,25896000,None,None,None,0,58744000,0,-3491000,0,0,-9749000,-9749000,None,USD,1996825000,0,None,19300000,1466610000,530215000,82848000,17298000,307000,443017000,100768000,0,699712000,105614000,162481000,769000,769000,None,163626000,1133487000,596889000,530215000,94072000,904851000,1203361000,181543000,144414000,0,0,307000,0,443017000,0,None,25002000,None,785517000,None,1203361000,17920000,1304129000,None,None,None,86891000,1996825000,105614000,None,31000000,USD,None,10349000,-16300000,696000,-93228000,-93065000,-222000,864000,-9749000,-712000,108653000,864000,14366000,0,385000,20426000,16253000,76905000,16996000,-4508000,None,-712000,13.74,7.11
17,2016-01-31,USD,166230000,-1142080000,-1425621000,1591851000,25596000,1061000,0,0,1675000,0,-754462000,None,25596000,0,23921000,None,None,None,0,-387618000,0,614000,-8044000,0,1061000,1061000,None,USD,2025300000,0,None,20092000,1487019000,538281000,74559000,16332000,306000,452766000,92015000,0,710817000,90830000,146125000,799000,1249678000,None,151483000,1163000000,631645000,538281000,78576000,850109000,1248879000,201969000,128994000,0,0,306000,0,452766000,0,None,8953000,70219000,862300000,None,1248879000,17456000,1340894000,None,None,None,85209000,2025300000,90830000,None,36000000,USD,None,-75593000,-16700000,38000,128282000,28711000,-89000,-35812000,1061000,-96817000,-108828000,-2208000,12695000,0,-99482000,36184000,-432382000,80569000,110072000,-161536000,None,-96817000,12.32,13.74
18,2015-10-31,USD,395233000,174416000,202901000,192332000,16549000,-2421000,0,0,-3153000,0,116208000,-1367000,17916000,0,19702000,None,None,None,0,58208000,0,-732000,0,0,-2421000,-2421000,None,USD,2088843000,0,None,17958000,1453635000,635208000,69412000,16636000,346000,451705000,91250000,0,672050000,206995000,203639000,830000,None,None,139163000,1277630000,595127000,635208000,97924000,891447000,1158746000,238153000,186173000,0,0,346000,0,451705000,0,None,None,None,734290000,None,1158746000,21838000,1249996000,None,None,None,183157000,2088843000,206995000,None,36000000,USD,None,35424000,-11437000,5574000,216983000,165488000,-161000,None,-2421000,102203000,-51848000,-752000,11203000,0,-51334000,-64576000,0,-26109000,17011000,-103806000,None,102203000,18.97,12.32
19,2015-07-31,USD,396050000,157491000,202461000,193589000,36098000,16538000,0,0,26043000,0,105845000,None,36098000,0,10055000,None,None,None,0,51646000,0,9505000,0,0,16538000,16538000,None,USD,1752072000,0,None,17198000,1063451000,688621000,62669000,16215000,365000,454126000,85128000,0,632764000,6868000,167083000,789000,None,None,133674000,985634000,583082000,688621000,0,837673000,811240000,173577000,150079000,0,0,365000,0,454126000,0,None,None,None,716756000,None,811240000,22459000,896368000,None,None,None,234130000,1752072000,6868000,None,37000000,USD,None,19003000,-20054000,0,90155000,91760000,259000,None,16538000,1909000,-69797000,-139000,6637000,0,1346000,-44188000,0,159800000,20054000,-128259000,None,1909000,34.52,18.97
