,fiscalDateEnding,reportedCurrency_x,totalRevenue,totalOperatingExpense,costOfRevenue,grossProfit,ebit,netIncome_x,researchAndDevelopment,effectOfAccountingCharges,incomeBeforeTax,minorityInterest,sellingGeneralAdministrative,otherNonOperatingIncome,operatingIncome,otherOperatingExpense,interestExpense,taxProvision,interestIncome,netInterestIncome,extraordinaryItems,nonRecurring,otherItems,incomeTaxExpense,totalOtherIncomeExpense,discontinuedOperations,netIncomeFromContinuingOperations,netIncomeApplicableToCommonShares,preferredStockAndOtherAdjustments,reportedCurrency_y,totalAssets,intangibleAssets,earningAssets,otherCurrentAssets,totalLiabilities,totalShareholderEquity,deferredLongTermLiabilities,otherCurrentLiabilities,commonStock,retainedEarnings,otherLiabilities,goodwill,otherAssets,cash,totalCurrentLiabilities,shortTermDebt,currentLongTermDebt,otherShareholderEquity,propertyPlantEquipment,totalCurrentAssets,longTermInvestments,netTangibleAssets,shortTermInvestments,netReceivables,longTermDebt,inventory,accountsPayable,totalPermanentEquity,additionalPaidInCapital,commonStockTotalEquity,preferredStockTotalEquity,retainedEarningsTotalEquity,treasuryStock,accumulatedAmortization,otherNonCurrrentAssets,deferredLongTermAssetCharges,totalNonCurrentAssets,capitalLeaseObligations,totalLongTermDebt,otherNonCurrentLiabilities,totalNonCurrentLiabilities,negativeGoodwill,warrants,preferredStockRedeemable,capitalSurplus,liabilitiesAndShareholderEquity,cashAndShortTermInvestments,accumulatedDepreciation,commonStockSharesOutstanding,reportedCurrency,investments,changeInLiabilities,cashflowFromInvestment,otherCashflowFromInvestment,netBorrowings,cashflowFromFinancing,otherCashflowFromFinancing,changeInOperatingActivities,netIncome_y,changeInCash,operatingCashflow,otherOperatingCashflow,depreciation,dividendPayout,stockSaleAndPurchase,changeInInventory,changeInAccountReceivables,changeInNetIncome,capitalExpenditures,changeInReceivables,changeInExchangeRate,changeInCashAndCashEquivalents,clossingVal,nextClossingVal
0,2020-06-30,USD,630000000,419000000,248000000,382000000,305000000,73000000,None,None,110000000,-4000000,171000000,None,211000000,None,177000000,37000000,76000000,-101000000,None,None,None,37000000,None,None,73000000,72000000,None,USD,17300000000,2817000000,None,None,15155000000,2149000000,None,None,1000000,1034000000,2339000000,120000000,1588000000,1041000000,474000000,None,None,None,223000000,6452000000,5709000000,-788000000,None,322000000,12645000000,None,345000000,None,None,None,None,None,None,None,197000000,None,10848000000,121000000,None,1865000000,14681000000,None,None,None,None,None,None,None,None,USD,-18000000,672000000,-18000000,None,-822000000,-882000000,-60000000,-161000000,73000000,456000000,1356000000,None,18000000,None,None,None,None,652000000,18000000,None,None,None,12.44,
1,2020-03-31,USD,278000000,444000000,246000000,32000000,-28000000,-168000000,None,None,-239000000,-4000000,198000000,None,-166000000,None,192000000,-68000000,118000000,-74000000,None,None,None,-68000000,1000000,None,-171000000,-168000000,None,USD,17613000000,3176000000,None,None,15547000000,2070000000,None,None,1000000,961000000,2487000000,120000000,1783000000,579000000,555000000,None,None,None,222000000,6063000000,5955000000,-1226000000,None,333000000,12712000000,None,407000000,None,None,None,None,None,None,None,372000000,None,11550000000,125000000,12244000000,1932000000,14992000000,None,None,None,1108000000,None,579000000,None,91000000,USD,4000000,-255000000,4000000,43000000,-406000000,-481000000,-70000000,609000000,-168000000,233000000,710000000,None,19000000,None,None,None,None,429000000,39000000,None,None,None,7.33,12.44
2,2019-12-31,USD,740000000,438000000,254000000,486000000,471000000,463000000,None,None,240000000,-1000000,184000000,None,302000000,None,207000000,-221000000,146000000,-61000000,None,None,None,-221000000,-1000000,None,461000000,461000000,None,USD,18305000000,3576000000,None,5483000000,16074000000,2232000000,None,None,1000000,1122000000,2728000000,120000000,1581000000,329000000,625000000,4398000000,4398000000,None,233000000,12642000000,0,-1464000000,None,126000000,13209000000,None,423000000,None,None,None,None,None,None,None,236000000,None,5663000000,135000000,12649000000,2105000000,15449000000,None,None,None,1109000000,None,329000000,None,92000000,USD,-59000000,-16000000,-59000000,258000000,-641000000,-701000000,-59000000,525000000,463000000,-30000000,730000000,None,24000000,None,-302000000,None,None,-347000000,104000000,None,None,None,12.51,7.33
3,2019-09-30,USD,618000000,478000000,250000000,368000000,325000000,84000000,None,None,107000000,1000000,228000000,None,140000000,None,196000000,24000000,163000000,-33000000,None,None,None,24000000,-60000000,None,83000000,83000000,None,USD,18478000000,3439000000,None,5742000000,16711000000,1766000000,None,None,1000000,659000000,2630000000,120000000,1032000000,371000000,670000000,64000000,64000000,None,239000000,13309000000,0,-1793000000,None,374000000,13941000000,None,523000000,None,None,None,None,None,None,None,339000000,None,5169000000,137000000,13312000000,1963000000,16041000000,None,None,None,1106000000,None,371000000,None,92000000,USD,-37000000,-100000000,-37000000,213000000,165000000,106000000,-60000000,786000000,84000000,93000000,24000000,None,22000000,None,-134000000,None,None,-844000000,56000000,None,None,None,10.62,12.51
4,2019-06-30,USD,399000000,492000000,238000000,161000000,94000000,-87000000,None,None,-117000000,2000000,254000000,None,-93000000,None,187000000,-29000000,162000000,-25000000,None,None,None,-29000000,1000000,None,-88000000,-87000000,None,USD,18405000000,3616000000,None,4619000000,16727000000,1676000000,None,None,1000000,575000000,2793000000,120000000,1359000000,245000000,691000000,None,None,None,254000000,12940000000,114000000,-2060000000,None,220000000,13782000000,None,625000000,None,None,None,None,None,None,None,306000000,None,5465000000,148000000,13059000000,2106000000,16036000000,None,None,None,1100000000,None,245000000,None,91000000,USD,-260000000,248000000,-242000000,194000000,683000000,626000000,-110000000,669000000,-87000000,29000000,-337000000,None,24000000,None,-307000000,None,None,-894000000,296000000,None,None,None,8.01,10.62
5,2019-03-31,USD,250000000,443000000,215000000,35000000,-23000000,-186000000,None,None,-233000000,3000000,441000000,None,-193000000,None,189000000,-47000000,-55000000,-55000000,None,None,None,-47000000,15000000,None,-186000000,-186000000,None,USD,17646000000,116000000,None,3456000000,15888000000,1758000000,None,21500000,1000000,662000000,2489000000,109000000,1363000000,181000000,570000000,89000000,89000000,None,245000000,12255000000,118000000,-1955000000,None,155000000,12477000000,None,483000000,None,None,None,None,None,None,None,291000000,None,5391000000,142000000,12477000000,1922000000,15315000000,None,None,None,1095000000,None,181000000,None,91000000,USD,18000000,-217000000,18000000,158000000,-291000000,-344000000,-53000000,518000000,-186000000,-41000000,285000000,None,21000000,None,-127000000,None,None,-230000000,140000000,None,None,None,9.59,8.01
6,2018-12-31,USD,252000000,370000000,73000,252000000,-118000000,-136000000,0,0,-178000000,3000000,370000000,None,-118000000,0,-171000000,None,None,None,0,0,0,-42000000,-60000000,0,-136000000,-144000000,None,USD,16973000000,3793000000,None,2902000000,15028000000,1942000000,None,19700000,1000000,848000000,2562000000,23000000,1211000000,242000000,2396000000,2128000000,2128000000,None,96000000,11850000000,7934000000,-1874000000,None,8706000000,10070000000,None,None,None,None,None,None,None,None,None,None,None,None,None,10070000000,None,None,None,None,None,1093000000,None,242000000,None,92000000,USD,-3664000,28000000,-200000000,-481800000,-800000000,-844000000,-44000000,1023000000,-136000000,31000000,1075000000,None,-79000000,None,None,None,None,239000000,1000000,None,None,None,11.67,9.59
7,2018-09-30,USD,506000000,517000000,498000000,506000000,-11000000,956000000,0,0,-42000000,3000000,517000000,None,-11000000,0,-175000000,None,None,None,0,0,0,-998000000,-31000000,0,956000000,947000000,None,USD,17728000000,3617000000,None,2974000000,15650000000,2078000000,0,10000000,1000000,984000000,2149000000,3000000,1111000000,198000000,3100000000,2710000000,2710000000,None,102000000,12895000000,8886000000,-1542000000,15000000,9677000000,10396000000,1681000000,165000000,1056000000,1147000000,1000000,0,885000000,-151000000,None,None,None,None,None,None,None,None,None,None,None,None,None,None,None,92000000,USD,-3664000,-7961000,-215664000,-1000000,-3159000000,-3326500000,-158500000,2433539000,956000000,-1071192000,2470972000,None,199000000,0,0,0,-11000,-1335174000,54000000,None,None,None,1.39,11.67
8,2018-06-30,USD,1029807000,695224000,-135000,1029807000,334583000,223583000,0,0,290583000,3000000,695286000,None,334583000,-62000,-335000000,None,None,None,0,0,0,67000000,-44000000,0,223583000,232783000,None,USD,610563000,0,None,576487000,12559000,85991000,4600000,None,2000,72839000,273000,0,4600000,29058000,12286000,None,None,None,0,605963000,None,85991000,575779000,48000,0,0,1000,0,0,0,503713000,0,0,None,None,None,None,None,None,None,None,None,None,None,None,None,None,None,99000000,USD,3170000,0,3170000,-1000000,-3159000000,-3326500000,-158500000,-501000,223583000,745000,-2425000,None,199000000,-1000000,0,0,13000,59000,54000000,None,None,None,1.34,1.39
9,2018-03-31,USD,2193000,7776000,62000,2131000,-5583000,-5583000,0,0,-5583000,3000000,7714000,None,-5583000,0,-122000000,None,None,None,0,0,0,0,0,0,-5583000,-5783000,None,USD,608925000,0,None,577203000,17301000,87911000,0,None,2000,87768000,8700000,0,928000,27890000,8601000,None,None,None,0,607997000,None,87911000,576202000,None,0,0,1000,0,0,0,503713000,0,0,None,None,None,None,None,None,None,None,None,None,None,None,None,None,None,99000000,USD,494000,-39000,494000,-3000000,-1250000000,-3500000,-2500000,6960000,-5583000,-1553000,1453000,None,-16000000,-1000000,0,0,0,115000,14000000,None,None,None,1.42,1.34
10,2017-12-31,USD,1961000,12404000,-352981000,7871000,-6801000,18882000,0,0,13882000,0,8542000,None,-44723000,93000,-184788000,None,None,None,0,0,0,-5000000,32605000,0,-12529000,-4585000,None,USD,614121000,0,None,583194000,16816000,597305000,0,39000,2000,93551000,16816000,0,8417000,26709000,4740000,None,None,None,0,612045000,None,93592000,578936000,None,0,0,1000,0,0,0,503713000,0,0,None,None,None,None,None,None,None,None,None,None,None,None,None,None,None,99000000,USD,73048000,-231000,73048000,0,-18774000,-36824000,None,-4466000,25882000,29807000,-6417000,None,0,-18050000,0,0,128000,-27602000,0,None,None,None,0.8491,1.42
11,2017-09-30,USD,406000000,2209000,353000000,0,78000,7000000,0,0,12000000,-1000000,0,None,38000000,44000,183000000,None,None,None,0,0,0,5000000,0,0,38411000,7000000,None,USD,732738000,0,None,696010000,14598000,718140000,0,13831000,2000,107095000,738000,0,129867000,25542000,0,None,None,None,0,0,None,215927000,577220000,None,0,0,29000,0,0,0,502213000,0,0,None,None,None,None,None,None,None,None,None,None,None,None,None,None,None,99000000,USD,13616000,-2000,66305000,0,-18226000,-32274000,-2500000,-1354000,7000000,-10508000,-10980000,None,0,-13500000,0,0,78000,-38453000,0,None,None,None,0.95,0.8491
12,2017-06-30,USD,807000000,0,707000000,0,0,-39113000,0,0,0,1000000,0,None,71000000,0,381000000,None,None,None,0,0,0,0,0,0,0,0,None,USD,717027000,0,None,None,32900000,684127000,0,13741000,2000,73184000,933000,0,105351000,36050000,0,None,None,None,0,0,None,None,575458000,None,18226000,0,0,0,0,0,502213000,0,0,None,None,None,None,None,None,None,None,None,None,None,None,None,None,None,17000000,USD,None,None,52689000,0,None,-9548000,None,None,-3535000,None,-9582000,None,0,-9000000,0,0,19000,None,0,None,None,None,1.25,0.95
13,2017-03-31,USD,1610000,0,0,0,0,17789000,0,0,0,0,0,None,-240000,0,610000,None,None,None,0,0,0,0,0,0,0,0,None,USD,747631000,0,None,None,37853000,709778000,0,14033000,2000,99008000,5397000,0,151746000,21728000,0,None,None,None,0,0,None,None,573942000,None,18423000,0,0,0,0,0,502213000,0,0,None,None,None,None,None,None,None,None,None,None,None,None,None,None,None,18000000,USD,None,None,27539000,0,None,-4851000,None,None,17789000,None,-3451000,None,0,-4500000,0,0,0,None,0,None,None,None,1.45,1.25
14,2016-12-31,USD,1223000,6680000,-927000,6065000,-1284000,140386000,0,0,140386000,0,2165000,None,357000,306000,622000,None,None,None,0,0,0,0,202984000,0,201700000,135886000,None,USD,736190000,0,None,656361000,39841000,696349000,0,14288000,2000,85719000,6726000,0,160165000,2491000,1595000,18774000,18774000,None,0,706477000,None,194136000,573347000,None,18774000,0,53000,0,0,0,502213000,0,0,None,None,None,None,None,None,None,None,None,None,None,None,None,None,None,101000000,USD,21980000,-491000,21980000,0,-2969000,-20969000,None,-7149000,140386000,-5526000,-6537000,None,0,-18000000,0,0,48000,-200597000,0,None,None,None,1.55,1.45
15,2016-09-30,USD,1284000,0,258000,0,0,-39054000,0,0,-22409000,0,1357000,None,144000,0,636000,None,None,None,0,0,0,0,0,0,0,-17909000,None,USD,661975000,0,None,None,101686000,560289000,0,13968000,2000,-50167000,68150000,0,85777000,3029000,0,None,None,None,0,0,None,None,572916000,None,19558000,0,10000,0,0,0,502213000,0,0,None,None,None,None,None,None,None,None,None,None,None,None,None,None,None,17000000,USD,None,None,16451000,0,None,-15685000,None,None,61314000,None,-7661000,None,0,-13500000,0,0,0,None,0,None,None,None,2.34,1.55
16,2016-06-30,USD,1389000,0,213000,0,0,22409000,0,0,22409000,0,1492000,None,-221000,0,665000,None,None,None,0,0,0,0,0,0,0,17909000,None,USD,668347000,0,None,None,87088000,581259000,0,14123000,2000,-29022000,52382000,0,91592000,3516000,0,None,None,None,0,0,None,None,573004000,None,20450000,0,133000,0,0,0,502213000,0,0,None,None,None,None,None,None,None,None,None,None,None,None,None,None,None,20000000,USD,None,None,11011000,0,None,-10293000,None,None,22409000,None,-7126000,None,0,-9000000,0,0,0,None,0,None,None,None,2.22,2.34
17,2016-03-31,USD,1500000,0,465000,0,0,55550000,0,0,55550000,0,2029000,None,-325000,0,693000,None,None,None,0,0,0,0,0,0,0,51050000,None,USD,674117000,0,None,None,110912000,563205000,0,14240000,2000,-46931000,76014000,0,100927000,1185000,0,None,None,None,0,0,None,None,571739000,None,20450000,0,208000,0,0,0,502213000,0,0,None,None,None,None,None,None,None,None,None,None,None,None,None,None,None,20000000,USD,None,None,934000,0,None,-5793000,None,None,55550000,None,-3880000,None,0,-4500000,0,0,0,None,0,None,None,None,2.34,2.22
18,2015-12-31,USD,1292000,20281000,-1185000,7115000,-14281000,10068000,0,0,10068000,0,2057000,None,-905000,456000,860000,None,None,None,0,0,0,0,-47552000,0,-61833000,5568000,None,USD,685060000,0,None,575362000,173069000,511991000,0,14626000,2000,-97981000,136295000,0,103461000,9924000,1030000,21743000,21743000,None,0,651770000,None,9778000,571440000,None,21743000,0,405000,0,0,0,502213000,0,0,None,None,None,None,None,None,None,None,None,None,None,None,None,None,None,17000000,USD,-39127000,-333000,-39127000,0,-9477000,554215000,-19310000,-8477000,10068000,500908000,-14180000,None,0,-16998000,0,0,241000,56463000,0,None,None,None,2.59,2.34
19,2015-09-30,USD,1488000,0,70000,0,0,148548000,0,0,0,0,2504000,None,-14029000,0,937000,None,None,None,0,0,0,0,0,0,0,0,None,USD,710224000,0,None,None,203969000,506255000,0,25687000,2000,-103549000,149328000,0,112217000,15350000,0,None,None,None,0,0,None,None,582374000,None,28808000,0,146000,0,0,0,502213000,0,0,None,None,None,None,None,None,None,None,None,None,None,None,None,None,None,17000000,USD,None,None,-45810000,0,None,565780000,None,None,-3919000,None,-582629000,None,0,-12498000,0,0,193000,None,0,None,None,None,2.6,2.59
