,fiscalDateEnding,reportedCurrency_x,totalRevenue,totalOperatingExpense,costOfRevenue,grossProfit,ebit,netIncome_x,researchAndDevelopment,effectOfAccountingCharges,incomeBeforeTax,minorityInterest,sellingGeneralAdministrative,otherNonOperatingIncome,operatingIncome,otherOperatingExpense,interestExpense,taxProvision,interestIncome,netInterestIncome,extraordinaryItems,nonRecurring,otherItems,incomeTaxExpense,totalOtherIncomeExpense,discontinuedOperations,netIncomeFromContinuingOperations,netIncomeApplicableToCommonShares,preferredStockAndOtherAdjustments,reportedCurrency_y,totalAssets,intangibleAssets,earningAssets,otherCurrentAssets,totalLiabilities,totalShareholderEquity,deferredLongTermLiabilities,otherCurrentLiabilities,commonStock,retainedEarnings,otherLiabilities,goodwill,otherAssets,cash,totalCurrentLiabilities,shortTermDebt,currentLongTermDebt,otherShareholderEquity,propertyPlantEquipment,totalCurrentAssets,longTermInvestments,netTangibleAssets,shortTermInvestments,netReceivables,longTermDebt,inventory,accountsPayable,totalPermanentEquity,additionalPaidInCapital,commonStockTotalEquity,preferredStockTotalEquity,retainedEarningsTotalEquity,treasuryStock,accumulatedAmortization,otherNonCurrrentAssets,deferredLongTermAssetCharges,totalNonCurrentAssets,capitalLeaseObligations,totalLongTermDebt,otherNonCurrentLiabilities,totalNonCurrentLiabilities,negativeGoodwill,warrants,preferredStockRedeemable,capitalSurplus,liabilitiesAndShareholderEquity,cashAndShortTermInvestments,accumulatedDepreciation,commonStockSharesOutstanding,reportedCurrency,investments,changeInLiabilities,cashflowFromInvestment,otherCashflowFromInvestment,netBorrowings,cashflowFromFinancing,otherCashflowFromFinancing,changeInOperatingActivities,netIncome_y,changeInCash,operatingCashflow,otherOperatingCashflow,depreciation,dividendPayout,stockSaleAndPurchase,changeInInventory,changeInAccountReceivables,changeInNetIncome,capitalExpenditures,changeInReceivables,changeInExchangeRate,changeInCashAndCashEquivalents,clossingVal,nextClossingVal
0,2020-06-30,USD,88565000,52069000,1234000,87331000,36272000,28327000,26497000,None,36272000,None,25572000,1010000,35262000,None,None,7945000,1010000,1010000,None,None,None,7945000,None,None,28327000,28327000,None,USD,497823000,None,None,5323000,44125000,453698000,None,3505000,121000,34837000,396000,None,51199000,58523000,42243000,None,None,-62974000,619000,438333000,4200000,453698000,346835000,22725000,None,4927000,40224000,None,None,121000,None,34837000,None,None,8008000,None,35470000,3505000,None,396000,396000,None,None,None,481714000,497823000,405358000,None,None,USD,-85897000,7748000,-85944000,None,None,6804000,-63000,5292000,28327000,-25954000,53186000,-617000,124000,None,6867000,86000,3959000,13559000,47000,3959000,None,-25954000,16.82,
1,2020-03-31,USD,93247000,53658000,1878000,91369000,39182000,30065000,26123000,None,39182000,None,27535000,1471000,37711000,None,None,9117000,1471000,1471000,None,None,None,9117000,None,None,30065000,30065000,None,USD,445494000,None,None,5693000,36005000,409489000,None,3112000,120000,6510000,389000,None,55066000,84477000,34075000,None,None,-62669000,880000,344776000,41690000,409489000,222838000,26684000,None,5084000,32504000,None,None,120000,None,6510000,-62979000,None,6523000,None,40562000,3112000,None,389000,389000,None,None,None,465528000,445494000,307315000,None,122000000,USD,19776000,-4815000,19734000,19776000,None,205000,None,-2206000,30065000,53208000,33269000,196000,238000,None,205000,1328000,-6756000,13013000,42000,-6756000,None,53208000,11.89,16.82
2,2019-12-31,USD,87895000,51446000,1436000,86459000,36460000,29381000,24312000,None,36460000,None,27134000,1447000,35013000,None,None,7079000,1444000,1444000,None,None,None,7079000,1444000,None,29381000,29381000,None,USD,412312000,None,None,6044000,41130000,371182000,None,1558000,120000,-23555000,386000,None,61106000,31269000,38841000,None,None,-62443000,1050000,307358000,39352000,371182000,244693000,19928000,None,5424000,37283000,None,None,120000,None,-23555000,-62704000,None,6894000,None,45677000,3461000,None,2289000,2289000,None,None,None,457060000,412312000,275962000,None,114549000,USD,-61854000,5882000,-61989000,-116740000,None,-144000,-1920000,2158000,29381000,-13679000,48454000,-1881000,229000,None,1776000,-390000,2477000,12756000,135000,2477000,None,-13679000,12.1,11.89
3,2019-09-30,USD,81505000,47050000,1451000,80054000,34352000,26340000,22805000,None,34352000,None,24245000,1348000,33004000,None,None,8012000,1348000,1348000,None,None,None,8012000,2696000,None,26340000,26340000,None,USD,367022000,None,None,7798000,32646000,334376000,None,770000,119000,-52936000,250000,None,62493000,44948000,32396000,None,None,-59418000,1227000,267310000,35250000,334376000,186697000,22405000,None,5462000,31626000,None,None,119000,None,-52936000,-59732000,None,892000,None,50804000,770000,None,250000,250000,None,None,None,446611000,367022000,231645000,None,122000000,USD,-54030000,2420000,-54316000,-54886000,None,2696000,-4169000,1571000,26340000,-13193000,38427000,-1970000,211000,None,2696000,889000,-2631000,13168000,286000,-2631000,None,-13193000,14.135,12.1
4,2019-06-30,USD,72257000,46247000,1377000,70880000,25811000,20186000,21656000,None,25811000,None,24591000,1178000,24633000,None,None,5625000,1178000,1178000,None,None,None,5625000,2356000,None,20186000,20186000,None,USD,328679000,None,None,6202000,30626000,298053000,None,1148000,118000,-79276000,245000,None,69576000,58141000,30381000,None,None,-59411000,1177000,232655000,24165000,298053000,143396000,19774000,None,5142000,29233000,None,None,118000,None,-79276000,-59732000,None,1256000,None,56700000,1148000,None,245000,245000,None,None,None,436622000,328679000,201537000,None,122000000,USD,-746000,-3464000,-1156000,-856000,None,-15908000,-4169000,-2121000,20186000,8491000,25555000,-969000,167000,None,-15908000,-2453000,-556000,12644000,410000,-556000,None,8491000,11.15,14.135
5,2019-03-31,USD,64829000,44633000,1240000,63589000,20053000,18274000,20244000,None,20053000,None,24389000,1097000,18956000,None,None,1779000,1097000,1097000,None,None,None,1779000,1097000,None,18274000,18274000,None,USD,320212000,None,None,5741000,34457000,285755000,None,1521000,118000,-99462000,239000,None,72116000,49650000,34218000,1521000,1521000,-42218000,925000,216864000,28842000,285755000,137255000,19218000,None,5000000,32697000,None,None,118000,None,-99462000,-42312000,None,1540000,None,61681000,1521000,None,239000,239000,None,None,None,427317000,320212000,186905000,None,124000000,USD,-110000,-2987000,-367000,-110000,None,-15289000,-4169000,-2323000,18274000,8025000,23681000,1396000,96000,None,-11120000,910000,-1630000,7622000,257000,-1630000,None,8025000,11.74,11.15
6,2018-12-31,USD,66831000,40354000,1579000,65252000,25940000,22008000,18794000,0,25940000,0,21560000,1042000,24898000,0,0,None,None,None,0,0,0,3932000,1042000,0,22008000,22008000,None,USD,311694000,None,None,7740000,35812000,275882000,None,1542000,117000,-117736000,239000,None,74219000,41625000,35573000,None,None,-70000,655000,236820000,None,275882000,165135000,17588000,None,4732000,35573000,None,None,117000,None,-117736000,-23657000,None,50000,None,62659000,None,None,239000,239000,None,None,None,417228000,311694000,206760000,None,115031000,USD,-1644000,-4469000,-1757000,-90469000,None,-12031000,None,-2438000,22008000,7731000,21519000,-4163000,73000,None,-12031000,-3433000,1772000,9731000,113000,1772000,None,7731000,13.36,11.74
7,2018-09-30,USD,64445000,40168000,1308000,63137000,23728000,17747000,18860000,0,23728000,0,21308000,759000,22969000,0,0,None,None,None,0,0,0,5981000,759000,0,17747000,17747000,None,USD,299751000,0,None,4275000,40206000,259545000,0,1583000,116000,-139744000,None,0,73539000,33894000,40206000,None,None,-8981000,540000,224191000,1481000,259545000,161300000,19360000,0,5362000,40206000,0,0,116000,0,-139744000,-8904000,None,53000,66126000,68200000,None,None,None,None,None,None,None,408154000,299751000,195194000,None,126000000,USD,-33461000,9331000,-33506000,0,None,-8270000,None,1078000,17747000,2729000,44505000,-1170000,58000,0,-8270000,-2275000,9344000,11470000,45000,9344000,None,2729000,14.02,13.36
8,2018-06-30,USD,62312000,40524000,1154000,61158000,21196000,18196000,20543000,0,21196000,0,19981000,562000,20634000,0,0,None,None,None,0,0,0,3000000,562000,0,18196000,18196000,None,USD,274382000,0,None,3579000,30873000,243509000,0,687000,116000,-157491000,None,0,76655000,31165000,30873000,None,None,-127000,552000,197175000,None,243509000,128780000,28704000,0,4947000,30873000,0,0,116000,0,-157491000,0,None,53000,71102000,71707000,None,None,None,None,None,None,None,401011000,274382000,159945000,None,128000000,USD,-21148000,3209000,-21211000,0,None,4044000,None,4429000,18196000,-1956000,15211000,-603000,57000,0,4044000,-2661000,-11443000,8436000,63000,-11423000,None,-1956000,15.72,14.02
9,2018-03-31,USD,57659000,35490000,1174000,56485000,21289000,17459000,17050000,0,21289000,0,18440000,294000,20995000,0,0,None,None,None,0,0,0,3830000,294000,0,17459000,17459000,None,USD,242976000,0,None,3324000,27749000,215227000,0,728000,115000,-175687000,None,0,76566000,33121000,27749000,None,None,-152000,577000,150823000,15010000,215227000,92241000,17261000,0,4876000,27749000,0,0,115000,0,-175687000,0,None,73000,73583000,89243000,None,None,None,None,None,None,None,390951000,242976000,125362000,None,128000000,USD,-34216000,-1903000,-34293000,0,None,1922000,None,11074000,17459000,2059000,34430000,-856000,48000,0,1922000,590000,-1961000,8177000,77000,10915000,None,2059000,16.45,15.72
10,2017-12-31,USD,53280000,30426000,1157000,52123000,21562000,98330000,13631000,0,21885000,0,16795000,-135000,21697000,0,-537000,None,None,None,0,0,0,-76445000,-49000,0,98330000,98330000,None,USD,220537000,0,None,2669000,29569000,190968000,0,20990000,115000,-193146000,None,0,95834000,31062000,29569000,None,None,-75000,518000,124185000,15281000,190968000,57682000,28196000,0,4576000,29569000,0,0,115000,0,-193146000,0,None,50000,76703000,92552000,None,None,None,None,None,None,None,384074000,220537000,88744000,None,114717000,USD,-27419000,3969000,-27448000,0,-15134000,2567000,None,-4301000,98330000,2000,24883000,13356000,48000,0,2567000,-1918000,-5440000,-72578000,29000,-16324000,None,2000,18.06,16.45
11,2017-09-30,USD,42763000,28164000,976000,41787000,13709000,13757000,11693000,0,13709000,0,16471000,86000,13623000,0,37000,None,None,None,0,0,0,-48000,0,0,13757000,13757000,None,USD,110672000,0,None,3086000,24370000,86302000,0,18144000,114000,-291476000,None,0,16177000,31060000,24370000,None,None,-14000,553000,93942000,1508000,86302000,44096000,11872000,0,3828000,24370000,0,0,114000,0,-291476000,0,None,12989000,None,15050000,None,None,None,None,None,None,None,377678000,110672000,75156000,None,114082000,USD,-11565000,8545000,-11647000,0,-4613000,-1841000,None,-9092000,13757000,-2563000,10925000,-13499000,76000,0,2772000,791000,2012000,3623000,82000,-2368000,None,-2563000,19.3,18.06
12,2017-06-30,USD,35559000,21989000,775000,34784000,12795000,12647000,7876000,0,12697000,0,14113000,None,12795000,0,98000,None,None,None,0,0,0,50000,0,0,12647000,12647000,None,USD,86537000,0,None,2527000,20392000,66145000,0,13737000,113000,-305233000,None,0,4753000,33623000,20392000,4573000,4573000,-17000,499000,81285000,1494000,66145000,32542000,9504000,0,3089000,15819000,0,0,113000,0,-305233000,0,None,49000,None,2042000,None,None,None,None,None,None,None,371282000,86537000,66165000,None,113362000,USD,-14750000,159000,-14948000,0,-5689000,-4971000,None,1610000,12647000,-4353000,15566000,-728000,164000,0,718000,409000,356000,3205000,198000,-290000,None,-4353000,11.8,19.3
13,2017-03-31,USD,27599000,22213000,646000,26953000,4740000,4388000,7176000,0,4515000,0,15037000,None,4740000,0,225000,None,None,None,0,0,0,127000,0,0,4388000,4388000,None,USD,75339000,0,None,1799000,25759000,49580000,0,11399000,113000,-317880000,None,0,8362000,37976000,25759000,10107000,10107000,-12000,302000,66675000,4493000,49580000,14798000,9214000,0,2888000,15652000,0,0,113000,0,-317880000,0,None,49000,None,4844000,None,None,None,None,None,None,None,367359000,75339000,52774000,None,113112000,USD,-19303000,2942000,-19413000,0,-4832000,-3708000,None,1119000,4388000,-13560000,9561000,140000,288000,0,1124000,-1544000,646000,2701000,110000,646000,None,-13560000,10.96,11.8
14,2016-12-31,USD,23811000,18243000,561000,23250000,5007000,4597000,6484000,0,4597000,0,11759000,None,5007000,0,410000,None,None,None,0,0,0,0,-2039000,0,4597000,4597000,None,USD,68753000,0,None,1964000,27374000,41379000,0,10420000,113000,-322268000,None,0,2859000,51536000,27374000,14664000,14664000,None,205000,65689000,None,41379000,0,9860000,0,2329000,12710000,0,0,113000,0,-322268000,0,None,24000,None,229000,None,None,None,None,None,None,None,363534000,68753000,51536000,None,112710000,USD,-73037000,-248000,-75000,0,-4433000,-823000,None,4670000,4597000,3671000,4569000,-643000,387000,0,3610000,143000,-3639000,1957000,75000,-1624000,None,3671000,7.26,10.96
15,2016-09-30,USD,21725000,17985000,668000,21057000,3072000,2585000,7054000,0,2585000,0,10931000,None,3072000,0,487000,None,None,None,0,0,0,0,0,0,2585000,2585000,None,USD,62930000,0,None,1353000,31683000,31247000,0,8649000,111000,-326865000,None,0,3004000,47865000,31683000,18725000,18725000,-12000,145000,59781000,None,31247000,0,8236000,0,2327000,12958000,0,0,111000,0,-326865000,0,None,24000,None,169000,None,None,None,None,None,None,None,358001000,62930000,47865000,None,110881000,USD,-19303000,4081000,-90000,0,-4036000,-2769000,None,105000,2585000,6076000,8935000,105000,481000,0,1267000,-1213000,2015000,1831000,90000,1065000,None,6076000,6.5,7.26
16,2016-06-30,USD,19724000,17790000,426000,19298000,1508000,977000,5672000,0,977000,0,12118000,None,1508000,0,531000,None,None,None,0,0,0,0,0,0,977000,977000,None,USD,56838000,0,None,1554000,31178000,25660000,0,6796000,110000,-329450000,None,0,1984000,41789000,27434000,18557000,18557000,-12000,76000,54778000,None,25660000,0,9301000,3744000,2134000,8877000,0,0,110000,0,-329450000,0,None,24000,None,100000,None,3744000,None,3744000,None,None,None,355000000,56838000,41789000,None,110481000,USD,-19303000,1174000,-7000,0,-3269000,-538000,None,-320000,977000,1045000,1590000,-320000,553000,0,2731000,98000,3080000,1657000,7000,-2549000,None,1045000,5.46,6.5
17,2016-03-31,USD,16061000,15066000,403000,15658000,592000,-19000,4634000,0,-19000,0,10432000,None,592000,0,611000,None,None,None,0,0,0,0,0,0,-19000,-19000,None,USD,52912000,0,None,1106000,32744000,20168000,0,5621000,110000,-330427000,None,0,2305000,40744000,24025000,16322000,None,None,93000,50514000,None,20168000,0,6752000,8719000,1912000,7703000,0,0,110000,0,-330427000,0,None,25000,None,118000,None,8719000,None,8719000,None,None,None,350485000,52912000,40744000,None,109671000,USD,None,1792000,-22000,0,-3041000,-2966000,None,None,-19000,309000,3297000,-464000,616000,0,75000,290000,531000,1613000,22000,-531000,None,309000,4.68,5.46
18,2015-12-31,USD,14967000,11955000,1361000,13606000,1651000,959000,4089000,0,959000,0,7866000,None,1651000,0,692000,None,None,None,0,0,0,0,-2965000,0,959000,959000,None,USD,51937000,0,None,642000,33439000,18498000,0,158000,110000,-330408000,None,0,2859000,40435000,20876000,14965000,14965000,None,98000,48980000,None,18498000,0,6221000,12563000,1682000,5753000,0,0,110000,0,-330408000,0,None,59000,None,157000,None,12563000,None,12563000,None,None,None,348796000,51937000,40435000,None,109642000,USD,-73037000,651000,17000,0,-2764000,-195000,None,3008000,959000,3985000,4163000,542000,682000,0,2569000,112000,-2887000,1493000,17000,-276000,None,3985000,4.98,4.68
19,2015-09-30,USD,13261000,13159000,226000,13261000,102000,-601000,3612000,0,-601000,0,9547000,None,102000,0,703000,None,None,None,0,0,0,0,0,0,-601000,-601000,None,USD,48377000,0,None,1180000,34900000,13477000,0,79000,109000,-331367000,None,0,3055000,36450000,18767000,13507000,None,None,143000,45179000,None,13477000,0,5945000,16133000,1604000,5181000,0,0,109000,0,-331367000,0,None,65000,None,208000,None,16133000,None,16133000,None,None,None,344735000,48377000,36450000,None,108745000,USD,None,-136000,-34000,0,-2490000,-1481000,None,None,-601000,-598000,883000,58000,736000,0,1009000,277000,2611000,1543000,34000,-994000,None,-598000,3.76,4.98
