,fiscalDateEnding,reportedCurrency_x,totalRevenue,totalOperatingExpense,costOfRevenue,grossProfit,ebit,netIncome_x,researchAndDevelopment,effectOfAccountingCharges,incomeBeforeTax,minorityInterest,sellingGeneralAdministrative,otherNonOperatingIncome,operatingIncome,otherOperatingExpense,interestExpense,taxProvision,interestIncome,netInterestIncome,extraordinaryItems,nonRecurring,otherItems,incomeTaxExpense,totalOtherIncomeExpense,discontinuedOperations,netIncomeFromContinuingOperations,netIncomeApplicableToCommonShares,preferredStockAndOtherAdjustments,reportedCurrency_y,totalAssets,intangibleAssets,earningAssets,otherCurrentAssets,totalLiabilities,totalShareholderEquity,deferredLongTermLiabilities,otherCurrentLiabilities,commonStock,retainedEarnings,otherLiabilities,goodwill,otherAssets,cash,totalCurrentLiabilities,shortTermDebt,currentLongTermDebt,otherShareholderEquity,propertyPlantEquipment,totalCurrentAssets,longTermInvestments,netTangibleAssets,shortTermInvestments,netReceivables,longTermDebt,inventory,accountsPayable,totalPermanentEquity,additionalPaidInCapital,commonStockTotalEquity,preferredStockTotalEquity,retainedEarningsTotalEquity,treasuryStock,accumulatedAmortization,otherNonCurrrentAssets,deferredLongTermAssetCharges,totalNonCurrentAssets,capitalLeaseObligations,totalLongTermDebt,otherNonCurrentLiabilities,totalNonCurrentLiabilities,negativeGoodwill,warrants,preferredStockRedeemable,capitalSurplus,liabilitiesAndShareholderEquity,cashAndShortTermInvestments,accumulatedDepreciation,commonStockSharesOutstanding,reportedCurrency,investments,changeInLiabilities,cashflowFromInvestment,otherCashflowFromInvestment,netBorrowings,cashflowFromFinancing,otherCashflowFromFinancing,changeInOperatingActivities,netIncome_y,changeInCash,operatingCashflow,otherOperatingCashflow,depreciation,dividendPayout,stockSaleAndPurchase,changeInInventory,changeInAccountReceivables,changeInNetIncome,capitalExpenditures,changeInReceivables,changeInExchangeRate,changeInCashAndCashEquivalents,clossingVal,nextClossingVal
0,2020-03-31,USD,37266000000,3838000000,32249000000,5017000000,1200000000,838000000,None,None,1163000000,14000000,3830000000,21000000,1179000000,None,37000000,311000000,10000000,-27000000,None,8000000,None,311000000,11000000,None,852000000,838000000,None,USD,51732000000,255000000,None,963000000,34529000000,16802000000,None,7223000000,4000000,11883000000,988000000,987000000,1215000000,10826000000,22779000000,1497000000,1497000000,-1678000000,21527000000,25254000000,None,16802000000,948000000,1507000000,7598000000,11010000000,14059000000,None,None,4000000,None,11883000000,None,None,4951000000,None,26478000000,2535000000,7598000000,4152000000,11750000000,None,None,None,6593000000,51732000000,11774000000,-12579000000,441523000,USD,-1850000000,-34000000,-1850000000,7000000,3364000000,2999000000,-43000000,-46000000,838000000,3040000000,1898000000,None,382000000,-287000000,-34000000,659000000,None,99000000,698000000,None,None,None,285.13,
1,2019-12-31,USD,39072000000,3750000000,34056000000,5016000000,1311000000,931000000,None,None,1277000000,16000000,3743000000,45000000,1266000000,None,34000000,330000000,30000000,-4000000,None,7000000,None,330000000,15000000,None,947000000,931000000,None,USD,48782000000,None,None,1150000000,31783000000,16614000000,None,7708000000,4000000,11384000000,999000000,None,1002000000,7786000000,22695000000,500000000,500000000,-1280000000,21481000000,23703000000,None,16614000000,929000000,1988000000,5099000000,11850000000,14487000000,None,None,4000000,None,11384000000,None,None,3598000000,None,25079000000,2446000000,5099000000,3989000000,9088000000,None,None,None,6506000000,48782000000,8715000000,-12380000000,441622000,USD,65000000,-3201000000,-470000000,10000000,-1339000000,-1392000000,-6000000,344000000,947000000,-1243000000,619000000,382000000,389000000,0,-47000000,1990000000,None,112000000,545000000,None,2000000,-1241000000,293.92,285.13
2,2019-11-30,USD,37040000000,35979000000,32233000000,4807000000,1465000000,844000000,None,None,1058000000,12000000,3732000000,35000000,1061000000,None,38000000,202000000,32000000,-6000000,None,14000000,None,202000000,3000000,None,856000000,844000000,None,USD,51431000000,None,None,1094000000,35207000000,15861000000,None,3956000000,4000000,10787000000,1005000000,None,954000000,9027000000,26265000000,1700000000,1700000000,-1321000000,21237000000,26643000000,None,15861000000,993000000,1711000000,5107000000,13818000000,14440000000,None,None,4000000,None,10787000000,None,None,954000000,None,24788000000,2442000000,5495000000,1393000000,8942000000,None,None,None,6391000000,51431000000,10020000000,-12074000000,444000000,USD,-630000000,2664000000,-630000000,9000000,122000000,-836000000,-355000000,236000000,844000000,643000000,2102000000,275000000,369000000,-573000000,-30000000,-2384000000,None,322000000,715000000,None,7000000,643000000,299.81,293.92
3,2019-09-30,USD,37040000000,3746000000,32233000000,4807000000,1096000000,844000000,None,None,1058000000,12000000,3732000000,35000000,1061000000,None,38000000,202000000,32000000,-6000000,-42000000,14000000,None,202000000,3000000,None,856000000,844000000,None,USD,51431000000,None,None,1094000000,35207000000,15861000000,None,6966000000,4000000,10787000000,1060000000,None,1025000000,9027000000,26265000000,1700000000,1700000000,-1321000000,21237000000,26643000000,None,15861000000,993000000,1711000000,5107000000,13818000000,17599000000,None,None,4000000,None,10787000000,None,None,3551000000,None,24788000000,2442000000,5107000000,3835000000,8942000000,None,None,None,6391000000,51431000000,10020000000,-12074000000,439625000,USD,76000000,2664000000,-630000000,9000000,122000000,-836000000,-355000000,223000000,856000000,636000000,2102000000,275000000,369000000,-573000000,-30000000,-2384000000,None,322000000,715000000,None,7000000,643000000,288.11,299.81
4,2019-06-30,USD,47498000000,46035000000,41310000000,6188000000,2010000000,1097000000,None,None,1492000000,None,4684000000,None,1463000000,None,45000000,382000000,45000000,0,None,None,None,None,29000000,None,1110000000,None,None,USD,45400000000,None,None,1111000000,29816000000,15243000000,None,3792000000,None,10258000000,None,None,None,8384000000,23237000000,None,1699000000,None,None,23485000000,None,None,1060000000,1535000000,5124000000,11395000000,11679000000,None,None,None,None,None,None,None,1025000000,None,21915000000,None,None,1455000000,6579000000,None,None,None,None,None,None,None,None,USD,-920000000,None,None,None,None,-1000000,None,None,1097000000,1371000000,2293000000,None,473000000,-286000000,-52000000,-127000000,None,None,1009000000,None,None,None,264.26,288.11
5,2019-03-31,USD,34740000000,3385000000,30233000000,4507000000,1158000000,906000000,None,None,1123000000,10000000,3371000000,36000000,1122000000,None,35000000,207000000,27000000,-8000000,73000000,14000000,None,207000000,9000000,None,916000000,906000000,None,USD,43752000000,None,None,1110000000,28932000000,14486000000,None,6914000000,4000000,9496000000,1301000000,None,992000000,7013000000,22832000000,1699000000,1699000000,-1321000000,20475000000,22285000000,None,14486000000,1154000000,1704000000,4799000000,11304000000,14219000000,None,None,4000000,None,9496000000,None,None,992000000,None,21467000000,None,4799000000,1301000000,6100000000,None,None,None,6307000000,43752000000,8167000000,-11749000000,443000000,USD,-774000000,684000000,-774000000,15000000,-96000000,-397000000,-3000000,38000000,906000000,933000000,2105000000,None,336000000,-251000000,-46000000,40000000,None,101000000,672000000,None,None,None,242.14,264.26
6,2018-12-31,USD,35396000000,3473000000,30720000000,4676000000,1249000000,889000000,0,None,1215000000,12000000,3464000000,46000000,1203000000,None,34000000,314000000,33000000,-1000000,63000000,9000000,None,314000000,13000000,None,901000000,889000000,None,USD,42799000000,None,None,1175000000,28616000000,13858000000,None,6868000000,4000000,8916000000,1372000000,None,1006000000,6080000000,22450000000,1698000000,1698000000,-1280000000,20145000000,21648000000,None,13858000000,1042000000,1995000000,4794000000,11356000000,13884000000,None,None,4000000,None,8916000000,None,None,1006000000,None,21151000000,None,4794000000,1372000000,6166000000,None,None,None,6218000000,42799000000,7122000000,-11557000000,442000000,USD,140000000,-2506000000,-434000000,13000000,69000000,-49000000,-1000000,26000000,901000000,-702000000,-219000000,26000000,352000000,-501000000,-117000000,875000000,None,133000000,587000000,None,4000000,-698000000,203.71,242.14
7,2018-11-25,USD,35069000000,34120000000,30623000000,4446000000,949000000,767000000,0,None,935000000,312000000,3475000000,22000000,949000000,None,-36000000,None,None,None,None,22000000,None,158000000,-14000000,None,777000000,767000000,None,USD,43814000000,0,None,1001000000,30335000000,13167000000,0,5281000000,4000000,8387000000,1382000000,0,981000000,6778000000,22473000000,None,None,-1331000000,19879000000,22954000000,None,13167000000,1175000000,1795000000,6480000000,12205000000,13133000000,13479000000,6107000000,4000000,0,8387000000,0,None,981000000,None,20860000000,None,6480000000,1382000000,7862000000,None,None,None,6107000000,43814000000,7953000000,-11265000000,443000000,USD,24000000,1822000000,-737000000,-31000000,104000000,-700000000,-1000000,336000000,767000000,723000000,2177000000,336000000,331000000,-501000000,-32000000,-1324000000,0,245000000,730000000,None,-17000000,723000000,220.06,203.71
8,2018-09-30,USD,35069000000,3497000000,30623000000,4446000000,971000000,767000000,0,0,935000000,10000000,3475000000,22000000,949000000,0,36000000,None,None,None,0,22000000,0,158000000,3000000,0,777000000,767000000,None,USD,43814000000,0,None,1001000000,30335000000,13167000000,0,6358000000,4000000,8387000000,924000000,0,860000000,6778000000,22473000000,90000000,90000000,-1331000000,19879000000,22954000000,None,13167000000,1175000000,1795000000,6480000000,12205000000,16115000000,13103000000,6107000000,4000000,0,8387000000,0,None,981000000,None,20860000000,None,6480000000,1382000000,7862000000,None,None,None,6107000000,43814000000,7953000000,-11265000000,438189000,USD,24000000,1822000000,-737000000,-31000000,104000000,-700000000,-271000000,72000000,777000000,740000000,2177000000,336000000,331000000,-501000000,-32000000,-1324000000,0,235000000,730000000,None,-17000000,723000000,234.88,220.06
9,2018-03-31,USD,32361000000,3163000000,28131000000,4230000000,1108000000,750000000,0,0,1071000000,12000000,3155000000,41000000,1067000000,0,37000000,None,None,None,0,8000000,0,309000000,4000000,0,762000000,750000000,None,USD,39605000000,0,None,430000000,27158000000,12143000000,0,6009000000,4000000,7176000000,1255000000,0,734000000,5877000000,19411000000,6492000000,6492000000,-1038000000,19178000000,19693000000,None,12143000000,1167000000,1593000000,6492000000,10626000000,13402000000,12447000000,0,4000000,0,7176000000,0,None,734000000,None,19912000000,None,6492000000,1255000000,7747000000,None,None,None,6001000000,39605000000,7044000000,-10932000000,438602000,USD,-117000000,674000000,-694000000,8000000,10000000,-266000000,-2000000,253000000,750000000,1096000000,2105000000,None,327000000,-219000000,0,-26000000,0,127000000,585000000,None,None,None,188.43,234.88
10,2017-12-31,USD,32995000000,3246000000,28733000000,4262000000,1023000000,701000000,0,0,986000000,12000000,3234000000,7000000,1016000000,0,37000000,None,None,None,0,12000000,0,273000000,-30000000,0,713000000,701000000,None,USD,38703000000,0,None,397000000,26650000000,11754000000,0,5855000000,4000000,6727000000,1232000000,0,755000000,4781000000,18913000000,6505000000,6505000000,-897000000,19049000000,18899000000,None,11754000000,1049000000,2001000000,6505000000,10671000000,13058000000,12053000000,0,4000000,0,6727000000,0,None,755000000,None,19804000000,None,6505000000,1232000000,7737000000,None,None,None,5920000000,38703000000,5830000000,-10754000000,438883000,USD,142000000,-1572000000,-373000000,-7000000,-410000000,-690000000,-2000000,-54000000,713000000,-954000000,109000000,-54000000,344000000,-220000000,-60000000,613000000,0,65000000,508000000,None,46000000,-908000000,186.12,188.43
11,2017-11-26,USD,31809000000,3241000000,27282000000,4192000000,951000000,640000000,0,0,936000000,11000000,3241000000,22000000,951000000,0,37000000,None,None,None,0,17000000,0,285000000,0,0,651000000,640000000,None,USD,39378000000,0,None,240000000,28022000000,11078000000,0,5577000000,4000000,6300000000,1184000000,0,799000000,5689000000,20360000000,6478000000,6478000000,-1037000000,18682000000,19897000000,None,11078000000,1196000000,1559000000,6478000000,11213000000,14783000000,11356000000,0,4000000,0,6300000000,0,None,799000000,None,19481000000,None,6478000000,1184000000,7662000000,None,None,None,5811000000,39378000000,6885000000,-10427000000,441000000,USD,39000000,2058000000,-785000000,-4000000,319000000,-58000000,-253000000,150000000,640000000,1143000000,2006000000,150000000,335000000,0,-124000000,-1415000000,0,238000000,820000000,None,-20000000,1143000000,171.62,186.12
12,2017-09-30,USD,31809000000,3241000000,27617000000,4192000000,973000000,640000000,0,0,936000000,11000000,3224000000,22000000,951000000,0,37000000,None,None,None,0,17000000,0,285000000,-72000000,0,651000000,640000000,None,USD,39378000000,0,None,240000000,28022000000,11078000000,0,5577000000,4000000,6300000000,515000000,0,869000000,5689000000,20360000000,86000000,86000000,-1037000000,18682000000,19897000000,None,11078000000,1196000000,1559000000,6478000000,11213000000,14783000000,11079000000,5800000000,4000000,0,6300000000,0,None,799000000,None,19481000000,None,6478000000,1184000000,7662000000,None,None,None,5811000000,39378000000,6885000000,-10427000000,439185000,USD,39000000,2058000000,-785000000,-4000000,319000000,-58000000,-253000000,807000000,651000000,1163000000,2006000000,150000000,335000000,-3904000000,-124000000,-1415000000,0,227000000,820000000,None,-20000000,1143000000,164.29,171.62
13,2017-03-31,USD,28860000000,2922000000,24970000000,3890000000,986000000,700000000,0,0,965000000,6000000,2907000000,18000000,968000000,0,21000000,None,None,None,0,15000000,0,259000000,0,0,706000000,700000000,None,USD,35631000000,0,None,333000000,25446000000,9898000000,0,8297000000,2000000,5508000000,1231000000,0,840000000,4538000000,21394000000,1158000000,1158000000,-1321000000,17535000000,17256000000,None,9898000000,1187000000,1462000000,2821000000,9736000000,11939000000,10185000000,0,2000000,0,5508000000,0,None,840000000,None,18375000000,None,2821000000,1231000000,4052000000,None,None,None,5709000000,35631000000,5725000000,-9789000000,438679000,USD,36000000,2234000000,-1550000000,28000000,-1071000000,-2141000000,-38000000,75000000,700000000,-206000000,4892000000,None,0,-396000000,0,952000000,0,67000000,1723000000,None,None,None,167.69,164.29
14,2016-12-31,USD,29766000000,2995000000,25927000000,3839000000,840000000,515000000,0,0,809000000,6000000,2980000000,-4000000,844000000,0,31000000,None,None,None,0,15000000,0,288000000,0,0,521000000,515000000,None,USD,35630000000,0,None,368000000,22918000000,12440000000,0,5059000000,2000000,8140000000,1243000000,0,828000000,4744000000,18860000000,2257000000,2257000000,-1333000000,17342000000,17460000000,None,12440000000,1221000000,1597000000,2815000000,9530000000,11544000000,12712000000,0,2000000,0,8140000000,0,None,828000000,None,18170000000,None,2815000000,1243000000,4058000000,None,None,None,5631000000,35630000000,5965000000,-9549000000,438941000,USD,95000000,-2128000000,-397000000,24000000,-94000000,-165000000,-3000000,392000000,521000000,-69000000,493000000,392000000,312000000,-198000000,-68000000,1248000000,0,148000000,516000000,None,8000000,-61000000,160.11,167.69
15,2016-09-30,USD,28099000000,2962000000,24288000000,3811000000,875000000,545000000,0,0,846000000,10000000,2940000000,26000000,849000000,0,29000000,None,None,None,0,22000000,0,291000000,0,0,555000000,545000000,None,USD,36532000000,0,None,235000000,24301000000,11973000000,0,4465000000,2000000,7882000000,1207000000,0,806000000,4805000000,19161000000,1159000000,1159000000,-1439000000,17156000000,18570000000,None,11973000000,1311000000,1498000000,3933000000,10721000000,13537000000,12231000000,0,2000000,0,7882000000,0,None,806000000,None,17962000000,None,3933000000,1207000000,5140000000,None,None,None,5528000000,36532000000,6116000000,-9282000000,439343000,USD,14000000,3707000000,-655000000,-2000000,-178000000,-660000000,-162000000,47000000,555000000,1478000000,2793000000,47000000,297000000,-198000000,-122000000,-1983000000,0,170000000,667000000,None,-52000000,1426000000,152.51,160.11
16,2016-06-30,USD,36560000000,3720000000,31241000000,4911000000,1220000000,779000000,0,0,1181000000,6000000,3720000000,29000000,1191000000,0,39000000,None,None,None,0,24000000,0,396000000,-53000000,0,785000000,779000000,None,USD,33163000000,0,None,268000000,20831000000,12079000000,0,4234000000,2000000,7686000000,534000000,0,902000000,3379000000,15575000000,1100000000,1100000000,-1099000000,17043000000,15218000000,None,12079000000,1350000000,1252000000,4061000000,8969000000,10241000000,12332000000,5490000000,2000000,0,7686000000,0,None,902000000,None,17945000000,None,4061000000,1195000000,5256000000,None,None,None,5490000000,33163000000,4729000000,-9124000000,437524000,USD,277000000,-1532000000,-2345000000,27000000,-1022000000,-2419000000,62000000,547000000,779000000,-1422000000,3292000000,None,1255000000,-746000000,0,-25000000,0,697000000,2649000000,None,None,None,157.04,152.51
17,2016-03-31,USD,26769000000,2749000000,23162000000,3607000000,865000000,545000000,0,0,835000000,4000000,2731000000,7000000,858000000,0,30000000,None,None,None,0,18000000,0,286000000,0,0,549000000,545000000,None,USD,33873000000,0,None,294000000,22125000000,11505000000,0,3719000000,2000000,7225000000,1205000000,0,840000000,4884000000,16999000000,1193000000,1193000000,-1126000000,16491000000,16542000000,None,11505000000,1137000000,1300000000,3921000000,8927000000,12087000000,11748000000,0,2000000,0,7225000000,0,None,840000000,None,17331000000,None,3921000000,1205000000,5126000000,None,None,None,5404000000,33873000000,6021000000,-8961000000,438368000,USD,94000000,434000000,-1320000000,0,14000000,-2088000000,-2000000,211000000,545000000,1251000000,3461000000,None,0,-352000000,0,8000000,0,268000000,1800000000,None,None,None,157.58,157.04
18,2015-12-31,USD,28170000000,2845000000,24469000000,3701000000,872000000,546000000,0,0,841000000,9000000,2835000000,16000000,856000000,0,31000000,None,None,None,0,10000000,0,286000000,0,0,555000000,546000000,None,USD,32388000000,0,None,313000000,21154000000,11000000000,0,3657000000,2000000,7001000000,835000000,0,794000000,3633000000,15433000000,89000000,None,-1344000000,16065000000,15529000000,None,11000000000,1222000000,1453000000,4886000000,8908000000,11687000000,0,0,2000000,0,7001000000,0,None,794000000,None,16859000000,None,4886000000,835000000,5721000000,None,None,None,5341000000,32388000000,4855000000,-8637000000,439256000,USD,None,-1917000000,-620000000,0,-1310000000,-1563000000,-6000000,None,555000000,-1392000000,791000000,391000000,285000000,-176000000,-71000000,1375000000,0,102000000,624000000,None,-29000000,-1421000000,161.5,157.58
19,2015-09-30,USD,27220000000,2832000000,23621000000,3599000000,795000000,480000000,0,0,762000000,7000000,2806000000,28000000,767000000,0,33000000,None,None,None,0,26000000,0,275000000,0,0,487000000,480000000,None,USD,35451000000,0,None,834000000,24371000000,10848000000,1233000000,3386000000,2000000,6704000000,1233000000,0,726000000,5054000000,18293000000,1281000000,None,-1105000000,15867000000,18858000000,None,10848000000,1229000000,2193000000,4845000000,10382000000,13626000000,0,0,2000000,0,6704000000,0,None,726000000,None,16593000000,None,4845000000,None,6078000000,None,None,None,5247000000,35451000000,6283000000,-8489000000,439777000,USD,387000000,1435000000,-332000000,-4000000,63000000,-224000000,-145000000,None,487000000,255000000,811000000,-10000000,271000000,0,-142000000,-1473000000,0,101000000,715000000,None,-2000000,253000000,144.55,161.5
