,fiscalDateEnding,reportedCurrency_x,totalRevenue,totalOperatingExpense,costOfRevenue,grossProfit,ebit,netIncome_x,researchAndDevelopment,effectOfAccountingCharges,incomeBeforeTax,minorityInterest,sellingGeneralAdministrative,otherNonOperatingIncome,operatingIncome,otherOperatingExpense,interestExpense,taxProvision,interestIncome,netInterestIncome,extraordinaryItems,nonRecurring,otherItems,incomeTaxExpense,totalOtherIncomeExpense,discontinuedOperations,netIncomeFromContinuingOperations,netIncomeApplicableToCommonShares,preferredStockAndOtherAdjustments,reportedCurrency_y,totalAssets,intangibleAssets,earningAssets,otherCurrentAssets,totalLiabilities,totalShareholderEquity,deferredLongTermLiabilities,otherCurrentLiabilities,commonStock,retainedEarnings,otherLiabilities,goodwill,otherAssets,cash,totalCurrentLiabilities,shortTermDebt,currentLongTermDebt,otherShareholderEquity,propertyPlantEquipment,totalCurrentAssets,longTermInvestments,netTangibleAssets,shortTermInvestments,netReceivables,longTermDebt,inventory,accountsPayable,totalPermanentEquity,additionalPaidInCapital,commonStockTotalEquity,preferredStockTotalEquity,retainedEarningsTotalEquity,treasuryStock,accumulatedAmortization,otherNonCurrrentAssets,deferredLongTermAssetCharges,totalNonCurrentAssets,capitalLeaseObligations,totalLongTermDebt,otherNonCurrentLiabilities,totalNonCurrentLiabilities,negativeGoodwill,warrants,preferredStockRedeemable,capitalSurplus,liabilitiesAndShareholderEquity,cashAndShortTermInvestments,accumulatedDepreciation,commonStockSharesOutstanding,reportedCurrency,investments,changeInLiabilities,cashflowFromInvestment,otherCashflowFromInvestment,netBorrowings,cashflowFromFinancing,otherCashflowFromFinancing,changeInOperatingActivities,netIncome_y,changeInCash,operatingCashflow,otherOperatingCashflow,depreciation,dividendPayout,stockSaleAndPurchase,changeInInventory,changeInAccountReceivables,changeInNetIncome,capitalExpenditures,changeInReceivables,changeInExchangeRate,changeInCashAndCashEquivalents,clossingVal,nextClossingVal
0,2020-06-30,USD,2767855,5086434,2747989,19866,-1624939,-1181197,None,None,-2298860,None,648581,None,-2318579,794203,None,-1117663,169358,169358,None,None,None,-1117663,-149639,None,-1181197,-1181197,None,USD,69358120,None,None,None,20587801,48770319,None,None,47068,25626591,5325700,None,11017285,0,15166823,None,2865320,None,44114760,11383081,2842994,48770319,0,1037782,None,293998,4128914,None,None,None,None,None,None,None,None,None,57975039,146461,None,None,5420978,None,None,None,None,None,None,None,None,USD,-893397,-1047615,-893397,None,2859233,2891865,None,2769173,-1181197,1268308,-730160,None,693640,-3653,None,None,-940903,836606,523912,None,None,None,10.94,
1,2020-03-31,USD,10948959,10807264,7656031,3292928,858548,255221,None,None,305385,None,1156312,None,141695,987457,None,50164,163690,163690,None,None,None,50164,None,None,255221,255221,None,USD,65097832,None,None,3081070,15203715,49894117,None,None,46941,26811441,4663500,None,13440742,0,10429693,None,None,None,44314078,4350379,2992633,49894117,0,364353,None,288878,4754400,None,None,None,None,None,None,None,60747453,None,60747453,163184,65470,None,4774022,None,None,None,23035740,None,None,None,5000000,USD,-870608,833472,-870608,103890,-6011,-326237,-72380,-1219510,255221,-846025,350820,None,716853,-324439,76590,None,-67218,477773,825937,None,None,None,10.39,10.94
2,2019-12-31,USD,12602342,11586777,8470841,4131501,1708226,553442,None,None,1002541,None,1162384,None,1015565,996543,None,449099,122150,122150,None,None,None,449099,-135174,None,553442,553442,None,USD,65413082,None,None,2308960,15996972,49416110,None,1927529,46445,26635732,4404300,None,14550027,355399,11475832,None,None,None,43908534,3961888,2992633,49416110,103886,302037,None,390118,3495238,None,None,None,None,None,None,None,1262744,None,61451194,171116,71780,None,4521140,None,None,None,22733930,None,459290,None,5000000,USD,-1320058,-1324953,-1320058,1145750,-1679890,-1863607,-54930,2126873,553442,-393304,2790361,None,692661,-322863,383500,None,105788,235552,2465808,None,None,None,12.4,10.39
3,2019-09-30,USD,18600641,17120903,11387374,7213267,2265065,1150485,None,None,1569427,None,2721203,None,1479738,1659236,None,418942,96070,96065,None,None,None,418942,-6376,None,1150485,1150485,None,USD,65838905,None,None,1791590,16943222,48895683,None,1955181,46194,26406754,4456200,None,12617414,1269243,12359816,1671990,1671990,None,43126491,7102367,2992633,48895683,103886,611999,None,399311,3736940,None,None,None,None,None,None,None,1259567,None,58736538,181000,80090,None,4583406,None,None,None,22442740,None,1373130,None,5000000,USD,-2366945,-1378644,-2366945,-181928,572751,272426,-54930,-6751554,1150485,-7474221,-5379702,None,785327,-321153,244350,None,390658,-393134,2185017,None,None,None,12.1,12.4
4,2019-06-30,USD,16433177,15332697,10856526,5576651,1676701,957757,None,None,1350073,None,2095544,None,1100480,1427603,None,392316,45319,45319,None,None,None,392316,204274,None,957757,957757,None,USD,72343751,None,None,10095480,24495126,47848625,None,2611017,46041,25579114,5054400,None,11266002,442811,19293041,1094210,1094213,None,43276987,14808129,2992633,47848625,103886,1002757,None,458594,4817013,None,None,None,None,None,None,None,1256329,None,57535622,200787,85410,None,5202085,None,None,None,22223470,None,546700,None,5000000,USD,-4548477,1600916,-4548477,1062336,1087673,841154,-54930,5104647,957757,4159120,7866443,None,576220,-320226,223520,None,-487355,1151593,5713472,None,None,None,12.34,12.1
5,2019-03-31,USD,11590800,11500122,2507360,9083440,716196,56570,None,None,40480,None,7224120,None,-22760,1143129,None,-16090,63240,63240,None,None,None,-16093,-113437,None,56572,56570,None,USD,61910480,None,None,6011710,15138530,46771950,None,7735,45750,24942510,4064800,None,1302700,370592,10976150,7735,7735,None,40733620,8986160,2992633,46771947,206545,311130,5339,315780,4117171,None,None,None,None,None,None,None,1253201,None,52924314,128824,92240,5339,4162383,None,None,None,21783690,None,577140,None,5000000,USD,-4801419,241023,-4801420,1062336,-5738,-227800,-54930,-167153,56570,-3568500,1460720,None,625520,-316940,149820,None,-69385,416984,4801420,None,None,None,14.52,12.34
6,2018-12-31,USD,12038387,11129105,8412001,3626386,909282,2370554,0,0,3294554,0,1022057,None,909282,1027191,0,1099600,None,None,175600,0,0,924000,2385273,0,2370554,2370554,None,USD,61426061,None,None,5058639,14691711,46734350,None,1296296,45277,25268187,3970000,None,7494826,4895359,10623439,None,None,None,38131052,12805173,2995010,46734350,206545,1722396,None,297209,3587328,None,None,None,None,None,None,None,None,None,None,None,98270,None,None,None,None,None,21420890,None,5101900,None,5000000,USD,-601,-562677,-4118869,-2164924,-5891,-237966,None,1707493,2370554,-2300227,2056607,None,667856,-315445,686020,54532,-302624,-1699890,1953344,None,None,None,13.91,14.52
7,2018-09-30,USD,18370511,16338866,11468736,6901775,2031645,1632845,0,0,2040212,0,2709570,None,2031645,1501062,0,None,None,None,0,0,0,407367,8567,0,1632845,1632845,None,USD,57110496,0,None,1550742,12713192,44397304,0,1600413,45064,23214563,3520170,0,1111573,11953483,9088971,None,None,None,38819737,17179186,None,44397304,205944,2662363,104000,317521,3265671,0,0,0,0,0,0,None,None,None,None,None,None,None,None,None,None,None,None,None,None,None,5000000,USD,266,-1849163,-683196,-7660,-5891,-182658,-314144,-7443666,1632845,-7519025,-6653170,None,659498,-314144,602649,97286,-212160,504017,675802,None,None,None,15.25,13.91
8,2018-06-30,USD,16512724,15413324,11134446,5378278,1099400,725351,0,0,1004514,0,2172169,None,1099400,1505629,0,None,None,None,0,0,0,279163,-94886,0,725351,725351,None,USD,63673796,0,None,7541504,20915137,42758659,0,2419792,44826,21897162,3206000,0,1118909,13481746,17709137,None,None,None,38651312,23903575,None,42758659,206210,2005414,0,414807,4268924,0,0,0,0,0,0,None,None,None,None,None,None,None,None,None,None,None,None,None,None,None,5000000,USD,-205,2395927,-600464,1046103,-5891,-122363,-314144,5051284,725351,7784657,8507484,None,601080,-311409,471163,-125653,-125877,423206,1646362,None,None,None,14.9715,15.25
9,2018-03-31,USD,12219946,10884257,8067332,4152614,1335689,989690,0,0,1369160,0,1087268,None,1335689,1094512,0,None,None,None,0,0,0,379470,33471,0,989690,989690,None,USD,56346900,0,None,3328907,14449948,41896952,0,1444533,44500,21485865,3144000,0,2165012,9909686,11305948,None,None,None,38166173,16015715,None,41896952,206005,1683000,0,289154,3547209,0,0,0,0,0,0,None,None,None,None,None,None,None,None,None,None,None,None,None,None,None,4000000,USD,-205,66439,-1225960,1046103,-5891,17004,-314144,-486072,989690,1213040,2421996,None,635145,-265113,282117,-26165,665007,340483,1225960,None,None,None,15.15,14.9715
10,2017-12-31,USD,11997000,16918324,10545000,19214719,1248610,1909000,0,0,944000,0,7091665,None,792000,1685295,0,None,None,None,0,0,0,-118000,174403,0,2209883,1909000,None,USD,54537000,0,None,589000,13820000,40717000,0,7960000,44000,20808000,3002000,0,2166000,8888000,10818000,None,None,None,36961000,15410124,None,40717097,3343000,2326943,0,263000,2854000,0,0,0,0,0,0,None,None,None,None,None,None,None,None,None,None,None,None,None,None,None,4000000,USD,-356,963000,-3782111,-1126481,-5891,-714655,None,1242321,1909000,3736733,7086000,None,2529437,-962000,246971,0,172000,-654228,3782000,None,None,None,16.25,15.15
11,2017-09-30,USD,17666000,63321380,15483000,0,5390271,952000,0,0,1550000,0,0,None,1537000,6859707,0,None,None,None,0,0,0,598000,2160,0,3216313,952000,None,USD,53326000,0,None,440000,14526000,38800000,0,7140000,44000,19164000,4310000,0,2168000,7685000,10216000,None,None,None,36767000,0,None,38799678,2964000,3020267,0,281000,2720000,0,0,0,0,0,0,None,None,None,None,None,None,None,None,None,None,None,None,None,None,None,4000000,USD,-61,622000,-3218670,0,None,-499201,None,-645369,952000,-1091236,5104000,None,0,-698000,198528,32958,199079,356000,3219000,None,None,None,12.35,16.25
12,2017-06-30,USD,15847000,-38250993,14079000,0,-3117887,717000,0,0,1203000,0,0,None,1191000,-4628750,0,None,None,None,0,0,0,486000,-773,0,-1848412,717000,None,USD,57848000,0,None,286000,19967000,37881000,0,11704000,44000,18475000,4421000,0,2168000,8777000,15545000,None,None,None,36937000,0,None,37881334,6505000,2752100,0,423000,3824000,0,0,0,0,0,0,None,None,None,None,None,None,None,None,None,None,None,None,None,None,None,4000000,USD,-295,983895,-2732400,0,None,-284680,None,982936,717000,1128746,5495000,None,0,-435000,149803,0,393993,367247,2732000,None,None,None,11.005,12.35
13,2017-03-31,USD,11443000,10581262,9935000,0,861809,513000,0,0,874000,0,0,None,862000,1294562,0,None,None,None,0,0,0,361000,12188,0,512997,513000,None,USD,51931000,0,None,493000,14738000,37193000,0,7842000,44000,18022000,4278000,0,2168000,7648000,10460000,None,None,None,35608000,0,None,37192813,3214000,2513219,0,287000,2618000,0,0,0,0,0,0,None,None,None,None,None,None,None,None,None,None,None,None,None,None,None,4000000,USD,-295,1553156,-672264,0,None,-67687,None,-1110492,513000,1348974,2089000,None,0,-216000,148724,0,83942,131483,672000,None,None,None,10.55,11.005
14,2016-12-31,USD,11551000,50373525,10180000,16482117,-1056950,685000,0,0,1189000,0,6459737,None,690000,1929050,-51059,None,None,None,0,0,0,504000,5032765,0,2331468,685000,None,USD,49625000,0,None,467000,13074000,36551000,0,5557000,43000,17727000,4357000,0,2168000,6299000,8717000,None,None,None,35378000,12078525,None,36550547,2196000,2869277,0,248000,3160000,0,0,0,0,0,0,None,None,None,None,None,None,None,None,None,None,None,None,None,None,None,4000000,USD,-457,1752000,-3817099,592000,-1887349,-3099690,-79991,604084,685000,-1975305,4941000,None,2547772,-1288000,155450,0,-280945,-2553156,4432000,None,None,None,10.05,10.55
15,2016-09-30,USD,16678000,0,15039000,9574242,5239380,925000,0,0,1560000,0,8474769,None,967000,5764800,0,None,None,None,0,0,0,635000,50507,0,3107520,925000,None,USD,48211000,0,None,308000,12300000,35911000,0,4259000,43000,17259000,None,0,2168000,4450000,8742000,None,None,None,35509000,0,None,None,2343000,None,0,275000,4278000,0,0,0,0,0,0,None,None,None,None,None,None,None,None,None,None,None,None,None,None,None,4000000,USD,None,1823000,-3777452,0,None,-2589270,None,None,925000,None,2542000,None,0,-1073000,371564,0,260259,None,3777000,None,None,None,10.28,10.05
16,2016-06-30,USD,13839000,0,13314000,-19148484,-2619690,2275000,0,0,3847000,0,-16949538,None,3374527,-2882400,0,None,None,None,0,0,0,1572000,-50915,0,-1553760,2275000,None,USD,51799000,0,None,264000,16851000,34948000,0,4340000,42000,16549000,None,0,2168000,5433000,13273000,None,None,None,35488000,0,None,None,6191000,None,0,417000,8933000,0,0,0,0,0,0,None,None,None,None,None,None,None,None,None,None,None,None,None,None,None,4000000,USD,None,6312000,-2829886,0,None,-2817501,None,None,2275000,None,2806000,None,0,-1072000,141303,0,494423,None,2830000,None,None,None,11.01,10.28
17,2016-03-31,USD,10393000,0,9294000,9574242,523938,311000,0,0,524000,0,8474769,None,523000,576480,0,None,None,None,0,0,0,213000,945,0,310752,311000,None,USD,47834000,None,None,323000,14298000,33536000,2258600,4857000,42000,15346000,None,None,25000,9867000,9628000,591960,591960,None,34520000,13289462,None,33536484,2203000,611436,2411000,284000,4179000,None,None,None,None,None,None,None,None,None,None,None,None,None,None,None,None,None,None,None,None,None,4000000,USD,None,2093000,-843293,None,-175600,-111468,None,-397272,311000,1593353,2548000,None,576480,None,64132,None,-312001,-19282,843000,None,None,None,10.36,11.01
18,2015-12-31,USD,10803000,49293561,9684000,2315428,1723632,954000,0,0,1597000,0,-11235469,None,561000,9181956,-402,None,None,None,0,0,0,643000,1157483,0,1913963,954000,None,USD,45341000,None,None,397000,12244000,33097000,2341900,4012000,42000,15035000,2341900,None,20000,8274000,7309000,3178294,3178294,None,34118000,11203322,None,33097499,1768000,510921,2593000,253000,2711000,None,None,None,None,None,None,None,None,None,None,None,None,None,None,None,None,None,None,None,None,None,4000000,USD,-667,1082000,-4007552,334000,-1887349,-909693,4060,137537,954000,-487813,4430000,None,2297613,-1055000,141621,None,37000,-696621,4341000,None,None,None,10.25,10.36
19,2015-09-30,USD,16731000,0,15245000,1409482,418280,813000,0,0,1387000,0,1378624,None,919000,-40415,0,None,None,None,0,0,0,574000,347007,0,241485,813000,None,USD,41590000,None,None,706000,9552000,32038000,1861700,4352000,42000,14082000,None,None,20000,8340000,7690000,None,None,None,29812000,11757892,None,32037701,1390000,1312333,None,262000,3320000,None,None,None,None,None,None,None,None,None,None,None,None,None,None,None,None,None,None,None,None,None,4000000,USD,35,2101000,-278757,220000,-175600,-1018505,None,3424829,813000,-480604,4142000,None,567190,-1056000,37215,None,182600,-271801,3841000,None,None,None,9.72,10.25
