,fiscalDateEnding,reportedCurrency_x,totalRevenue,totalOperatingExpense,costOfRevenue,grossProfit,ebit,netIncome_x,researchAndDevelopment,effectOfAccountingCharges,incomeBeforeTax,minorityInterest,sellingGeneralAdministrative,otherNonOperatingIncome,operatingIncome,otherOperatingExpense,interestExpense,taxProvision,interestIncome,netInterestIncome,extraordinaryItems,nonRecurring,otherItems,incomeTaxExpense,totalOtherIncomeExpense,discontinuedOperations,netIncomeFromContinuingOperations,netIncomeApplicableToCommonShares,preferredStockAndOtherAdjustments,reportedCurrency_y,totalAssets,intangibleAssets,earningAssets,otherCurrentAssets,totalLiabilities,totalShareholderEquity,deferredLongTermLiabilities,otherCurrentLiabilities,commonStock,retainedEarnings,otherLiabilities,goodwill,otherAssets,cash,totalCurrentLiabilities,shortTermDebt,currentLongTermDebt,otherShareholderEquity,propertyPlantEquipment,totalCurrentAssets,longTermInvestments,netTangibleAssets,shortTermInvestments,netReceivables,longTermDebt,inventory,accountsPayable,totalPermanentEquity,additionalPaidInCapital,commonStockTotalEquity,preferredStockTotalEquity,retainedEarningsTotalEquity,treasuryStock,accumulatedAmortization,otherNonCurrrentAssets,deferredLongTermAssetCharges,totalNonCurrentAssets,capitalLeaseObligations,totalLongTermDebt,otherNonCurrentLiabilities,totalNonCurrentLiabilities,negativeGoodwill,warrants,preferredStockRedeemable,capitalSurplus,liabilitiesAndShareholderEquity,cashAndShortTermInvestments,accumulatedDepreciation,commonStockSharesOutstanding,reportedCurrency,investments,changeInLiabilities,cashflowFromInvestment,otherCashflowFromInvestment,netBorrowings,cashflowFromFinancing,otherCashflowFromFinancing,changeInOperatingActivities,netIncome_y,changeInCash,operatingCashflow,otherOperatingCashflow,depreciation,dividendPayout,stockSaleAndPurchase,changeInInventory,changeInAccountReceivables,changeInNetIncome,capitalExpenditures,changeInReceivables,changeInExchangeRate,changeInCashAndCashEquivalents,clossingVal,nextClossingVal
0,2020-04-30,USD,550360000,-550360000,355259000,-355259000,197603000,147487000,None,None,191800000,None,47512000,2502000,195101000,-550360000,5803000,44313000,225000,-5578000,None,None,None,44313000,2277000,None,147487000,147487000,None,USD,3161583000,48671000,None,90134000,880572000,2281011000,57724000,31279000,23000,1773580000,104653000,338039000,35790000,306387000,286568000,3543000,None,-138923000,1838297000,794152000,None,1894301000,None,377822000,403653000,19809000,251746000,None,None,23000,None,1773580000,None,None,142114000,None,310000,112636000,403653000,132627000,594004000,None,None,None,646331000,3161583000,306387000,None,234701014,USD,-90132000,-40154000,-90132000,-1115000,-13600000,8693000,-102191000,15484000,147487000,212876000,294048000,None,28659000,None,0,-1556000,97612000,6496000,87378000,None,None,None,80.11,
1,2020-01-31,USD,575140000,-575140000,365248000,-365248000,209988000,168707000,None,None,205074000,None,49997000,96000,209892000,-575140000,4914000,36367000,450000,-4464000,None,None,None,36367000,-354000,None,168707000,168707000,None,USD,3048605000,50291000,None,105559000,923876000,2124729000,55499000,30917000,23000,1626862000,99287000,338262000,34403000,93511000,342837000,14215000,14215000,-119870000,1789326000,731963000,None,1736176000,None,514378000,399846000,18515000,297705000,None,None,23000,None,1626862000,None,None,138415000,348000,2316642000,105220000,399846000,125694000,581039000,None,None,None,617714000,3048605000,93511000,None,233636685,USD,-267203000,10733000,-267203000,1639000,13600000,37461000,-101422000,-1602000,168707000,-87591000,144462000,None,24393000,None,36549000,1055000,-53102000,10166000,268559000,None,None,None,101.46,80.11
2,2019-10-31,USD,554424000,349033000,299555000,254869000,230397000,218180000,None,None,202082000,None,49478000,None,205391000,None,4611000,-16098000,585000,-4026000,None,None,None,-16098000,717000,None,218180000,218180000,None,USD,2855939000,52617000,None,86035000,929340000,1926599000,None,6426000,23000,1458223000,92780000,337179000,39985000,181102000,323318000,590000,590000,-119290000,1682082000,744076000,None,1536803000,None,87467000,399979000,19482000,289247000,None,None,None,None,None,None,None,39581000,None,2111863000,140318000,399979000,137000,606022000,None,None,None,587643000,None,181102000,None,239000000,USD,-131510000,15150000,-131510000,283000,13600000,-88734000,-101354000,-5175000,218180000,-5217000,212458000,None,23704000,None,12620000,1710000,-25408000,11337000,131793000,None,None,None,82.64,101.46
3,2019-07-31,USD,542575000,-542575000,349773000,-349773000,191672000,153496000,None,None,187070000,None,49817000,-1130000,192802000,-542575000,4602000,33574000,347000,-4255000,None,None,None,33574000,-1477000,None,153496000,153496000,None,USD,2547617000,55156000,None,93116000,769236000,1778381000,48683000,6466000,23000,1338328000,87141000,333321000,44247000,186319000,282004000,1138000,1138000,-132529000,1427726000,687167000,None,1389904000,None,386791000,400091000,20941000,274400000,None,None,23000,None,1338328000,None,None,43836000,411000,1860450000,None,400091000,38458000,487232000,None,None,None,572559000,2547617000,186319000,None,229790268,USD,-114114000,-3006000,-114114000,433000,-7000000,12525000,-1294000,-3346000,153496000,91561000,193150000,-5689000,21625000,None,20819000,1002000,9112000,16610000,114547000,9112000,-8068000,83493000,77.53,82.64
4,2019-04-30,USD,553116000,-553116000,345622000,-345622000,209453000,192741000,None,None,204129000,None,36670000,1959000,207494000,-553116000,5324000,11388000,-5084000,-5084000,None,None,None,11388000,1719000,None,192741000,192741000,None,USD,2391763000,57627000,None,92984000,772911000,1618852000,40165000,7988000,23000,1186125000,77170000,337725000,42134000,102826000,296906000,7556000,7556000,-113191000,1340692000,613585000,None,1223500000,None,395466000,398835000,22309000,281362000,None,None,23000,None,1186125000,None,None,41801000,333000,1778178000,None,398835000,37005000,476005000,None,None,None,545895000,2391763000,102826000,None,228813647,USD,-122914000,11112000,-122914000,-305000,-86300000,-119826000,-45567000,-3068000,192741000,-4448000,238292000,-21552000,21222000,None,12041000,5919000,16205000,12645000,122609000,16205000,-900000,-5348000,67.32,77.53
5,2019-01-31,USD,484898000,-484898000,320159000,-320159000,170199000,131373000,None,None,164966000,None,43487000,5460000,164739000,-484898000,5233000,32493000,None,None,-1100000,None,None,33593000,4782000,None,131373000,131373000,None,USD,2296905000,60265000,None,98391000,836952000,1459953000,32314000,7344000,23000,1037051000,66179000,338045000,33012000,108174000,372033000,94122000,94122000,-107223000,1237117000,628466000,None,1061643000,None,393586000,398740000,28315000,270567000,None,None,23000,None,1037051000,None,None,32664000,348000,1668439000,None,398740000,33865000,464919000,None,None,None,530102000,2296905000,108174000,None,226700670,USD,-57713000,22811000,-57713000,16678000,93300000,-264230000,-25000,-11471000,131373000,-214422000,107521000,-11244000,20509000,None,-357505000,-8372000,-56855000,9299000,74391000,-56855000,2287000,-212135000,50.63,67.32
6,2018-10-31,USD,461368000,-461368000,309928000,-309928000,153437000,114083000,0,None,148786000,None,44478000,1997000,151440000,-461368000,4651000,None,None,None,None,None,None,34703000,-2654000,None,114083000,114083000,None,USD,2381788000,62897000,None,87151000,710028000,1671760000,23815000,4934000,23000,1253275000,56578000,335120000,32461000,320309000,254808000,999000,999000,-115646000,1188088000,763222000,None,1273743000,0,336028000,398642000,19734000,248875000,0,0,23000,0,1253275000,0,None,31993000,468000,1618566000,None,398642000,32763000,455220000,None,None,None,534108000,2381788000,320309000,None,234008162,USD,None,-6402000,-61526000,810000,93300000,1227000,-2000,-10134000,114083000,47384000,107683000,5587000,21978000,0,1229000,-3268000,-29270000,4975000,62336000,-29270000,-1595000,45789000,48.91,50.63
7,2018-07-31,USD,449223000,313255000,314386000,134837000,137328000,109748000,0,0,132729000,-7000,100857000,2491000,134837000,0,4599000,None,None,None,0,0,0,22988000,-3239000,0,109741000,109748000,None,USD,2307698000,64892000,None,50949000,726599000,1581099000,19733000,4488000,23000,1162146000,50596000,337235000,33030000,274520000,277256000,1151000,1151000,-107928000,1163425000,709116000,None,1178972000,0,366913000,398747000,16734000,271617000,1581099000,0,23000,0,1162146000,0,None,32560000,470000,1598582000,None,398747000,30863000,449343000,None,None,None,526858000,2307698000,274520000,None,233898841,USD,1796000,6460000,-103362000,3057000,93300000,22481000,-1112000,-2021000,109741000,76991000,157872000,-15644000,28362000,-180000,23593000,2741000,3026000,23160000,108215000,3026000,-6746000,70245000,57.39,48.91
8,2018-04-30,USD,478198000,297379000,303579000,174619000,175632000,127348000,0,0,171216000,57000,44449000,1013000,174619000,0,4416000,None,None,None,0,0,0,43811000,-9603000,0,127405000,127348000,None,USD,2165193000,69382000,None,52105000,704381000,1460812000,3927000,5906000,23000,1053510000,34889000,342459000,34540000,204275000,270578000,1151000,1151000,-90412000,1087910000,630902000,None,1048971000,0,357488000,398914000,17034000,263521000,0,0,23000,0,1053510000,0,None,33301000,1239000,1534291000,None,398914000,30962000,433803000,None,681000,None,497010000,2165193000,204275000,None,232255380,USD,None,-7469000,-77144000,-8354000,-110700000,-103487000,-180000,9596000,127405000,10173000,190804000,12399000,16684000,0,7213000,-4175000,42786000,3174000,68790000,42786000,-1198000,8975000,51.08,57.39
9,2018-01-31,USD,459106000,22133000,308159000,150947000,150196000,103256000,0,0,144438000,45000,34684000,-751000,150947000,0,5758000,None,None,None,0,0,0,41137000,-23295000,0,103301000,103256000,None,USD,2143541000,69934000,None,55343000,811750000,1331791000,5196000,6797000,23000,926163000,30860000,344499000,452501000,195300000,375048000,111851000,111851000,-78913000,1024564000,666476000,None,917358000,0,402808000,400646000,13025000,256400000,0,0,23000,0,926163000,0,None,37767000,301000,1477065000,None,400646000,30860000,436702000,None,623000,None,483895000,2143541000,195300000,None,231827612,USD,None,4602000,-68628000,793000,-71300000,-61282000,-55000,-2803000,103301000,-36877000,93033000,-6952000,17982000,-55000,10018000,-2561000,-30243000,6904000,69421000,-30243000,7931000,-28946000,44.07,51.08
10,2017-10-31,USD,419168000,259426000,295226000,123942000,119723000,77515000,0,0,114128000,45000,33956000,-4219000,123942000,0,5595000,None,None,None,0,0,0,36568000,-9814000,0,77560000,77515000,None,USD,2062670000,73285000,None,53207000,873761000,1188909000,4807000,5189000,23000,822555000,29081000,339024000,448583000,224246000,289169000,33150000,33150000,-102156000,959716000,654371000,None,776600000,0,366780000,550704000,10138000,250830000,0,0,23000,0,822555000,0,None,36274000,None,1408299000,None,550704000,29081000,584592000,None,578000,None,467909000,2062670000,224246000,None,231218619,USD,None,45471000,-39342000,2142000,-49000000,-39750000,-3000,-9418000,77560000,14268000,93360000,-2778000,16012000,0,9253000,36000,55904000,12963000,41484000,-55904000,-122000,14146000,36.29,44.07
11,2017-07-31,USD,378596000,965417000,267789000,110807000,112186000,70335000,0,0,106379000,34000,32364000,1379000,110807000,0,5807000,None,None,None,0,0,0,36010000,-36764000,0,70369000,70335000,None,USD,1982501000,75938000,None,48734000,883901000,1098066000,3192000,5019000,23000,745370000,27673000,340243000,451184000,210100000,302153000,82155000,82155000,-100676000,944056000,587261000,None,681885000,0,318264000,550883000,10163000,214979000,1098600000,0,23000,0,745370000,0,None,33716000,1287000,1395240000,None,550883000,27673000,581748000,None,None,None,453349000,1982501000,210100000,None,230488296,USD,-3566000,-1064000,-198069000,-150601000,66000000,68584000,-795000,-215000,70369000,14746000,144231000,40216000,13490000,0,3379000,267000,-38542000,23827000,47468000,-2874000,5733000,20479000,31.49,36.29
12,2017-04-30,USD,373862000,0,237074000,136788000,136957000,90546000,0,0,131088000,1602000,32460000,169000,136788000,0,5869000,None,None,None,0,58095000,0,40542000,3081000,0,90546000,90546000,None,USD,1811686000,7624000,None,49824000,805357000,1006329000,3773000,6147000,22000,675830000,29341000,258634000,304774000,189621000,221488000,16151000,16151000,-114268000,913303000,593609000,None,740071000,0,344925000,550755000,9239000,199190000,0,0,22000,0,675830000,0,None,35538000,2978000,1218077000,None,550755000,29341000,583869000,None,None,None,444745000,1811686000,189621000,None,230331255,USD,-2516000,2240000,-44646000,-9832000,-145000000,-135210000,-795000,43698000,90546000,12443000,192299000,43698000,13805000,0,9790000,-6000,35668000,2895000,32298000,39121000,2226000,14669000,30.9,31.49
13,2017-01-31,USD,349532000,0,240652000,108880000,106243000,66066000,0,0,100099000,-1602000,32387000,-2637000,108880000,0,6144000,None,None,None,0,-58095000,0,34033000,-6491000,0,66066000,66066000,None,USD,1841241000,8938000,None,51202000,945538000,895703000,3446000,5938000,11000,585284000,30219000,256867000,299733000,174952000,345947000,146151000,146151000,-119549000,882256000,659252000,None,629898000,0,423962000,565926000,9136000,193858000,0,0,11000,0,585284000,0,None,32692000,1236000,1181989000,None,565926000,30219000,599591000,None,None,None,429957000,1841241000,174952000,None,114760739,USD,-2516000,15159000,-54007000,196000,-31900000,-23611000,-23000,23276000,66066000,3617000,81235000,23276000,15326000,0,8312000,-119000,74789000,6844000,54203000,-45317000,2914000,6531000,56.74,30.9
14,2016-10-31,USD,345991000,0,241167000,104824000,108493000,167280000,0,0,102534000,534000,35208000,3669000,104824000,0,5959000,None,None,None,0,19365000,0,-64746000,-2290000,0,167280000,167280000,None,USD,1770396000,10241000,None,47380000,962989000,807407000,3380000,3975000,11000,519240000,28901000,255093000,299098000,168421000,357678000,171151000,171151000,-127969000,840587000,630711000,None,542073000,0,405992000,573030000,8918000,182552000,0,0,11000,0,519240000,0,None,31852000,1912000,1139685000,None,573030000,28901000,605311000,None,None,None,416125000,1770396000,168421000,None,114511998,USD,-1050000,-13152000,-39069000,190000,103900000,-16738000,-134615000,-93917000,167280000,18486000,74293000,-93917000,14820000,0,13977000,1152000,29472000,27582000,38209000,-29472000,-5914000,12572000,52.47,56.74
15,2016-07-31,USD,332659000,861979000,226468000,106191000,112595000,84120000,0,0,105985000,534000,30997000,6404000,106191000,0,6610000,None,None,None,0,19365000,0,21865000,-10605000,0,84968000,84120000,None,USD,1649820000,11761000,None,46604000,875364000,774456000,3816000,4628000,11000,491194000,28424000,260198000,333723000,155849000,278783000,76151000,76151000,-109194000,816791000,499306000,None,502497000,0,286465000,564341000,10388000,198004000,0,0,11000,0,491194000,0,None,38258000,23506000,1150514000,None,564341000,28424000,596581000,None,None,None,392445000,1649820000,155849000,None,110122060,USD,379000,34175000,-29907000,177000,-63014000,-68921000,-1179000,1128000,84120000,26172000,125000000,-16030000,13743000,0,-5059000,611000,-54213000,12152000,30084000,-4619000,-7976000,18196000,50.44,52.47
16,2016-04-30,USD,347246000,0,225298000,121948000,122270000,74016000,0,0,116568000,0,31677000,322000,121948000,0,5702000,None,None,None,0,0,0,42552000,0,0,74016000,74016000,None,USD,1624135000,13390000,None,48681000,907608000,716527000,5001000,5745000,11000,406956000,28519000,267367000,352657000,137653000,203581000,30369000,30369000,-83791000,806973000,464505000,None,435770000,0,266732000,670507000,11439000,167467000,0,0,11000,0,406956000,0,None,40655000,31245000,1159630000,None,670507000,28519000,704027000,None,None,None,393351000,1624135000,137653000,None,109221634,USD,21498000,7162000,-44483000,89000,25468000,-87900000,607000,9225000,74626000,-7965000,124418000,8987000,12606000,0,-113810000,-1810000,0,4368000,66070000,19089000,4202000,-3763000,42.84,50.44
17,2016-01-31,USD,299706000,0,207621000,92085000,97122000,59004000,0,0,91552000,0,29086000,5037000,92085000,0,5570000,None,None,None,0,0,0,32548000,0,0,58963000,59004000,None,USD,1604364000,14408000,None,49558000,872964000,731400000,4868000,5478000,11000,440458000,26478000,264128000,353282000,141416000,265117000,99171000,None,-103071000,744224000,506858000,None,452864000,17465000,289646000,576501000,9458000,147839000,0,0,11000,0,440458000,0,None,43314000,31432000,1097506000,None,576501000,26478000,607847000,None,None,None,394002000,1604364000,158881000,None,111999458,USD,None,-10502000,-57643000,-47000,49250000,-273490000,44000,None,59004000,-324647000,6486000,-7758000,11732000,0,-322784000,-799000,0,6623000,57596000,-51773000,-6853000,-331500000,33.51,42.84
18,2015-10-31,USD,288838000,0,202592000,86246000,87484000,52413000,0,0,81760000,0,31439000,1238000,86246000,0,5724000,None,None,None,0,0,0,29347000,0,0,52413000,52413000,None,USD,1855764000,16229000,None,47364000,839219000,1016545000,5194000,3719000,12000,677850000,25797000,270620000,364518000,472916000,223926000,42421000,None,-74740000,705590000,785656000,None,729696000,21893000,234408000,584302000,9075000,177786000,0,0,12000,0,677850000,0,None,47033000,30636000,1070108000,None,584302000,25797000,615293000,None,None,None,413423000,1855764000,494809000,None,120230510,USD,-21119000,23122000,-40843000,443000,-18750000,-18185000,197000,None,52413000,17566000,76594000,1441000,11562000,0,368000,-511000,0,5477000,20167000,-16910000,-662000,16904000,36.21,33.51
19,2015-07-31,USD,282293000,801678000,195528000,86765000,87052000,57412000,0,0,81446000,534000,28444000,287000,86765000,0,5606000,None,None,None,0,19365000,0,24034000,-12332000,0,57412000,57412000,None,USD,1799952000,17857000,None,44773000,835488000,964464000,5322000,3724000,12000,625437000,24905000,271850000,364968000,456012000,213126000,53671000,53671000,-68793000,700402000,734582000,None,674757000,0,225184000,592135000,8613000,155731000,0,0,12000,0,625437000,0,None,46421000,28840000,1065370000,None,592135000,24905000,622362000,None,None,None,407808000,1799952000,456012000,None,120156340,USD,-4500000,-10544000,-33923000,651000,-18750000,-250781000,1692000,7637000,57412000,-222997000,61707000,-927000,11314000,0,-233723000,-482000,-20417000,3588000,30074000,1346000,267000,-222730000,36.03,36.21
