,fiscalDateEnding,reportedCurrency_x,totalRevenue,totalOperatingExpense,costOfRevenue,grossProfit,ebit,netIncome_x,researchAndDevelopment,effectOfAccountingCharges,incomeBeforeTax,minorityInterest,sellingGeneralAdministrative,otherNonOperatingIncome,operatingIncome,otherOperatingExpense,interestExpense,taxProvision,interestIncome,netInterestIncome,extraordinaryItems,nonRecurring,otherItems,incomeTaxExpense,totalOtherIncomeExpense,discontinuedOperations,netIncomeFromContinuingOperations,netIncomeApplicableToCommonShares,preferredStockAndOtherAdjustments,reportedCurrency_y,totalAssets,intangibleAssets,earningAssets,otherCurrentAssets,totalLiabilities,totalShareholderEquity,deferredLongTermLiabilities,otherCurrentLiabilities,commonStock,retainedEarnings,otherLiabilities,goodwill,otherAssets,cash,totalCurrentLiabilities,shortTermDebt,currentLongTermDebt,otherShareholderEquity,propertyPlantEquipment,totalCurrentAssets,longTermInvestments,netTangibleAssets,shortTermInvestments,netReceivables,longTermDebt,inventory,accountsPayable,totalPermanentEquity,additionalPaidInCapital,commonStockTotalEquity,preferredStockTotalEquity,retainedEarningsTotalEquity,treasuryStock,accumulatedAmortization,otherNonCurrrentAssets,deferredLongTermAssetCharges,totalNonCurrentAssets,capitalLeaseObligations,totalLongTermDebt,otherNonCurrentLiabilities,totalNonCurrentLiabilities,negativeGoodwill,warrants,preferredStockRedeemable,capitalSurplus,liabilitiesAndShareholderEquity,cashAndShortTermInvestments,accumulatedDepreciation,commonStockSharesOutstanding,reportedCurrency,investments,changeInLiabilities,cashflowFromInvestment,otherCashflowFromInvestment,netBorrowings,cashflowFromFinancing,otherCashflowFromFinancing,changeInOperatingActivities,netIncome_y,changeInCash,operatingCashflow,otherOperatingCashflow,depreciation,dividendPayout,stockSaleAndPurchase,changeInInventory,changeInAccountReceivables,changeInNetIncome,capitalExpenditures,changeInReceivables,changeInExchangeRate,changeInCashAndCashEquivalents,clossingVal,nextClossingVal
0,2020-06-30,USD,59549000,27361000,29443000,30106000,2707000,1764000,8371000,None,1702000,None,16124000,-38000,2745000,2866000,803000,-62000,None,-803000,None,None,None,-62000,-240000,None,1764000,1764000,None,USD,340244000,78807000,None,9109000,149319000,190925000,8439000,8299000,15000,12683000,8439000,150216000,17121000,18668000,36575000,3457000,3457000,None,13729000,73148000,14962000,-38098000,None,43764000,98649000,1607000,24819000,None,None,15000,None,12683000,None,None,9382000,None,267096000,7223000,98649000,5656000,112744000,None,None,None,178227000,340244000,18668000,None,14512000,USD,-1471000,2200000,-1471000,-563000,66000,-1385000,None,5299000,1764000,14388000,17244000,-589000,3422000,-1451000,None,-243000,5744000,1914000,908000,8776000,None,14388000,22.79,
1,2020-03-31,USD,69757000,29981000,33644000,36113000,6494000,4090000,8271000,None,5315000,None,18844000,362000,6132000,2866000,1179000,1225000,-1179000,-1179000,None,None,None,1225000,362000,None,4090000,4090000,None,USD,335933000,81127000,None,7814000,146573000,189360000,8688000,7807000,15000,12370000,8688000,150216000,19899000,4280000,38610000,8430000,8430000,None,13294000,63875000,17794000,-41983000,None,50416000,93325000,1365000,22373000,None,None,15000,None,12370000,None,None,9627000,None,272058000,7522000,93325000,5950000,107963000,None,None,None,176975000,335933000,4280000,None,14512000,USD,-3041000,-2398000,-3041000,-921000,-6195000,-7630000,None,-3815000,4090000,-3077000,7594000,-1862000,3372000,-1435000,None,62000,-88000,4422000,2120000,-92000,None,-3077000,22.25,22.79
2,2019-12-31,USD,70638000,61725000,34053000,36585000,17375000,11227000,9177000,None,12760000,None,15628000,None,8913000,None,1425000,1533000,-1425000,-1425000,None,None,None,1533000,5272000,None,11227000,10810000,None,USD,339589000,83110000,None,4005000,155242000,184347000,1771000,8628000,14000,9715000,7623000,150216000,20038000,7357000,41930000,8430000,8430000,None,19393000,66832000,None,-48979000,None,38819000,99433000,1426000,8804000,None,None,None,None,None,None,None,1771000,None,272757000,7800000,99433000,None,113312000,None,None,None,174618000,None,7357000,None,14000000,USD,-90000,1196000,-90000,-10733000,-13194000,-14630000,-206000,2219000,11227000,3368000,18088000,None,3190000,-1436000,3000,46000,798000,-1467000,90000,None,None,None,26.4,22.25
3,2019-09-30,USD,68699000,29908000,32784000,35915000,6011000,4135000,9158000,None,4309000,None,17650000,4000,6007000,3100000,1702000,174000,-1702000,-1702000,None,None,None,174000,4000,None,4135000,4135000,None,USD,340856000,85977000,None,8574000,168825000,172031000,6733000,8656000,14000,-76000,6733000,149960000,19353000,3988000,42974000,8430000,8430000,None,11826000,65679000,18214000,-63906000,None,51645000,112540000,1472000,25888000,None,None,14000,None,-76000,None,None,9200000,None,275177000,8061000,112540000,6578000,125851000,None,None,None,172093000,340856000,3988000,None,14356000,USD,-541000,1554000,-541000,107000,-8940000,-10372000,-206000,-1632000,4134000,-2861000,8052000,-2270000,3540000,-1435000,3000,397000,-1422000,1354000,648000,-657000,None,-2861000,22.61,26.4
4,2019-06-30,USD,66156000,30919000,31621000,34535000,3899000,1663000,9297000,None,2136000,None,19106000,283000,3616000,2516000,1763000,473000,-1763000,-1763000,None,None,None,473000,283000,None,1663000,1663000,None,USD,345091000,88987000,None,8915000,177932000,167159000,7247000,10117000,14000,-2775000,7247000,149869000,19170000,6849000,42999000,7783000,7783000,None,11532000,68624000,18196000,-71697000,None,50991000,122040000,1869000,25099000,None,None,14000,None,-2775000,None,None,7883000,None,276467000,6909000,122040000,5646000,134933000,None,None,None,169920000,345091000,6849000,None,14355000,USD,-11389000,-7088000,-11389000,-10840000,5692000,4256000,-206000,3970000,8551000,18216000,25349000,-1205000,8912000,-1436000,None,-622000,1421000,12791000,549000,4010000,None,18216000,27.79,22.61
5,2019-03-31,USD,69141000,31067000,32026000,37115000,6296000,3444000,9228000,None,4492000,None,19316000,248000,6048000,2523000,1804000,1048000,-1804000,-1804000,None,None,None,1048000,248000,None,3444000,3444000,None,USD,329839000,83703000,None,8173000,165598000,164241000,5731000,10899000,14000,-3002000,5731000,140449000,924000,4409000,39811000,8597000,8597000,None,10987000,68232000,19662000,-59911000,None,53900000,115448000,1750000,20315000,None,None,14000,None,-3002000,None,None,6806000,None,261607000,5882000,115448000,4608000,125787000,None,None,None,167229000,329839000,4409000,None,14356000,USD,-473000,2725000,-473000,None,-7110000,-8738000,-206000,-4397000,-3444000,-17099000,-7888000,74000,-2970000,-1422000,None,251000,-156000,-4497000,473000,-27000,None,-17099000,29.69,27.79
6,2018-12-31,USD,72327000,30025000,32654000,39673000,2281000,7588000,8995000,0,7895000,0,18438000,-7367000,9648000,2592000,-1962000,None,None,None,0,0,0,307000,-1752000,0,7588000,7588000,None,USD,327746000,86226000,None,7175000,167963000,159783000,4877000,10201000,14000,-5024000,4877000,140449000,20258000,5732000,38503000,6486000,6236000,None,10875000,69938000,19263000,-66892000,None,55533000,124583000,1498000,21816000,None,None,14000,None,-5024000,None,None,995000,None,257808000,None,124583000,None,129460000,None,None,None,164793000,327746000,5732000,None,14083000,USD,None,-817000,-160000,None,-6542000,-8360000,-409000,-2417000,7588000,557000,9077000,-318000,3057000,-1409000,None,-300000,276000,3089000,160000,-3222000,None,557000,25.1,29.69
7,2018-09-30,USD,69297000,30763000,33173000,36124000,5562000,5749000,9305000,0,3733000,0,18766000,201000,5361000,2692000,1829000,None,None,None,0,0,0,-2016000,-1628000,0,5749000,5749000,None,USD,326892000,88818000,None,6770000,175700000,151192000,5011000,11115000,14000,-11203000,5011000,140449000,16375000,5175000,38971000,5807000,5807000,None,11094000,70156000,15371000,-78075000,None,57013000,131718000,1198000,22049000,None,None,14000,None,-11203000,None,None,1004000,None,256736000,None,131718000,None,136729000,None,None,None,162381000,326892000,5175000,None,13760000,USD,None,-1467000,-401000,None,-1542000,-2950000,-409000,-2550000,5748000,3683000,7034000,1725000,3127000,-1408000,None,281000,279000,1647000,401000,-4027000,None,3683000,26.85,25.1
8,2018-06-30,USD,67905000,32621000,33059000,34846000,2419000,328000,9314000,0,612000,0,20706000,194000,2225000,2601000,1807000,None,None,None,0,0,0,284000,-1613000,0,328000,328000,None,USD,322844000,91510000,None,6689000,178603000,144241000,6646000,12300000,14000,-15543000,6646000,140449000,14180000,1492000,38806000,5830000,5830000,None,11042000,65663000,13025000,-87718000,None,56004000,133151000,1478000,20676000,None,None,14000,None,-15543000,None,None,1155000,None,257181000,None,133151000,None,139797000,None,None,None,159770000,322844000,1492000,None,13760000,USD,None,-2417000,-357000,None,-3162000,-4571000,-409000,1598000,329000,-235000,4693000,-67000,3226000,-1409000,None,-121000,-1449000,4429000,357000,-686000,None,-235000,32.9,26.85
9,2018-03-31,USD,70882000,31437000,31797000,39085000,7846000,3967000,8757000,0,5868000,0,20078000,198000,7648000,2602000,1978000,None,None,None,0,0,0,1901000,-1780000,0,3967000,3967000,None,USD,325385000,94111000,None,5935000,182817000,142568000,6019000,12637000,14000,-14463000,6019000,140449000,14436000,1727000,40567000,5825000,5825000,None,11223000,65166000,13245000,-91992000,0,56146000,136231000,1358000,22105000,0,0,14000,0,-14463000,0,None,1191000,None,260219000,None,136231000,None,142250000,None,None,None,157017000,325385000,1727000,None,13760000,USD,None,-1517000,-60000,0,-464000,-1858000,-409000,-6891000,3967000,1207000,3125000,-527000,3217000,-1394000,0,59000,-3004000,3362000,60000,-5436000,None,1207000,29.2,32.9
10,2017-12-31,USD,78062000,63498000,32682000,45380000,-27029000,-21537000,10174000,0,-21222000,0,22721000,-8911000,-18118000,2603000,1929000,None,None,None,0,28000000,0,315000,-34709000,0,-21537000,-21537000,None,USD,318216000,96713000,None,2824000,182130000,136086000,4667000,8707000,14000,-19006000,4667000,140449000,248647000,520000,40849000,5820000,5820000,None,11692000,57877000,11485000,-101076000,0,53116000,136614000,1417000,26322000,0,0,14000,0,-19006000,0,None,None,None,260339000,None,136614000,None,141281000,None,None,None,155078000,318216000,520000,None,13760000,USD,None,3613000,-262000,0,-3498000,-5498000,-625000,-11269000,-21537000,-434000,5326000,331000,3228000,-1375000,0,-288000,-7847000,32348000,262000,-12369000,None,-434000,30.05,29.2
11,2017-09-30,USD,67113000,29853000,31638000,35475000,5724000,2288000,9345000,0,3662000,0,17907000,102000,5622000,2601000,2062000,None,None,None,0,168000000,0,1374000,-92000,0,2288000,2288000,None,USD,340536000,99314000,None,3832000,183684000,156852000,6472000,8587000,14000,3906000,6472000,168449000,277861000,954000,40892000,8175000,8175000,None,11959000,50716000,10098000,-110911000,0,44801000,136320000,1129000,24130000,0,0,14000,0,3906000,0,None,None,None,289820000,None,136320000,None,142792000,None,None,None,152932000,340536000,954000,None,13756000,USD,None,-1878000,1000,0,912000,-3214000,-625000,-4699000,2288000,-787000,2426000,653000,3309000,-4126000,0,-54000,4358000,3640000,1000,-5532000,None,-787000,29.55,30.05
12,2017-06-30,USD,67677000,32437000,30792000,36885000,4518000,1587000,9308000,0,2580000,0,20528000,70000,4448000,2601000,1938000,None,None,None,0,-112000000,0,993000,-131000,0,1587000,1587000,None,USD,339878000,101915000,None,4566000,183242000,156636000,5166000,8564000,14000,5744000,5166000,168449000,279457000,1741000,42065000,7389000,143400000,None,12485000,47936000,9093000,-113728000,0,40554000,136011000,1075000,26112000,0,0,14000,0,5744000,0,None,None,None,291942000,None,136011000,None,141177000,None,None,None,150878000,339878000,1741000,None,13756000,USD,None,5374000,-465000,0,-3136000,-5886000,-625000,-2238000,1587000,-147000,6204000,-860000,3486000,-2751000,1000,142000,3013000,2781000,465000,-6306000,None,-147000,32.8,29.55
13,2017-03-31,USD,64075000,30323000,30518000,33557000,3304000,246000,8934000,0,1497000,0,18788000,70000,3234000,2601000,1807000,None,None,None,0,28000000,0,1251000,-1737000,0,246000,246000,None,USD,336315000,104517000,None,3882000,180202000,156113000,4370000,9743000,13000,6908000,4370000,168449000,278991000,1888000,36082000,6603000,6603000,None,12721000,44603000,6025000,-116853000,0,37616000,139750000,1217000,19736000,0,0,13000,0,6908000,0,None,None,None,291712000,None,139750000,None,144120000,None,None,None,149192000,336315000,1888000,None,13536000,USD,None,3983000,0,0,-6635000,-10019000,-625000,-154000,246000,-332000,9687000,-154000,3501000,-3384000,0,480000,801000,2579000,0,-948000,None,-332000,28.0,32.8
14,2016-12-31,USD,64551000,29583000,30876000,33675000,-2418000,2001000,8855000,0,2409000,0,18126000,-6510000,4092000,2602000,1781000,None,None,None,0,28000000,0,408000,-12924000,0,2001000,2001000,None,USD,339150000,107118000,None,3361000,181180000,157970000,3246000,5840000,13000,10046000,3246000,168449000,281162000,2220000,30945000,5817000,5817000,None,13439000,44549000,5595000,-117597000,0,37271000,146989000,1697000,19288000,0,0,13000,0,10046000,0,None,None,None,294601000,None,146989000,None,150235000,None,None,None,147911000,339150000,2220000,None,13533000,USD,10861000,-2131000,-151789000,0,-3027000,-6114000,160000,-3949000,2001000,-1436000,4678000,979000,3414000,-3247000,0,-17000,-3927000,2657000,39000,-2225000,None,-1436000,23.6,28.0
15,2016-09-30,USD,64663000,28707000,31215000,32951000,4297000,1599000,8397000,0,2578000,0,17709000,53000,4312000,2601000,1718000,None,None,None,0,0,0,979000,-92000,0,1599000,1599000,None,USD,342548000,109720000,None,5040000,186299000,156249000,1707000,8655000,13000,11293000,None,166109000,280436000,3656000,34005000,5075000,5075000,None,14164000,47948000,4607000,-119580000,0,37571000,150587000,1681000,20275000,0,0,13000,0,11293000,0,None,None,None,294600000,None,150587000,None,152294000,None,None,None,144943000,342548000,3656000,None,13000000,USD,None,-6299000,-151789000,0,-782000,-6077000,-694000,566000,1599000,-168000,5909000,566000,3454000,-4601000,0,41000,1489000,3598000,39000,2950000,None,-168000,26.06,23.6
16,2016-06-30,USD,68415000,29872000,32614000,35135000,5332000,1996000,8179000,0,3690000,0,19069000,69000,5716000,2624000,1642000,None,None,None,0,0,0,1694000,-104000,0,1996000,1996000,None,USD,347906000,112321000,None,4342000,189607000,158299000,0,11446000,13000,14295000,None,166109000,282747000,3824000,38270000,4002000,4002000,None,13911000,51248000,4038000,-120131000,0,41361000,151337000,1721000,22822000,0,0,13000,0,14295000,0,None,None,279000,296658000,None,151337000,None,151337000,None,None,None,143991000,347906000,3824000,None,13000000,USD,1132000,-15809000,712000,-413000,9219000,734000,135000,170000,1996000,-7870000,-8482000,214000,3684000,-8657000,37000,-567000,2564000,2468000,7000,-1258000,None,-7870000,39.92,26.06
17,2016-03-31,USD,69643000,35477000,32702000,36253000,775000,-1663000,7190000,0,-693000,0,25393000,-1000,776000,2355000,1468000,None,None,None,0,0,0,970000,-1469000,0,-1663000,-1663000,None,USD,360276000,109245000,None,5041000,196988000,163288000,0,15233000,13000,20950000,None,170589000,284691000,11694000,54260000,3221000,3221000,-6000,14795000,60790000,2701000,-116546000,1144000,41757000,142728000,1154000,35806000,0,0,13000,0,20956000,0,None,None,2156000,299486000,None,142728000,None,142728000,None,None,None,142325000,360276000,12838000,None,13000000,USD,9729000,-1981000,-152501000,-162198000,145791000,138410000,109000,72000,-1663000,-13257000,834000,28000,3365000,-8587000,1097000,557000,985000,2364000,32000,-1880000,None,-13257000,52.12,39.92
18,2015-12-31,USD,44230420,12909727,26715180,17515240,4675269,3392942,3523000,0,4675269,0,12909727,69756,4605513,10182000,-6609000,None,None,None,0,28000000,0,1282327,-2731890,0,3392942,3392942,None,USD,92787873,0,None,1782919,17421455,75366418,0,3820526,11303,31206022,None,0,3879000,24950617,17421455,5817000,5817000,-37678,14350669,74557419,1569179,75366418,10823689,35505335,0,1494859,13600929,0,0,11303,0,31206022,0,None,None,2310606,18230454,None,None,None,None,None,None,None,44186771,92787873,35774306,None,11302688,USD,-33356,-1809105,-33356,0,151201000,-7199367,34354,6811000,3392943,-2682097,4550626,224727,674960,-7233721,0,-12746,6335000,111333,448000,1968514,None,-2682097,49.75,52.12
19,2015-09-30,USD,44617556,13350704,27006120,17611436,4397622,3538903,3554000,0,4397622,0,13350704,136890,4260732,0,0,None,None,None,0,0,0,858719,22070,0,3538903,3538903,None,USD,97843805,0,None,2813511,20026338,77817467,0,3878588,11303,35046800,None,0,2379000,27632714,20026338,None,None,-11057,15019629,80444901,1922239,77817467,10833269,37677294,0,1488113,16147750,0,0,11303,0,35046800,0,None,None,457036,17398904,None,None,None,None,None,None,None,42770421,97843805,38465983,None,11302688,USD,-73312,3663217,-73312,0,None,-7452338,-218618,None,3538902,1384021,8909671,481820,672717,-7233720,0,-168303,4365000,1835388,447000,-1114070,None,1384021,42.13,49.75
