,fiscalDateEnding,reportedCurrency_x,totalRevenue,totalOperatingExpense,costOfRevenue,grossProfit,ebit,netIncome_x,researchAndDevelopment,effectOfAccountingCharges,incomeBeforeTax,minorityInterest,sellingGeneralAdministrative,otherNonOperatingIncome,operatingIncome,otherOperatingExpense,interestExpense,taxProvision,interestIncome,netInterestIncome,extraordinaryItems,nonRecurring,otherItems,incomeTaxExpense,totalOtherIncomeExpense,discontinuedOperations,netIncomeFromContinuingOperations,netIncomeApplicableToCommonShares,preferredStockAndOtherAdjustments,reportedCurrency_y,totalAssets,intangibleAssets,earningAssets,otherCurrentAssets,totalLiabilities,totalShareholderEquity,deferredLongTermLiabilities,otherCurrentLiabilities,commonStock,retainedEarnings,otherLiabilities,goodwill,otherAssets,cash,totalCurrentLiabilities,shortTermDebt,currentLongTermDebt,otherShareholderEquity,propertyPlantEquipment,totalCurrentAssets,longTermInvestments,netTangibleAssets,shortTermInvestments,netReceivables,longTermDebt,inventory,accountsPayable,totalPermanentEquity,additionalPaidInCapital,commonStockTotalEquity,preferredStockTotalEquity,retainedEarningsTotalEquity,treasuryStock,accumulatedAmortization,otherNonCurrrentAssets,deferredLongTermAssetCharges,totalNonCurrentAssets,capitalLeaseObligations,totalLongTermDebt,otherNonCurrentLiabilities,totalNonCurrentLiabilities,negativeGoodwill,warrants,preferredStockRedeemable,capitalSurplus,liabilitiesAndShareholderEquity,cashAndShortTermInvestments,accumulatedDepreciation,commonStockSharesOutstanding,reportedCurrency,investments,changeInLiabilities,cashflowFromInvestment,otherCashflowFromInvestment,netBorrowings,cashflowFromFinancing,otherCashflowFromFinancing,changeInOperatingActivities,netIncome_y,changeInCash,operatingCashflow,otherOperatingCashflow,depreciation,dividendPayout,stockSaleAndPurchase,changeInInventory,changeInAccountReceivables,changeInNetIncome,capitalExpenditures,changeInReceivables,changeInExchangeRate,changeInCashAndCashEquivalents,clossingVal,nextClossingVal
0,2020-06-30,USD,14193000,3916000,10820000,3373000,-531000,-1823000,370000,None,-1822000,None,3546000,12000,-543000,-14193000,1291000,1000,8000,-1283000,None,None,None,1000,4000,None,-1823000,-1823000,None,USD,70468000,None,None,4778000,57589000,12879000,2662000,7025000,11000,-902692000,902000,None,4640000,16200000,21634000,878000,878000,-1879000,9131000,53244000,None,12879000,None,14655000,30112000,17582000,13731000,None,None,11000,None,-902692000,None,None,8093000,None,17224000,None,30112000,5843000,35955000,None,None,None,917439000,70468000,16200000,None,11023921,USD,-74000,-4845000,-74000,None,1734000,3106000,-4000,-1024000,-1823000,1161000,-1871000,-1362000,652000,None,1376000,3646000,1584000,277000,74000,1584000,None,1161000,3.02,
1,2020-03-31,USD,11560000,6034000,11102000,457000,-5600000,-6950000,839000,None,-6946000,None,5195000,-23000,-5577000,-11559000,1346000,4000,-1337000,-1337000,None,None,None,4000,-32000,None,-6950000,-6962000,None,USD,73955000,None,None,3987000,60934000,13021000,2672000,7898000,10000,-900869000,944000,None,4333000,15100000,26953000,477000,477000,-1875000,8970000,56755000,None,13021000,None,16240000,27963000,21460000,18578000,None,None,10000,None,-900869000,-1875000,None,8230000,None,17200000,None,27963000,6018000,33981000,None,None,None,915755000,73955000,15100000,None,10228789,USD,-307000,-4281000,-307000,None,-20000,2623000,-56000,531000,-6950000,-1682000,-3998000,3162000,648000,None,2699000,-672000,3073000,992000,307000,3073000,None,-1682000,1.2,3.02
2,2019-12-31,USD,17383000,6252000,14755000,2628000,-3618000,-4907000,972000,None,-4907000,None,5280000,6000,-3624000,-17383000,1289000,0,-1289000,-1289000,None,None,None,None,6000,None,-4907000,-4907000,None,USD,78665000,19000,None,3904000,62282000,16383000,2679000,4941000,9000,-893907000,1120000,None,4383000,16700000,28300000,471000,471000,-1816000,8973000,61310000,None,16364000,None,19821000,27657000,20855000,22888000,None,None,9000,None,-893907000,-1816000,None,8363000,None,17355000,None,27657000,6325000,33982000,None,None,None,912097000,78665000,16700000,None,8804910,USD,-869000,3156000,-869000,None,-200000,1001000,-18000,-138000,-4907000,-4168000,-4300000,-975000,734000,None,1219000,-891000,-1727000,360000,869000,-1727000,None,-4168000,3.06,1.2
3,2019-09-30,USD,20740000,6399000,17659000,3081000,-3161000,-4448000,900000,None,-4448000,None,5499000,157000,-3318000,-20740000,1287000,0,-1287000,-1287000,None,None,None,None,157000,None,-4448000,-4523000,None,USD,80195000,75000,None,4178000,60700000,19495000,2703000,6224000,80000,-889000000,987000,None,4609000,20900000,27559000,1490000,1490000,-1798000,8584000,63028000,None,19420000,None,18095000,27672000,19857000,19845000,None,None,80000,None,-889000000,-1798000,None,8508000,None,17167000,None,27672000,5469000,33141000,None,None,None,910213000,80195000,20900000,None,7955191,USD,-2054000,706000,-2054000,None,-198000,4595000,-25000,663000,-4448000,-3659000,-6200000,-949000,726000,None,4818000,427000,-3197000,480000,2054000,-3197000,None,-3659000,0.51,3.06
4,2019-06-30,USD,19244000,7175000,16379000,2865000,-4309000,-5593000,938000,None,-5585000,None,6237000,1000,-4310000,-19244000,1276000,8000,-1276000,-1276000,None,None,None,8000,1000,None,-5593000,-5593000,None,USD,80398000,131000,None,4407000,61353000,19045000,2740000,7766000,73000,-884477000,1121000,None,4782000,24612000,28007000,1181000,1181000,-1772000,7455000,64320000,None,18914000,None,14820000,27389000,20481000,19060000,None,None,73000,None,-884477000,-1772000,None,8492000,None,16078000,None,27389000,5957000,33346000,None,None,None,905221000,80398000,24612000,None,73144573,USD,-977000,-2140000,-977000,None,-195000,1027000,-1000,-1107000,-5593000,-5150000,-5200000,179000,663000,None,1223000,-363000,1402000,687000,977000,1402000,None,-5150000,0.7866,0.51
5,2019-03-31,USD,22019000,24976000,18666000,3353000,-2652000,-3955000,887000,None,-3952000,None,5423000,1000,-2957000,None,996000,3000,-996000,-996000,None,None,None,3000,1000,None,-3955000,-3955000,None,USD,79963000,187000,None,3818000,56809000,23154000,2768000,7167000,72000,-878884000,1411000,None,4375000,29727000,28087000,31000,31000,-1772000,5291000,70110000,None,22967000,None,16222000,27311000,20343000,20889000,None,None,72000,None,-878884000,-1772000,None,2972000,None,9853000,None,27311000,1623000,28722000,None,None,None,903738000,79963000,29727000,None,71709203,USD,-290000,3187000,-3360000,None,18333000,31382000,-41000,25000,-16659000,10319000,-17703000,2097000,1261000,None,10984000,-2449000,-2997000,600000,3360000,-2997000,None,13046000,0.9,0.7866
6,2018-12-31,USD,18030000,5465000,15790000,2240000,-3248000,-3450000,891000,None,-3450000,None,4574000,-23000,-3225000,None,202000,None,None,None,None,None,None,0,-225000,None,-3450000,-3450000,None,USD,61739000,243000,None,3905000,37065000,24674000,2799000,4749000,72000,-874928000,1532000,None,4160000,16681000,35287000,10926000,190000,-1731000,6233000,52186000,None,24431000,None,13225000,246000,18375000,19612000,None,None,72000,None,-874928000,-1731000,None,3077000,None,9553000,None,246000,1532000,1778000,None,None,None,901261000,61739000,16681000,None,71593269,USD,None,1511000,-2754000,None,-1731000,1134000,-41000,745000,-3449000,-1622000,-2000,103000,436000,None,2865000,-3081000,3707000,771000,2754000,3707000,None,-1622000,0.5987,0.9
7,2018-09-30,USD,22174000,6199000,20137000,2037000,-4169000,-4357000,891000,None,-4355000,None,5308000,-7000,-4162000,None,186000,None,None,None,None,None,None,2000,-193000,None,-4357000,-4357000,None,USD,62642000,299000,None,4967000,37676000,24966000,2828000,5497000,68000,-871479000,1674000,0,4234000,18303000,35891000,12535000,39000,-1731000,3940000,55278000,None,24667000,6000000,16531000,111000,15477000,17859000,0,0,68000,0,-871479000,-1731000,None,3125000,None,7364000,None,111000,1674000,1785000,None,None,None,898108000,62642000,18303000,None,67607817,USD,None,602000,-153000,0,2424000,5464000,-70000,-3069000,-4358000,-1266000,-6577000,-4154000,328000,0,3110000,301000,-703000,1407000,153000,-703000,None,-1266000,1.0,0.5987
8,2018-06-30,USD,21189000,6583000,19367000,1822000,-4775000,-4897000,932000,None,-4893000,None,5651000,-14000,-4761000,None,118000,None,None,None,None,None,None,4000,-269000,None,-4897000,-4897000,None,USD,61089000,355000,None,5018000,35030000,26059000,0,6529000,64000,-867121000,1524000,0,1418000,19569000,33385000,10101000,77000,-1661000,3891000,56528000,None,25704000,6000000,15886000,121000,16055000,16755000,0,0,64000,0,-867121000,-1661000,None,315000,None,4561000,None,121000,1524000,1645000,None,None,None,894777000,61089000,19569000,None,64192796,USD,None,-186000,-163000,0,1372000,6342000,-3000,-2789000,-4897000,161000,-6018000,-1488000,325000,0,4973000,-621000,84000,765000,163000,84000,None,161000,1.43,1.0
9,2018-03-31,USD,21062000,6591000,16293000,4769000,-1816000,-1944000,795000,0,-1933000,0,5796000,6000,-1822000,0,117000,None,None,None,0,-238251000,0,11000,-1404000,0,-1944000,-1944000,None,USD,58373000,411000,None,2803000,32614000,25759000,0,6596000,57000,-862225000,396000,0,1291000,19408000,32088000,8719000,192000,-1658000,3900000,53812000,None,25348000,5000000,15968000,130000,15633000,16773000,0,0,57000,0,-862225000,-1658000,None,250000,None,4561000,None,130000,396000,526000,None,None,None,889585000,58373000,19408000,None,56916646,USD,None,1788000,-331000,0,-2598000,2690000,-3000,459000,-1943000,2886000,527000,-148000,350000,0,5288000,-1804000,1525000,759000,331000,1525000,None,2886000,1.145,1.43
10,2017-12-31,USD,22761000,5014000,17804000,4957000,-153000,-323000,957000,0,-323000,0,4057000,-96000,-57000,0,170000,None,None,None,0,627762000,0,48656000,32086000,0,-323000,-323000,None,USD,54669000,467000,None,3063000,32433000,22236000,3802000,5232000,50000,-860282000,118000,71057000,1797000,16522000,32298000,11284000,None,-1658000,4026000,49886000,None,21769000,5000000,16078000,17000,14223000,15782000,None,None,50000,None,-860282000,-1658000,None,290000,None,4783000,None,17000,118000,135000,None,None,None,884126000,54669000,16522000,None,50188428,USD,None,-1340000,-900000,-18580000,1276000,5582000,-1604000,-1531000,-323000,1366000,-3316000,-935000,306000,-5260000,4306000,1569000,1697000,-512000,900000,-2081000,None,1366000,0.77,1.145
11,2017-09-30,USD,19774000,5935000,16758000,3016000,-3562000,-3667000,1139000,0,-3660000,0,4796000,-643000,-2919000,0,98000,None,None,None,0,-809903000,0,7000,-43309000,0,-3667000,-3667000,None,USD,51303000,523000,None,2545000,33236000,18067000,0,4999000,45000,-859959000,136000,0,1848000,15156000,33080000,9589000,14000,-1658000,3226000,47223000,None,17544000,5000000,13248000,20000,16274000,18492000,0,0,45000,0,-859959000,-1658000,None,331000,None,4080000,None,20000,136000,156000,None,None,None,879639000,51303000,15156000,None,44813869,USD,None,-71000,-343000,0,30000,1480000,-17000,-309000,-3668000,-3983000,-5120000,-757000,307000,0,1467000,-1350000,3778000,1427000,343000,-1008000,None,-3983000,0.695,0.77
12,2017-06-30,USD,19240000,6109000,17001000,2239000,-3871000,-4092000,1149000,0,-4092000,0,4960000,-1000,-3870000,0,221000,None,None,None,0,420392000,0,51018000,24847000,0,-4092000,-4092000,None,USD,53170000,583000,None,2583000,33696000,19474000,0,5877000,42000,-856291000,147000,0,1772000,19139000,33526000,9612000,9635000,-1641000,2894000,49391000,None,18891000,5000000,12231000,23000,15438000,18037000,0,0,42000,0,-856291000,-1641000,None,302000,None,3779000,None,23000,147000,170000,None,None,None,877364000,53170000,19139000,None,42268594,USD,None,-775000,-178000,0,-2171000,344000,-5000,-1631000,-4092000,-566000,-732000,-1176000,409000,0,2520000,-1010000,4786000,1126000,178000,4786000,None,-566000,0.68,0.695
13,2017-03-31,USD,22921000,6156000,20802000,2119000,-4471000,-4631000,1135000,0,-4615000,0,5021000,-434000,-4037000,0,144000,None,None,None,0,-264993000,0,16000,-15616000,0,-4631000,-4631000,None,USD,58271000,651000,None,3073000,40290000,17981000,0,5050000,39000,-850876000,158000,0,1837000,19705000,40106000,11835000,302000,-1639000,3076000,54319000,None,17330000,5514000,17003000,26000,14538000,23221000,0,0,39000,0,-850876000,-1639000,None,225000,None,3952000,None,26000,158000,184000,None,None,None,870457000,58271000,19705000,None,38803630,USD,None,2252000,227000,0,2745000,3047000,-16000,-5129000,-23921000,342000,-2932000,19515000,435000,0,302000,728000,-1903000,1709000,227000,-3650000,None,342000,0.765,0.68
14,2016-12-31,USD,20185000,6130000,24184000,-3999000,-8780000,-8909000,1282000,0,-8909000,0,4848000,1349000,-10129000,0,129000,None,None,None,0,614253000,0,33482000,6027000,0,-8909000,-8909000,None,USD,56402000,736000,None,3339000,34249000,22153000,2367000,4580000,36000,-846245000,168000,61744000,2919000,19370000,34051000,9141000,1006000,-1639000,4778000,50654000,None,21417000,5009000,13213000,30000,14732000,20330000,None,None,36000,None,-846245000,-1639000,None,234000,None,5748000,None,30000,168000,198000,None,None,None,870001000,56402000,19370000,None,35724994,USD,None,-3031000,-347000,-60767000,2411000,9185000,1000,-289000,34380000,3255000,-5583000,-9147000,427000,-5234000,6773000,2205000,1747000,4437000,347000,-474000,None,3255000,0.6801,0.765
15,2016-09-30,USD,14998000,6386000,14328000,670000,-5736000,-5865000,1350000,0,-5865000,0,5036000,-20000,-5716000,0,129000,None,None,None,0,-465680000,0,-10600000,1667000,0,-5865000,-5865000,None,USD,54138000,805000,None,2208000,26203000,27935000,0,4520000,31000,-837336000,179000,0,3317000,16112000,25991000,6228000,None,-1638000,5068000,48025000,None,27130000,5006000,12750000,33000,16955000,15243000,0,0,31000,0,-837336000,-1638000,None,240000,None,6113000,None,33000,179000,212000,None,None,None,866878000,54138000,16112000,None,30678284,USD,None,-3240000,-75000,0,-3000,-33000,-15000,None,0,-7933000,-7825000,-5778000,437000,0,-15000,-3377000,2221000,658000,75000,3475000,None,-7933000,1.37,0.6801
16,2016-06-30,USD,19065000,7367000,16066000,2999000,-4379000,-4516000,1621000,0,-4513000,0,5746000,-11000,-4368000,0,134000,None,None,None,0,116420000,0,3000,469000,0,-4516000,-4516000,None,USD,62428000,873000,None,2376000,28839000,33589000,0,6231000,30000,-831470000,183000,0,3398000,24043000,28596000,6205000,None,None,5385000,55962000,None,32716000,5004000,15734000,60000,13809000,16160000,0,0,30000,0,-831470000,-1624000,None,208000,None,6466000,None,60000,183000,243000,None,None,None,866653000,62428000,24043000,None,30129019,USD,None,1095000,-9000,0,-3576000,9550000,-2000,None,0,7335000,-2206000,-4286000,451000,0,13128000,1935000,0,-147000,9000,-1254000,None,7335000,1.38,1.37
17,2016-03-31,USD,18867000,7269000,16224000,2103000,-5168000,-5319000,1959000,0,-5302000,0,5310000,-2000,-5166000,0,134000,None,None,None,0,-29105000,0,17000,-1537000,0,-5319000,-5319000,None,USD,55892000,941000,None,2636000,31152000,24740000,0,4368000,24000,-826955000,184000,0,3312000,16706000,30894000,9820000,361000,None,5680000,49043000,None,23799000,5002000,13575000,74000,16126000,16706000,0,0,24000,0,-826955000,-1617000,None,228000,None,6849000,None,74000,184000,258000,None,None,None,853288000,55892000,16706000,None,2000000,USD,None,-7864000,-76000,0,-403000,4932000,-1000,-1551000,-25191000,-1766000,-6622000,-5009000,583000,0,5336000,3422000,1021000,670000,76000,1576000,None,-1766000,1.6,1.38
18,2015-12-31,USD,21459000,9907000,17408000,4051000,-5856000,-6015000,2905000,0,-6015000,0,7002000,None,-5856000,0,159000,None,None,None,0,29105000,0,5310000,-1068000,0,-6015000,-6015000,None,USD,63247000,1132000,None,2941000,39589000,23658000,None,3958000,354000,-821636000,184000,33865000,3700000,18470000,39328000,10140000,None,-99005000,6141000,55693000,None,22526000,5000000,13851000,77000,20431000,25230000,None,None,354000,None,-821636000,-1617000,None,281000,None,7554000,None,77000,184000,261000,None,None,None,846557000,63247000,18470000,None,19663666,USD,None,-3248000,-165000,593000,-5662000,472000,-34000,4090000,6954000,2871000,2564000,-5824000,465000,-5291000,6168000,7909000,1036000,803000,165000,2459000,None,2871000,1.4,1.6
19,2015-09-30,USD,17905000,9577000,15977000,1928000,-7685000,-7882000,2872000,0,-7882000,0,6705000,-36000,-7649000,0,197000,None,None,None,0,0,0,98000,-3317000,0,-7882000,-7882000,None,USD,71543000,1200000,None,3179000,48660000,22883000,0,3427000,337000,-815621000,184000,0,3781000,15599000,48375000,15306000,None,None,6430000,63630000,None,21683000,5000000,16164000,101000,28688000,29642000,0,0,337000,0,-815621000,-1576000,None,283000,None,7913000,None,101000,184000,285000,None,None,None,839743000,71543000,15599000,None,335159966,USD,None,693000,-357000,0,-1137000,92000,-15000,None,0,-11816000,-11551000,-8264000,463000,0,1244000,-4746000,0,451000,357000,-148000,None,-11816000,0.34,1.4
