,fiscalDateEnding,reportedCurrency_x,totalRevenue,totalOperatingExpense,costOfRevenue,grossProfit,ebit,netIncome_x,researchAndDevelopment,effectOfAccountingCharges,incomeBeforeTax,minorityInterest,sellingGeneralAdministrative,otherNonOperatingIncome,operatingIncome,otherOperatingExpense,interestExpense,taxProvision,interestIncome,netInterestIncome,extraordinaryItems,nonRecurring,otherItems,incomeTaxExpense,totalOtherIncomeExpense,discontinuedOperations,netIncomeFromContinuingOperations,netIncomeApplicableToCommonShares,preferredStockAndOtherAdjustments,reportedCurrency_y,totalAssets,intangibleAssets,earningAssets,otherCurrentAssets,totalLiabilities,totalShareholderEquity,deferredLongTermLiabilities,otherCurrentLiabilities,commonStock,retainedEarnings,otherLiabilities,goodwill,otherAssets,cash,totalCurrentLiabilities,shortTermDebt,currentLongTermDebt,otherShareholderEquity,propertyPlantEquipment,totalCurrentAssets,longTermInvestments,netTangibleAssets,shortTermInvestments,netReceivables,longTermDebt,inventory,accountsPayable,totalPermanentEquity,additionalPaidInCapital,commonStockTotalEquity,preferredStockTotalEquity,retainedEarningsTotalEquity,treasuryStock,accumulatedAmortization,otherNonCurrrentAssets,deferredLongTermAssetCharges,totalNonCurrentAssets,capitalLeaseObligations,totalLongTermDebt,otherNonCurrentLiabilities,totalNonCurrentLiabilities,negativeGoodwill,warrants,preferredStockRedeemable,capitalSurplus,liabilitiesAndShareholderEquity,cashAndShortTermInvestments,accumulatedDepreciation,commonStockSharesOutstanding,reportedCurrency,investments,changeInLiabilities,cashflowFromInvestment,otherCashflowFromInvestment,netBorrowings,cashflowFromFinancing,otherCashflowFromFinancing,changeInOperatingActivities,netIncome_y,changeInCash,operatingCashflow,otherOperatingCashflow,depreciation,dividendPayout,stockSaleAndPurchase,changeInInventory,changeInAccountReceivables,changeInNetIncome,capitalExpenditures,changeInReceivables,changeInExchangeRate,changeInCashAndCashEquivalents,clossingVal,nextClossingVal
0,2020-06-30,USD,123031000,114692000,90168000,123031000,8237000,5931000,None,None,7865000,None,21418000,-102000,8339000,93274000,372000,1934000,None,-372000,None,None,None,1934000,-102000,None,5931000,5931000,None,USD,548589000,5790000,None,19119000,346374000,202215000,5435000,20248000,7085000,208784000,7322000,87914000,76543000,18807000,197524000,59000000,59000000,-13654000,65402000,189957000,None,108511000,None,152031000,None,None,118276000,None,None,7085000,None,208784000,None,None,188018000,None,11508000,154736000,None,143415000,148850000,None,None,None,None,548589000,18807000,None,7779549,USD,-5568000,7666000,-5568000,None,-11000000,-12370000,-1788000,3818000,5931000,3137000,21075000,973000,3106000,-1788000,418000,None,3612000,-213000,5568000,3612000,-148000,2989000,39.5,
1,2020-03-31,USD,126158000,118063000,90997000,126158000,9517000,6468000,None,None,9155000,None,24123000,1422000,8095000,93940000,362000,2687000,None,-362000,None,None,None,2687000,1422000,None,6468000,6468000,None,USD,550208000,6133000,None,26358000,353848000,196360000,16386000,18941000,5871000,204679000,18446000,87827000,72495000,15818000,191323000,70000000,70000000,-14190000,66626000,191439000,None,102400000,None,149263000,None,None,102382000,None,None,5871000,None,204679000,None,None,187561000,None,10622000,156511000,None,146139000,162525000,None,None,None,None,550208000,15818000,None,7756425,USD,-7949000,-39121000,-7949000,None,70000000,64115000,-430000,-32207000,6468000,-9209000,-65375000,-37430000,2943000,-1796000,-3659000,None,1388000,377000,7949000,1388000,-612000,-9821000,33.41,39.5
2,2019-12-31,USD,119262000,345397000,84349000,352674000,6356000,4763000,None,None,6059000,None,24684000,-921000,7277000,320713000,300000,1296000,None,-300000,None,None,None,1296000,-918000,None,4763000,4763000,None,USD,533243000,6476000,None,14028000,335492000,197751000,15575000,19570000,9265000,200249000,17531000,88504000,62718000,25639000,171410000,None,None,-11763000,61295000,184077000,None,102771000,None,144410000,None,None,151840000,None,None,9265000,None,200249000,None,None,182221000,None,10670000,159398000,None,148507000,164082000,None,None,None,None,533243000,25639000,None,7814797,USD,-4145000,32468000,-4145000,None,-36000000,-38591000,-1999000,7101000,4763000,5003000,47739000,24161000,2910000,-1797000,1205000,None,-16385000,-178000,4145000,-16385000,803000,5806000,54.47,33.41
3,2019-09-30,USD,115686000,24976000,83805000,31881000,7115000,5739000,None,None,6691000,None,22449000,210000,6905000,2527000,424000,952000,None,-424000,None,None,None,952000,210000,None,5739000,5739000,None,USD,505524000,6818000,None,19838000,313172000,192352000,12339000,14747000,9028000,197347000,14149000,87813000,61683000,19833000,172154000,36000000,36000000,-14023000,57788000,180423000,None,97721000,None,140752000,None,None,121407000,None,None,9028000,None,197347000,None,None,163489000,None,9193000,137467000,None,128679000,141018000,None,None,None,None,505524000,19833000,None,7707886,USD,-8644000,28237000,-8644000,None,-5000000,-12624000,-211000,-4489000,5739000,4934000,26202000,-7842000,2532000,-1546000,-6078000,None,-3551000,1087000,8644000,-3551000,-689000,4245000,41.97,54.47
4,2019-06-30,USD,110573000,26290000,75972000,34601000,8466000,5580000,None,None,7947000,None,23737000,155000,8311000,2553000,519000,2367000,None,-519000,None,None,None,2367000,155000,None,5580000,5580000,None,USD,485927000,7161000,None,17773000,291047000,194880000,9263000,15894000,14224000,193191000,10973000,88208000,58393000,15588000,152793000,41000000,41000000,-12535000,52003000,165458000,None,99511000,None,132097000,None,None,95899000,None,None,14224000,None,193191000,None,None,163811000,None,9286000,138179000,None,128991000,138254000,None,None,None,None,485927000,15588000,None,7829310,USD,-3130000,-3236000,-3130000,None,2000000,-6741000,-35000,-727000,5580000,587000,10458000,-5119000,2553000,-1545000,-7161000,None,1435000,579000,3130000,10101000,43000,630000,38.33,41.97
5,2019-03-31,USD,105849000,25359000,73635000,32214000,6111000,4665000,None,None,6100000,None,22743000,-744000,6855000,2616000,11000,1435000,None,-11000,None,None,None,1435000,-744000,None,4665000,4665000,None,USD,451775000,7503000,None,17584000,253885000,197890000,9522000,14673000,20537000,189235000,9522000,88508000,59102000,14958000,149424000,39000000,39000000,-11882000,48409000,166773000,None,101879000,None,134231000,94939000,None,95751000,None,None,20537000,None,189235000,None,None,131278000,None,9304000,104497000,None,94939000,104461000,None,None,None,None,451775000,14958000,None,8005898,USD,-774000,-41275000,-774000,None,39000000,34138000,-388000,-21659000,4665000,-23203000,-56567000,-20664000,2611000,-1651000,-2823000,None,5742000,1020000,774000,-2924000,133000,-23070000,50.54,38.33
6,2018-12-31,USD,108763000,24546000,76372000,32391000,8418000,6859000,0,0,8331000,-20000,21851000,573000,7845000,2695000,87000,None,None,None,-300000,0,0,1492000,1130000,0,6839000,6859000,None,USD,370846000,7846000,None,12527000,174374000,196472000,31877000,8676000,22837000,186229000,31877000,88208000,45564000,38028000,142497000,None,None,-12594000,48088000,181140000,None,100418000,None,130585000,None,None,133821000,None,None,22837000,None,186229000,None,None,36234000,None,9330000,None,None,None,31877000,None,None,None,None,370846000,38028000,None,8010480,USD,None,21992000,-15447000,None,-5562000,-35747000,-3946000,7363000,22472000,-15005000,36189000,-6775000,9942000,-6040000,-25761000,None,2152000,5972000,15447000,-17414000,-1002000,-16007000,42.55,50.54
7,2018-09-30,USD,103871000,24929000,73717000,30154000,5161000,3908000,0,0,4939000,280000,22293000,-64000,5225000,2636000,222000,None,None,None,0,0,0,1031000,-286000,0,3908000,3908000,None,USD,354647000,8189000,None,17247000,154104000,200263000,37014000,5096000,30601000,181041000,37014000,88562000,47145000,11863000,117090000,5000000,None,-11379000,50068000,160683000,None,103512000,0,131573000,0,0,106994000,0,0,30601000,0,181041000,0,None,38560000,None,8585000,None,None,None,37014000,None,None,None,None,354647000,11863000,None,8064510,USD,None,22305000,-4440000,0,-15797000,-16740000,-41000,-770000,3908000,2838000,24407000,None,2638000,-1373000,0,0,-4733000,1059000,4440000,None,None,None,50.22,42.55
8,2018-06-30,USD,105538000,26172000,69705000,35833000,10038000,6839000,0,0,9737000,321000,23739000,377000,9661000,2433000,301000,None,None,None,0,0,0,2898000,1776000,0,6839000,6839000,None,USD,346469000,8531000,None,17355000,149911000,196237000,32931000,5066000,28864000,178554000,32931000,88656000,44960000,9025000,116980000,20789000,20789000,-11181000,50780000,153542000,None,99050000,0,127162000,0,0,91125000,0,0,28864000,0,178554000,0,None,36479000,None,8481000,None,None,None,32931000,None,None,None,None,346469000,9025000,None,8025726,USD,None,-158000,-5691000,0,11359000,-2791000,-41000,4227000,6839000,-1827000,7738000,None,2444000,-1372000,0,0,-9397000,3783000,5691000,None,None,None,50.89,50.22
9,2018-03-31,USD,99476000,23881000,69391000,30085000,5963000,4886000,0,0,5926000,321000,21650000,-241000,6204000,2231000,37000,None,None,None,0,0,0,1040000,-14000,0,4886000,4886000,None,USD,343054000,8881000,None,60093000,138779000,203954000,34507000,6248000,39401000,173131000,34507000,89527000,49280000,10852000,104272000,10000000,10000000,-8578000,46917000,148449000,None,105546000,0,77504000,0,0,88024000,0,0,39401000,0,173131000,0,None,40594000,None,8686000,None,None,None,34507000,None,None,None,None,343054000,10852000,None,8221403,USD,None,-31117000,-3248000,0,10000000,1000,-98000,-14389000,4886000,-43183000,-40539000,None,2223000,-1423000,0,0,-5436000,3294000,3248000,None,None,None,52.29,50.89
10,2017-12-31,USD,97016000,29052000,68606000,28410000,-775000,-2256000,0,0,-898000,-5000,26759000,-133000,-642000,2293000,123000,None,None,None,0,0,0,1363000,-1500000,0,-2261000,-2256000,None,USD,361757000,9208000,None,16913000,154528000,206908000,32547000,8027000,47414000,169390000,32182000,89000000,132833000,54035000,121981000,None,None,-9896000,44643000,184281000,None,108700000,0,113333000,0,0,113954000,0,0,47414000,0,169390000,0,None,25912000,None,8713000,None,None,None,32547000,None,None,None,None,361757000,54035000,None,8297172,USD,None,25915000,-4391000,250000,None,-1016000,-2559000,13027000,-2261000,32660000,38067000,1829000,2223000,-1508000,3051000,0,-21998000,5226000,4391000,5135000,476000,33136000,44.95,52.29
11,2017-09-30,USD,91325000,23256000,62422000,28903000,5651000,3214000,0,0,5535000,11000,20803000,4000,5647000,2453000,116000,None,None,None,0,0,0,2310000,0,0,3225000,3214000,None,USD,334420000,9867000,None,18685000,126243000,207432000,28855000,5090000,44520000,173119000,28500000,88529000,135419000,20899000,97388000,None,None,-10207000,41062000,157939000,None,109036000,0,118355000,0,0,92298000,0,0,44520000,0,173119000,0,None,26918000,None,10105000,None,None,None,28855000,None,None,None,None,334420000,20899000,None,8055783,USD,None,16693000,-2716000,250000,10000000,-8012000,-3777000,-722000,3225000,5546000,16274000,-722000,2437000,-1152000,-6860000,0,11600000,2281000,2716000,-7640000,685000,6231000,41.05,44.95
12,2017-06-30,USD,93563000,22495000,65220000,28343000,6052000,3813000,0,0,5919000,94000,20259000,204000,5848000,2236000,133000,None,None,None,0,0,0,2012000,0,0,3907000,3813000,None,USD,314328000,10227000,None,20954000,105200000,208394000,25413000,3867000,48753000,171122000,25098000,87740000,131430000,14668000,79787000,None,None,-11481000,36854000,146044000,None,110427000,0,110422000,0,0,75920000,0,0,48753000,0,171122000,0,None,23380000,None,10083000,None,None,None,25413000,None,None,None,None,314328000,14668000,None,8197612,USD,None,5212000,-1577000,250000,-6000000,-18174000,-25000,6341000,3907000,-7863000,11888000,6341000,2233000,-1190000,-10984000,0,0,4092000,1827000,-9897000,712000,-7151000,36.32,41.05
13,2017-03-31,USD,88171000,20679000,62581000,25590000,4720000,2853000,0,0,4608000,-23000,18716000,-191000,4911000,1963000,112000,None,None,None,0,0,0,1778000,0,0,2830000,2853000,None,USD,322431000,11324000,None,23666000,107124000,214667000,25119000,5338000,59342000,168559000,24858000,87776000,136096000,21819000,82005000,6000000,6000000,-13234000,36246000,150089000,None,115567000,0,104604000,0,0,70667000,0,0,59342000,0,168559000,0,None,26963000,None,10033000,None,None,None,25119000,None,None,None,None,322431000,21819000,None,8516783,USD,None,-23086000,-16986000,-16163000,6000000,5351000,-703000,4015000,2830000,-32006000,-20371000,4260000,1966000,-1212000,1266000,0,0,3255000,823000,-9596000,295000,-31711000,35.33,36.32
14,2016-12-31,USD,79569000,19870000,56083000,23486000,3450000,2057000,0,0,3375000,19000,17836000,-166000,3616000,2034000,75000,None,None,None,0,0,0,1299000,2970000,0,2076000,2057000,None,USD,323642000,2685000,None,25192000,115759000,207220000,21659000,4520000,54124000,166914000,21537000,74764000,116750000,53530000,94100000,None,None,-13818000,36381000,170511000,None,129771000,0,91789000,0,0,89580000,0,0,54124000,0,166914000,0,None,29252000,None,10049000,None,None,None,21659000,None,None,None,None,323642000,53530000,None,8333990,USD,None,16738000,-1215000,1100000,-75000,-810000,-1052000,3786000,2076000,29925000,31950000,-5545000,2027000,-1166000,1408000,0,1205000,10173000,1215000,6481000,-1579000,28346000,36.6,35.33
15,2016-09-30,USD,81691000,18562000,57832000,23859000,5189000,3193000,0,0,5060000,-42000,16671000,-108000,5297000,1891000,129000,None,None,None,0,0,0,1909000,0,0,3151000,3193000,None,USD,309573000,2930000,None,17895000,102351000,206577000,22107000,4158000,52245000,166105000,21723000,75443000,127698000,25184000,80244000,6000000,6000000,-11773000,38801000,143074000,None,128204000,0,99995000,0,0,76086000,0,0,52245000,0,166105000,0,None,30924000,None,18401000,None,None,None,22107000,None,None,None,None,309573000,25184000,None,8199427,USD,None,15467000,-5058000,1100000,6000000,-2730000,-1390000,5176000,3151000,13500000,21288000,5176000,1884000,0,-2730000,0,0,2118000,5058000,-6508000,-521000,12979000,26.59,36.6
16,2016-06-30,USD,82607000,18977000,57950000,24657000,9389000,5215000,0,0,9269000,1552000,16856000,3709000,5680000,2121000,120000,None,None,None,0,0,0,2502000,0,0,6767000,5215000,None,USD,295494000,3135000,None,20313000,91087000,203720000,21174000,4065000,51973000,162912000,20781000,75726000,131348000,12205000,69913000,6000000,6000000,-11165000,37735000,126411000,None,124859000,0,93893000,0,0,65848000,0,0,51973000,0,162912000,0,None,33934000,18553000,169083000,None,None,None,21174000,None,None,None,None,295494000,12205000,None,8240050,USD,1100000,5007000,-577000,1100000,6000000,-14821000,23000,-1088000,6767000,-10513000,4885000,-1427000,2118000,0,-14844000,0,0,-1528000,1677000,-6052000,137000,-10376000,25.22,26.59
17,2016-03-31,USD,80912000,21071000,55515000,25397000,4330000,2423000,0,0,4185000,-184000,19221000,4000,4326000,1850000,145000,None,None,None,0,0,0,1946000,0,0,2239000,2423000,None,USD,298976000,3385000,None,13864000,84757000,215085000,18966000,6509000,66614000,157698000,18966000,76643000,138470000,22581000,65791000,None,None,-9227000,35243000,125263000,None,135057000,0,88818000,0,0,59282000,0,0,66614000,0,157698000,0,None,39579000,18863000,173713000,None,None,None,18966000,None,None,None,None,298976000,22581000,None,8900775,USD,None,-20888000,-5073000,0,-75000,-829000,-458000,5243000,2239000,-15862000,-9960000,5582000,1846000,0,-296000,0,216000,4202000,5073000,-2941000,304000,-15558000,19.64,25.22
18,2015-12-31,USD,72460000,19870000,51198000,23486000,3450000,2057000,0,0,3375000,19000,17334000,-166000,3616000,2034000,75000,None,None,None,0,4524000,0,1299000,-5103000,0,2076000,2057000,None,USD,313717000,2685000,None,25192000,115759000,211756000,21659000,4520000,54124000,166914000,16191000,76970000,141585000,53530000,86458000,75000,75000,-13818000,36381000,170511000,None,131195000,0,90779000,0,0,89580000,0,0,54124000,0,155275000,0,None,29252000,None,10049000,None,None,None,21659000,None,None,None,None,313717000,53530000,None,None,USD,2000,16738000,-1215000,1479000,-300000,-810000,-1052000,-1893000,2076000,29925000,31950000,-5545000,2027000,-1166000,1408000,0,-4210000,10173000,1215000,6481000,-1579000,28346000,18.65,19.64
19,2015-09-30,USD,76525000,19915000,52029000,24496000,4492000,2860000,0,0,4346000,-47000,18355000,-89000,4581000,1560000,146000,None,None,None,0,0,0,1533000,0,0,2813000,2860000,None,USD,309823000,3856000,None,16871000,93780000,215455000,17860000,6288000,67014000,156582000,13621000,81914000,128099000,21003000,75920000,75000,None,-8141000,28471000,153253000,None,129685000,0,115379000,0,0,69557000,0,0,67014000,0,156582000,0,None,42161000,168000,156570000,None,None,None,17860000,None,None,None,None,309823000,21003000,None,8898155,USD,-43000,10640000,-4247000,1477000,None,-2361000,-16000,None,2813000,5092000,11700000,786000,1551000,0,-2345000,0,0,2447000,4204000,-6537000,95000,5187000,21.58,18.65
