,fiscalDateEnding,reportedCurrency_x,totalRevenue,totalOperatingExpense,costOfRevenue,grossProfit,ebit,netIncome_x,researchAndDevelopment,effectOfAccountingCharges,incomeBeforeTax,minorityInterest,sellingGeneralAdministrative,otherNonOperatingIncome,operatingIncome,otherOperatingExpense,interestExpense,taxProvision,interestIncome,netInterestIncome,extraordinaryItems,nonRecurring,otherItems,incomeTaxExpense,totalOtherIncomeExpense,discontinuedOperations,netIncomeFromContinuingOperations,netIncomeApplicableToCommonShares,preferredStockAndOtherAdjustments,reportedCurrency_y,totalAssets,intangibleAssets,earningAssets,otherCurrentAssets,totalLiabilities,totalShareholderEquity,deferredLongTermLiabilities,otherCurrentLiabilities,commonStock,retainedEarnings,otherLiabilities,goodwill,otherAssets,cash,totalCurrentLiabilities,shortTermDebt,currentLongTermDebt,otherShareholderEquity,propertyPlantEquipment,totalCurrentAssets,longTermInvestments,netTangibleAssets,shortTermInvestments,netReceivables,longTermDebt,inventory,accountsPayable,totalPermanentEquity,additionalPaidInCapital,commonStockTotalEquity,preferredStockTotalEquity,retainedEarningsTotalEquity,treasuryStock,accumulatedAmortization,otherNonCurrrentAssets,deferredLongTermAssetCharges,totalNonCurrentAssets,capitalLeaseObligations,totalLongTermDebt,otherNonCurrentLiabilities,totalNonCurrentLiabilities,negativeGoodwill,warrants,preferredStockRedeemable,capitalSurplus,liabilitiesAndShareholderEquity,cashAndShortTermInvestments,accumulatedDepreciation,commonStockSharesOutstanding,reportedCurrency,investments,changeInLiabilities,cashflowFromInvestment,otherCashflowFromInvestment,netBorrowings,cashflowFromFinancing,otherCashflowFromFinancing,changeInOperatingActivities,netIncome_y,changeInCash,operatingCashflow,otherOperatingCashflow,depreciation,dividendPayout,stockSaleAndPurchase,changeInInventory,changeInAccountReceivables,changeInNetIncome,capitalExpenditures,changeInReceivables,changeInExchangeRate,changeInCashAndCashEquivalents,clossingVal,nextClossingVal
0,2020-06-30,USD,286346,38425039,None,286346,-38105323,-38105323,30686071,None,-38105323,None,7738968,33370,-38138693,None,None,None,12649,12649,None,None,None,None,20721,None,-38105323,-38105323,None,USD,98118080,None,None,19548246,49704201,48413879,None,1144055,8065,-260586081,None,None,14085,63468769,42094980,108936,108936,None,4547303,88017015,None,48413879,None,5000000,None,None,40841989,None,None,8065,None,-260586081,None,None,5553762,None,10101065,8482746,None,7609221,7609221,None,None,None,308991895,98118080,63468769,None,80655848,USD,-16174,2604016,-16174,None,-513842,43474142,-189873,5232640,-38105323,16850848,-26607120,-5544564,320188,None,43987984,None,None,3327539,16174,None,None,16850848,8.39,
1,2020-03-31,USD,1762059,31647345,None,1762059,-29656800,-29656800,23947866,None,-29656800,None,7699479,228486,-29885286,None,None,None,101993,101993,None,None,None,None,126493,None,-29656800,-29656800,None,USD,65203822,None,None,8040032,42512332,22691490,None,742893,7249,-222480758,None,None,14085,46617921,34652696,432905,432905,None,4851317,54657953,None,22691490,None,4443120,None,None,33476898,None,None,7249,None,-222480758,None,None,5694552,None,10545869,8602529,None,7859636,7859636,None,None,None,245164999,65203822,46617921,None,72490449,USD,-463605,270784,-463605,None,-3081994,42934002,-2762240,1218619,-29656800,14869235,-27601162,2009038,319488,None,46015996,None,None,3011026,463605,None,None,14869235,5.24,8.39
2,2019-12-31,USD,2573520,29763831,23487676,2573520,-25504595,-26580761,23487676,None,-26580761,None,6276155,1685716,-27190311,None,None,None,151477,151477,None,None,None,None,458073,None,-26580761,-26580761,None,USD,49142499,None,None,3724932,42984934,6157565,None,595745,6467,-192823958,None,None,84968,31748686,34887706,752659,752659,None,5083865,38154683,None,6157565,None,2681070,None,None,33539302,None,None,6467,None,-192823958,None,None,5903951,None,10987816,8692973,None,8097228,8097228,None,None,None,198975056,49142499,31748686,None,64672893,USD,-1291472,4271711,-1291472,None,-210855,752658,-2762240,-1935672,-26580761,-23100679,-22561865,-872857,273274,None,-1,None,0,3027833,1291472,None,None,-23100679,5.46,5.24
3,2019-09-30,USD,2589783,27686494,22152001,2589783,-21083655,-20790801,22152001,None,-20790801,None,5534493,4013056,-25096711,None,-292854,None,292854,292854,None,None,None,None,4013056,None,-20790801,-20790801,None,USD,68130384,None,None,2685923,38489711,29640673,None,386618,6467,-166243197,None,None,134034,54849365,30549428,None,None,None,4891063,57535288,None,29640673,None,None,None,None,30162810,None,None,6467,None,-166243197,None,None,5704033,None,10595096,8326901,None,7940283,7940283,None,None,None,195877403,68130384,54849365,None,64672893,USD,-1194171,-3900032,-1194171,None,-104748,-24648,-5415,4743230,-20790801,-18305551,-17086732,4352509,157773,None,80100,None,0,3093819,1194171,None,None,-18305551,4.87,5.46
4,2019-06-30,USD,29094583,27389371,22181409,29094583,1703936,2152653,22181409,None,2152653,None,5207962,-1276,1705212,None,-448717,None,448717,448717,None,None,None,None,-1276,None,2152653,2152653,None,USD,84122113,None,None,2235947,36748313,47373800,None,2794527,6465,-145452396,None,None,123226,73154916,29441039,99333,99333,None,2912335,75390863,None,47373800,None,None,None,None,26547179,None,None,6465,None,-145452396,None,None,5818915,None,8731250,7619563,None,7307274,7307274,None,None,None,192819731,84122113,73154916,None,64644093,USD,-183283,1990095,-183283,None,-293878,-191170,-145827,4224548,2152653,-16764882,-16390429,-28475940,155709,None,102708,None,5000000,2803524,183283,5000000,None,-16764882,6.93,4.87
5,2019-03-31,USD,1885682,28408451,21783704,1885682,-26569404,-26234809,21783704,None,-26234809,None,6624747,-46635,-26522769,None,-334595,None,287960,334595,None,None,None,None,-46635,None,-26234809,-26234809,None,USD,101393526,None,None,2904215,59092575,42300951,None,27266807,6446,-147605049,None,None,35590,89919798,52040794,247384,247384,None,2694489,92824013,None,42300951,None,None,7051781,None,24526603,None,None,6446,None,-147605049,None,None,5875024,None,8569513,7318588,None,7051781,7051781,None,None,None,189899554,101393526,89919798,None,64455221,USD,-73615,8097546,-73615,None,-2567606,37926647,-2420310,5643920,-26234809,48171330,10318298,25184157,152622,None,40494253,None,0,3102312,73615,None,None,48171330,6.95,6.93
6,2018-12-31,USD,1927306,19518297,15780928,1927306,-17550916,-17306192,15780927,0,-17306192,0,3737370,40075,-17590991,0,-244724,None,None,None,0,0,0,0,284800,0,-17306192,-17306192,None,USD,46989341,None,None,2491844,19465221,27524120,1375891,1498499,5725,-121370240,1375891,None,43823,41748468,18089330,394305,394305,None,2705206,44240312,None,27524120,None,None,None,None,16196526,None,None,5725,None,-121370240,None,None,43823,None,2749029,None,None,None,1375891,None,None,None,148888635,46989341,41748468,None,57247496,USD,None,5576428,-249754,None,393200,403200,-2420310,2750994,-17306192,-13910878,-14064324,-4473711,155287,None,10000,None,5000000,1983864,249754,None,None,-13910878,5.84,6.95
7,2018-09-30,USD,1090878,15988871,12807800,1090878,-14869546,-14601211,12807800,0,-14601211,0,3181071,28447,-14897993,0,-268335,None,None,None,0,0,0,0,296782,0,-14601211,-14601211,None,USD,61181574,0,None,2800023,18310842,42870732,1382396,3389809,5724,-104064048,1382396,0,19939,55659346,16928446,None,None,None,2702266,58459369,None,42870732,0,None,0,0,13538637,0,0,5724,0,-104064048,0,None,19939,None,2722205,None,None,None,1382396,None,None,None,146929056,61181574,55659346,None,57237496,USD,None,3517250,-105797,213,-103795,-64416,-19013,1702583,-14601211,-9017192,-8846979,150217,132337,0,39379,0,5000000,1954428,105797,None,None,-9017192,7.55,5.84
8,2018-06-30,USD,853646,13247417,10259868,853646,-12335648,-12069351,10259868,0,-12069351,0,2987549,58123,-12393771,0,-266297,None,None,None,0,0,0,0,324420,0,-12069351,-12069351,None,USD,70288484,0,None,2876261,14803324,55485160,1352906,4480687,5719,-89462837,1352906,0,64427,64676538,13450418,83704,83704,None,2671258,67552799,None,55485160,0,None,0,0,8886027,0,0,5719,0,-89462837,0,None,64427,None,2735685,None,None,None,1352906,None,None,None,144942278,70288484,64676538,None,57192496,USD,None,-2388909,-675154,904,-193930,-47319,-67592,594960,-12069351,-6279114,-5556641,679700,124416,0,146611,0,6250000,1847503,675154,6250000,None,-6279114,5.05,7.55
9,2018-03-31,USD,950442,12815394,9765362,950442,-11898806,-11695385,9765362,0,-11695385,0,3050032,-33854,-11864952,0,-203421,None,None,None,0,0,0,0,169567,0,-11695385,-11695385,None,USD,77139722,0,None,3531259,11600118,65539604,1323415,5894000,5714,-77393486,1323415,0,59639,70955652,10276703,208648,208648,None,2593172,74486911,None,65539604,0,915667,0,0,10068055,0,0,5714,0,-77393486,0,None,59639,None,2652811,None,None,None,1323415,None,None,None,142927376,77139722,70955652,None,57139892,USD,None,2312803,-1269711,1278,-728467,11128188,-603576,343592,-11695385,8259166,-1599311,-442788,81898,0,11856655,0,6250000,1894161,1269711,6250000,None,8259166,6.1,5.05
10,2017-12-31,USD,1644195,10861926,10797000,-23598770,-10826763,-10693690,8286682,0,-10693690,0,2575244,35163,-10861926,0,-133073,None,None,None,0,0,0,0,156441,0,-10693690,-10693690,None,USD,66978161,0,None,2808244,9194600,57783561,989550,4738000,5560,-65698101,989000,0,41000,62696486,8204675,332861,332861,None,1432655,65504730,None,57783561,159000,None,0,0,7871814,0,0,5560,0,-65698101,0,None,40776,None,1473431,None,None,375,989925,None,None,None,123476102,66978161,62696486,None,55603427,USD,None,779333,-580183,2440,-1919798,35593139,-2940685,-404238,-10693690,25899017,-9113939,-1177137,64559,0,37512937,0,1000000,1412996,580183,500000,None,25899017,7.1,6.1
11,2017-09-30,USD,796312,7753098,7626000,796312,-7008998,-6965596,5622511,0,-6965596,0,2130587,-52212,-6956786,0,-43402,None,None,None,0,0,0,0,-22493,0,-6965596,-6965596,None,USD,38419660,0,None,719868,6439161,31980499,102561,2558000,5022,-55004411,103000,0,65000,36797469,6335118,1482,1482,None,337297,38017337,None,31980499,200000,500000,1000,0,6335118,0,0,5022,0,-55004411,0,None,65026,None,402323,None,None,1482,104043,None,None,None,86979888,38419660,36797469,None,50223010,USD,None,-515305,-45430,63,-66246,-57996,-26235,-22262,-6965596,-6435293,-6331867,156476,126641,0,8250,0,500000,1365917,45430,-500000,None,-6435293,7.15,7.1
12,2017-06-30,USD,350186,7641750,7609000,350186,-7302158,-7296887,5763660,0,-7296887,0,1878090,-10594,-7291564,0,-5271,None,None,None,0,0,0,0,12273,0,-7296887,-7296887,None,USD,44561151,0,None,844855,6974590,37586561,58206,309177,5022,-48038815,58000,0,115000,43182762,6913825,39041,41600,None,418508,44027617,None,37586561,150000,None,3000,0,6565607,0,0,5022,0,-48038815,0,None,115026,None,533534,None,None,2559,60765,None,None,None,85620354,44561151,43182762,None,50220510,USD,None,82564,-41685,567,-158556,-138001,-40926,4081,-7296887,-5894363,-5714677,157018,32963,0,20555,0,1000000,1309665,41685,None,None,-5894363,6.3,7.15
13,2017-03-31,USD,1293697,8746237,8715000,1293697,-7466805,-7465439,6366112,0,-7465439,0,2380125,-14265,-7452540,0,-1366,None,None,None,0,0,0,0,-5017,0,-7465439,-7465439,None,USD,50607352,0,None,1070441,7021295,43586057,62182,658931,5014,-40741928,61000,0,50000,49077125,6955504,155726,155726,None,409786,50147566,None,43586057,150000,None,4000,0,6140847,0,0,5014,0,-40741928,0,None,50000,None,459786,None,None,3609,65791,None,None,None,84322971,50607352,49077125,None,50143742,USD,None,-1658063,-40131,1130,-738813,40611144,-621862,-141553,-7465439,33934868,-6636145,-141553,31489,0,41349957,0,1000000,1597421,40131,1000000,None,33934868,8.25,6.3
14,2016-12-31,USD,375670,7948104,7919000,375670,-7571402,-7570275,5380167,0,-7570275,0,2567937,1032,-7572434,0,-1127,None,None,None,0,0,0,0,-14499,0,-7570275,-7570275,None,USD,17888182,0,None,1260674,8968947,8919235,65724,1950458,4468,-33276489,65000,0,50000,15142257,8898591,271757,271757,None,435251,17402931,None,8919235,150000,1000000,5000,0,6676376,0,0,4468,0,-33276489,0,None,50000,None,485251,None,None,4632,70356,None,None,None,42191256,17888182,15142257,None,44681745,USD,None,1944873,-96018,2440,207327,1671177,-63830,2106716,-7570275,-3753466,-5328625,-388475,29969,0,1463850,0,-1000000,1655283,96018,-1000000,None,-3753466,8.45,8.25
15,2016-09-30,USD,742558,6076328,6054000,742558,-5348499,-5346768,4315632,0,-5346768,0,1760696,-14729,-5333770,0,-1731,None,None,None,0,0,0,0,-4290,0,-5346768,-5346768,None,USD,19756949,0,None,315798,6442710,13314239,260260,1315865,4399,-25706214,11000,0,186000,18909348,6427207,271757,271757,None,345428,19225146,None,13314239,0,1330413,5000,0,5111342,0,0,4399,0,-25706214,0,None,186375,None,531803,None,None,15503,15503,None,None,None,39016054,19756949,18909348,None,43987361,USD,None,1488063,-69863,0,-24215,155227,None,-190879,-5346768,-3115659,-3201023,-190879,20465,0,179442,0,0,828096,69863,None,None,-3115659,6.79,8.45
16,2016-06-30,USD,396598,4588228,4569000,396598,-4193440,-4189391,3567003,0,-4189391,0,1021225,-1810,-4191630,0,-4049,None,None,None,0,0,0,0,10189,0,-4189391,-4189391,None,USD,22627475,0,None,274919,4974007,17653468,260260,1058422,4375,-20359446,9000,0,36000,22025007,4958817,23334,23334,None,291174,22299926,None,17653468,0,1330413,6000,0,3877061,0,0,4375,0,-20359446,0,None,36375,None,327549,None,None,15190,15190,None,None,None,38008539,22627475,22025007,None,43748233,USD,None,1060183,-121829,393,-70199,14985642,None,199641,-4189391,12337202,-2526611,199641,19945,0,15055841,0,0,383011,121829,None,None,12337202,2.99,6.79
17,2016-03-31,USD,396598,3283822,3267000,396598,-2885811,-2892241,2173933,0,-2892241,0,1109889,1413,-2887224,0,6430,None,None,None,0,0,0,0,-5017,0,-2892241,-2892241,None,USD,10495274,0,None,474560,4091267,6404007,0,1455020,3761,-16170055,6000,0,36000,9687805,4076415,92958,None,None,296534,10162365,None,6404007,0,None,9000,0,2528437,0,0,3761,0,-16170055,0,None,36375,None,332909,None,None,14852,14852,None,None,None,22570301,10495274,9687805,None,37605827,USD,None,146795,-65322,1130,-70180,-70180,None,None,-2892241,-2650470,-2514968,-98045,17285,0,0,0,0,311238,65322,None,None,-2650470,1.81,2.99
18,2015-12-31,USD,364292,5935666,2847000,364292,-2497527,-2498595,3270033,0,-2498595,0,2665633,3249,-2500776,0,1068,None,None,None,0,0,0,0,1653,0,-2498595,-2498595,None,USD,12875303,0,None,376515,3890293,8985010,260260,1591358,3761,-13277814,260000,0,36000,12338275,3630033,162019,162019,None,124138,12714790,None,8985010,0,1330413,0,0,1876656,0,0,3761,0,-13277814,0,None,36375,None,160513,None,None,None,260260,None,None,None,22259063,12875303,12338275,None,37605134,USD,None,1570211,-93001,0,-347196,162019,-509215,206829,-2498595,-834651,-903669,-300784,17701,0,509215,0,-1000000,307798,135073,None,None,-834651,1.65,1.81
19,2015-09-30,USD,170454,2425376,2411000,170454,-2253885,-2253885,1634800,0,-2253885,0,790576,1037,-2254922,0,-1765,None,None,None,0,0,0,0,1146,0,-2253885,-2253885,None,USD,13333870,0,None,98376,2160040,11173830,284094,681816,3761,-10779219,284000,0,14000,13172926,1875946,None,None,None,48838,13271302,None,11173830,0,None,0,0,1194130,0,0,3761,0,-10779219,0,None,13730,None,62568,None,None,None,284094,None,None,None,21949288,13333870,13172926,None,37605134,USD,None,-635575,-4814,0,None,6417915,None,None,-2253885,3929773,-2483328,150767,14701,0,6417915,0,0,240664,37258,None,None,3929773,1.57,1.65
