,fiscalDateEnding,reportedCurrency_x,totalRevenue,totalOperatingExpense,costOfRevenue,grossProfit,ebit,netIncome_x,researchAndDevelopment,effectOfAccountingCharges,incomeBeforeTax,minorityInterest,sellingGeneralAdministrative,otherNonOperatingIncome,operatingIncome,otherOperatingExpense,interestExpense,taxProvision,interestIncome,netInterestIncome,extraordinaryItems,nonRecurring,otherItems,incomeTaxExpense,totalOtherIncomeExpense,discontinuedOperations,netIncomeFromContinuingOperations,netIncomeApplicableToCommonShares,preferredStockAndOtherAdjustments,reportedCurrency_y,totalAssets,intangibleAssets,earningAssets,otherCurrentAssets,totalLiabilities,totalShareholderEquity,deferredLongTermLiabilities,otherCurrentLiabilities,commonStock,retainedEarnings,otherLiabilities,goodwill,otherAssets,cash,totalCurrentLiabilities,shortTermDebt,currentLongTermDebt,otherShareholderEquity,propertyPlantEquipment,totalCurrentAssets,longTermInvestments,netTangibleAssets,shortTermInvestments,netReceivables,longTermDebt,inventory,accountsPayable,totalPermanentEquity,additionalPaidInCapital,commonStockTotalEquity,preferredStockTotalEquity,retainedEarningsTotalEquity,treasuryStock,accumulatedAmortization,otherNonCurrrentAssets,deferredLongTermAssetCharges,totalNonCurrentAssets,capitalLeaseObligations,totalLongTermDebt,otherNonCurrentLiabilities,totalNonCurrentLiabilities,negativeGoodwill,warrants,preferredStockRedeemable,capitalSurplus,liabilitiesAndShareholderEquity,cashAndShortTermInvestments,accumulatedDepreciation,commonStockSharesOutstanding,reportedCurrency,investments,changeInLiabilities,cashflowFromInvestment,otherCashflowFromInvestment,netBorrowings,cashflowFromFinancing,otherCashflowFromFinancing,changeInOperatingActivities,netIncome_y,changeInCash,operatingCashflow,otherOperatingCashflow,depreciation,dividendPayout,stockSaleAndPurchase,changeInInventory,changeInAccountReceivables,changeInNetIncome,capitalExpenditures,changeInReceivables,changeInExchangeRate,changeInCashAndCashEquivalents,clossingVal,nextClossingVal
0,2020-06-30,USD,205700000,265900000,154900000,50800000,7800000,-39500000,46500000,None,-37500000,6100000,51300000,None,-60200000,14200000,12300000,1400000,2900000,-9400000,None,None,None,1400000,32100000,None,-38900000,-39500000,None,USD,3231000000,179600000,None,13800000,1141800000,2083100000,None,25300000,100000,-1039200000,55400000,530000000,41600000,448800000,291200000,None,None,16000000,831100000,1592800000,55900000,1373500000,802900000,111300000,783800000,179100000,106900000,None,None,None,None,None,None,None,35300000,None,1638200000,15000000,None,53600000,850600000,None,None,None,None,None,None,None,None,USD,-334700000,-2900000,-334700000,None,430300000,449900000,-25100000,-7700000,-39500000,125800000,10500000,None,33000000,None,None,-8500000,46800000,-19800000,70200000,None,None,None,59.19,
1,2020-03-31,USD,215500000,-104300000,154100000,61400000,-64300000,-61600000,46700000,None,-64300000,200000,49700000,-14500000,-49800000,-200700000,7500000,-2900000,3100000,-4400000,None,None,None,-2900000,-11500000,None,-61400000,-61600000,None,USD,2737900000,183600000,None,40100000,792900000,1939500000,2300000,65400000,100000,-999700000,44900000,530000000,12100000,323000000,251400000,None,None,7800000,737600000,1230200000,31500000,1225900000,529900000,167100000,486300000,170100000,186000000,None,None,100000,None,-999700000,None,None,18300000,None,6700000,2800000,486300000,52900000,541500000,None,None,None,2931300000,2737900000,852900000,None,108153000,USD,38000000,1600000,-31700000,-1800000,-300000,-100000,-1500000,400000,-61600000,-59500000,-27700000,-70000000,37800000,None,1700000,-4600000,-23700000,31200000,67900000,-23700000,None,-59500000,35.46,59.19
2,2019-12-31,USD,239900000,-121600000,178000000,61900000,-51300000,-52800000,47300000,None,-51300000,300000,52800000,5100000,-56400000,-221700000,-2800000,1200000,None,-2800000,None,None,None,1200000,5900000,None,-52500000,-52800000,None,USD,2782800000,187700000,None,37500000,786300000,1991200000,None,69400000,100000,-938100000,46200000,530000000,15200000,382600000,248500000,None,None,9700000,692400000,1292600000,50700000,1273500000,568900000,138300000,480500000,165300000,179100000,None,None,100000,None,-938100000,None,None,23400000,None,6000000,None,480500000,57300000,537800000,None,None,None,2919500000,2782800000,951500000,None,108031000,USD,-8700000,800000,-68200000,-500000,-100000,9100000,-1500000,-6500000,-52800000,-50900000,8200000,-51400000,36600000,None,10700000,18000000,600000,3600000,59000000,600000,None,-50900000,46.15,35.46
3,2019-09-30,USD,242800000,-129700000,168600000,74200000,-37300000,-37800000,43700000,None,-37300000,5000000,57600000,1600000,-38900000,-231000000,-1900000,500000,None,-1900000,None,None,None,500000,2500000,None,-37800000,-37800000,None,USD,2796600000,191900000,None,38600000,771000000,2020600000,1500000,66800000,100000,-885300000,47600000,530000000,10900000,433300000,242700000,None,None,10000000,656500000,1353000000,42900000,1298700000,560600000,137600000,474700000,182900000,175900000,None,None,100000,None,-885300000,None,None,17200000,None,5100000,None,474700000,52100000,528300000,None,None,None,2895800000,2796600000,993900000,None,107697000,USD,-9200000,-42200000,-52300000,-1100000,-100000,5400000,-13200000,-12600000,-37800000,-66900000,-20000000,-22700000,34200000,None,18600000,5000000,-8800000,14500000,42000000,-8800000,None,-66900000,49.0,46.15
4,2019-06-30,USD,251271000,-1040107000,1420501000,27148000,-18636000,-133731000,22032000,None,-18636000,5000000,-5736000,-5891000,-12745000,-1050446000,-2237000,3448000,-6141000,-2237000,-99115000,None,None,22062000,-2360000,-111780000,-35128000,-133731000,None,USD,2816900000,197900000,None,44900000,775700000,2036200000,2000000,64300000,100000,-847500000,38400000,530000000,11500000,500500000,268200000,None,None,9500000,625200000,1412800000,39500000,1308300000,550900000,129100000,469100000,187400000,203900000,None,None,100000,None,-847500000,None,None,5900000,None,5600000,None,469100000,36400000,507500000,None,None,None,2874100000,2816900000,1051400000,None,106570000,USD,-216277000,-82273000,-34593000,217562000,38000,63490000,-21600000,-81800000,-133756000,44228000,15331000,141383000,33244000,None,85052000,-24063000,78639000,2157000,35878000,78639000,None,44467000,56.18,49.0
5,2019-03-31,USD,274050000,111540000,-173596000,100454000,-19526000,-227852000,40722000,None,-19526000,121000,61626000,-8440000,-11086000,3906000,-3731000,2785000,-8267000,-3731000,-205420000,5286000,None,-2785000,-9995000,-205420000,-22311000,-227852000,None,USD,2899157000,203016000,None,385899000,833242000,2060947000,5878000,158155000,131000,-713780000,35331000,530004000,15517000,456157000,334420000,None,None,2554000,607659000,1498839000,44122000,1327927000,333111000,150879000,463491000,172793000,176265000,None,None,131000,None,-713780000,None,None,5559000,9958000,1400318000,None,463491000,29453000,498822000,None,None,None,2772042000,2899157000,789268000,None,104515000,USD,23100000,45975000,-13752000,-3635000,-100000,53276000,-12938000,-81800000,-227730000,100227000,60703000,463000,42876000,None,53276000,-2455000,-18235000,219809000,33217000,-18235000,-103000,100124000,57.22,56.18
6,2018-12-31,USD,413036000,127824000,-277806000,135230000,1942000,-2450000,49181000,None,1942000,-31000,72120000,-5464000,7406000,6345000,-3671000,None,None,None,-2300000,178000,None,-4423000,-5656000,-205420000,6365000,-2450000,None,USD,3014550000,374219000,None,45884000,791045000,2218658000,2235000,89204000,129000,-485928000,38320000,620330000,19419000,356033000,294725000,None,None,856000,675940000,1276211000,48431000,1224109000,367635000,193347000,458000000,313312000,205521000,None,None,129000,None,-485928000,None,None,11480000,7939000,1738339000,None,458000000,36085000,496320000,None,None,None,2703601000,3014550000,723668000,None,103073000,USD,-37470000,24156000,-76490000,-2304000,None,4181000,38000,32606000,-2480000,19965000,92274000,2958000,45795000,None,4181000,-6638000,15455000,13028000,36716000,15455000,-249000,19716000,42.775,57.22
7,2018-09-30,USD,408267000,127643000,-280099000,128168000,-8980000,-11067000,45965000,None,-8980000,-67000,72690000,-9505000,525000,8495000,-2361000,None,None,None,None,493000,None,-2154000,-15696000,-205420000,-6826000,-11067000,None,USD,2967614000,381396000,None,47467000,768916000,2193820000,2331000,89693000,128000,-483478000,22730000,620330000,17551000,336317000,293596000,452590000,452590000,664000,668299000,1229798000,50240000,1192094000,329223000,210402000,452590000,306389000,203903000,2198698000,0,128000,0,-483478000,0,None,11838000,5713000,1737816000,None,452590000,20399000,475320000,None,None,None,2676506000,2967614000,665540000,None,102520000,USD,-62753000,46542000,-102265000,-2923000,270062000,285553000,-12938000,50341000,-11134000,217280000,33992000,96000,42385000,0,15491000,-10144000,-53559000,19806000,36589000,-53559000,113000,217393000,37.87,42.775
8,2018-06-30,USD,409454000,136264000,293803000,115651000,-24981000,-33255000,42447000,0,-24981000,-14000,82193000,-4368000,-20613000,9735000,-1533000,None,None,None,0,1889000,0,-83332000,-17418000,-205420000,58351000,-33255000,None,USD,2637545000,390054000,None,50681000,565464000,2067136000,3056000,43528000,127000,-482710000,25171000,620330000,18251000,118924000,248293000,292000000,292000000,596000,661319000,890090000,57501000,1056752000,268161000,156309000,292000000,296015000,204765000,2072081000,0,127000,0,-482710000,0,None,11800000,6451000,1747455000,None,292000000,22115000,317171000,None,None,None,2549123000,2637545000,387085000,None,101488000,USD,31335000,11929000,-30088000,-4168000,-24000000,6381000,-12938000,5562000,-33270000,18228000,41935000,-7399000,41559000,0,30381000,15638000,-10492000,23970000,57255000,-10492000,-530000,17698000,41.57,37.87
9,2018-03-31,USD,355958000,367119000,256902000,99056000,-277714000,-240577000,40239000,0,-277714000,44000,70256000,-9651000,-268063000,7453000,-1533000,None,None,None,0,249171000,0,37181000,-261922000,0,-314895000,-240577000,None,USD,2652638000,400836000,None,47176000,585767000,2061912000,0,35921000,124000,-449454000,26467000,617651000,22822000,101226000,243300000,316000000,316000000,1946000,641400000,909510000,60419000,1043425000,300239000,151011000,316000000,309858000,207379000,0,0,124000,0,-449454000,0,None,12295000,10527000,1743128000,None,316000000,26467000,342467000,None,None,None,2509296000,2652638000,401465000,None,100487000,USD,177083000,-5109000,-296071000,-429943000,192000000,207690000,-12938000,-5485000,-240533000,-68770000,19611000,-2973000,39922000,0,15690000,-15979000,9931000,234352000,43211000,9931000,308000,-68462000,40.31,41.57
10,2017-12-31,USD,367870000,118906000,275267000,92603000,426000,13721000,39776000,0,426000,31000,68076000,26729000,-26303000,6792000,-1533000,None,None,None,0,4262000,0,13326000,23535000,0,-12900000,13721000,None,USD,2714285000,259607000,None,49296000,431273000,2278096000,37404000,40525000,123000,-208878000,24147000,618828000,973915000,169688000,245722000,124000000,124000000,3427000,612131000,1128239000,72517000,1399661000,480221000,155823000,124000000,273211000,205197000,0,0,123000,0,-208878000,0,None,12564000,10399000,1586046000,None,124000000,24147000,185551000,None,None,None,2483424000,2714285000,649909000,None,99888000,USD,-12249000,21381000,-63424000,-2403000,-17000000,29431000,3050000,5589000,13753000,17696000,51689000,-4309000,38555000,0,46431000,4379000,1793000,-17329000,48772000,1793000,-66000,17630000,37.14,40.31
11,2017-09-30,USD,360398000,114440000,260066000,100332000,-15176000,-19857000,41859000,0,-15176000,-16000,62964000,-1068000,-14108000,6792000,0,None,None,None,0,2825000,0,-4697000,-1068000,0,-10479000,-19857000,None,USD,2657987000,267066000,None,41178000,442006000,2211097000,52895000,43024000,121000,-222599000,18743000,618828000,956820000,152058000,229368000,141000000,141000000,7512000,594698000,1106469000,47298000,1325203000,472796000,162493000,141000000,277944000,186344000,0,0,121000,0,-222599000,0,None,12491000,11137000,1551518000,None,141000000,18743000,212638000,None,None,None,2426063000,2657987000,624854000,None,98039000,USD,4295000,5839000,-34304000,-2149000,-4000000,-831000,-1850000,8720000,-19873000,18988000,54123000,9323000,38710000,0,5019000,6960000,5996000,12626000,36450000,-5996000,473000,19461000,28.19,37.14
12,2017-06-30,USD,463204000,148574000,311940000,151264000,11745000,-5890000,60497000,0,11745000,24481000,79968000,9055000,2690000,6934000,0,None,None,None,0,1175000,0,180023000,14129000,30260000,-168278000,-5890000,None,USD,2649867000,274315000,None,48875000,427062000,2222805000,49860000,36978000,121000,-202742000,20179000,618828000,967974000,132597000,212023000,145000000,145000000,5909000,581263000,1100630000,50366000,1329662000,478341000,156432000,145000000,284385000,175045000,0,0,121000,0,-202742000,0,None,12702000,11763000,1549237000,None,145000000,20179000,215039000,None,None,None,2419517000,2649867000,610938000,None,97674000,USD,-3815000,1163000,-37096000,-3248000,-8000000,-450000,-3000,13049000,-5888000,15200000,52746000,5960000,38326000,0,7553000,5854000,16955000,6456000,30033000,875000,303000,15503000,24.65,28.19
13,2017-03-31,USD,341505000,105978000,255429000,86076000,-10037000,-99013000,41451000,0,-10037000,-24420000,55665000,9865000,-19902000,8362000,0,None,None,None,0,500000,0,-88976000,14612000,-23890000,78939000,-99013000,None,USD,2637174000,281535000,None,59400000,426927000,2210247000,46699000,40615000,120000,-196854000,19827000,618828000,963528000,117094000,207401000,153000000,153000000,3240000,574275000,1099371000,42759000,1309884000,474783000,156961000,153000000,291133000,166786000,0,0,120000,0,-196854000,0,None,8266000,12140000,1537803000,None,153000000,19827000,219526000,None,None,None,2403741000,2637174000,591877000,None,97283000,USD,-19403000,-6698000,-40477000,610000,-17000000,-23219000,-2775000,8743000,-99015000,-20258000,43438000,8743000,52286000,0,-3444000,10774000,16080000,74915000,21684000,2433000,259000,-19999000,26.73,24.65
14,2016-12-31,USD,346962000,102208000,236071000,110891000,3929000,6219000,28070000,0,3929000,4884000,67671000,-4754000,8683000,5937000,0,None,None,None,0,530000,0,-5036000,-4596000,-9794000,8965000,6219000,None,USD,2707670000,246246000,None,501900000,407651000,2300019000,945000,63388000,121000,-92256000,22057000,518059000,847804000,137093000,214649000,None,None,3299000,360171000,1499695000,34315000,1535714000,454021000,125004000,170000000,281677000,151261000,0,0,121000,0,-92256000,0,None,8165000,41019000,1207975000,None,170000000,22057000,193002000,None,None,None,2388855000,2707670000,591114000,None,97399000,USD,-135000,10291000,-19522000,-3513000,-17000000,-72164000,-11000,4657000,6219000,9932000,101618000,4657000,28002000,0,-55153000,12098000,13647000,17477000,15874000,22874000,-680000,9252000,26.39,26.73
15,2016-09-30,USD,321329000,96484000,234988000,86341000,-10301000,566000,28531000,0,-10301000,0,61371000,-158000,-10143000,6266000,0,None,None,None,0,316000,0,7443000,-158000,3424000,-17744000,566000,None,USD,2752755000,252568000,None,486022000,410496000,2342259000,945000,60323000,124000,-35710000,11676000,518059000,857019000,127841000,210875000,None,None,8437000,373211000,1522525000,39049000,1571632000,461207000,155922000,187000000,291533000,150552000,0,0,124000,0,-35710000,0,None,8635000,38708000,1230230000,None,187000000,11676000,199621000,None,None,None,2369408000,2752755000,589048000,None,99689000,USD,-23956000,-13963000,-48155000,-4862000,27000000,-8245000,12000,-1922000,566000,-38302000,18098000,-1922000,37321000,0,-35257000,-10808000,9227000,16131000,19337000,-9227000,-11000,-38313000,25.72,26.39
16,2016-06-30,USD,388413000,117814000,279223000,111142000,-5633000,-12023000,41485000,0,-5633000,4945000,68609000,1039000,-6672000,7290000,0,None,None,None,0,430000,0,6890000,-33291000,0,-12023000,-12023000,None,USD,2766060000,302810000,None,75945000,398236000,2367824000,943000,46071000,125000,-613000,14294000,618828000,1009630000,166154000,222999000,160000000,160000000,8728000,599723000,1156707000,40179000,1446186000,439151000,171915000,160000000,303542000,176928000,0,0,125000,0,-613000,0,None,9249000,38564000,1609353000,None,160000000,14294000,175237000,None,None,None,2359584000,2766060000,605305000,None,100829000,USD,66467000,4460000,42829000,-3312000,-65000000,-56637000,12000,-3252000,-10641000,50745000,64553000,22895000,40439000,0,8363000,-5752000,21800000,-54000,20326000,13206000,-153000,50592000,24.44,25.72
17,2016-03-31,USD,366919000,113574000,257886000,109033000,-3824000,152000,41871000,0,-3824000,0,64489000,717000,-4541000,7318000,0,None,None,None,0,-104000,0,-3976000,0,0,152000,152000,None,USD,2814145000,309919000,None,84262000,460688000,2353457000,1270000,42046000,124000,10028000,16416000,618828000,1008634000,115562000,218002000,None,None,7206000,612072000,1193439000,41661000,1424710000,504888000,190867000,225000000,297860000,175956000,0,0,124000,0,10028000,0,None,9648000,28578000,1620706000,None,225000000,16416000,242686000,None,None,None,2336099000,2814145000,620450000,None,100424000,USD,22747000,-503000,4276000,-583000,20000000,5576000,None,None,-1230000,24819000,14967000,-26218000,39893000,0,-14424000,-17003000,8594000,15319000,17888000,4709000,157000,24976000,29.1,24.44
18,2015-12-31,USD,435806000,125719000,329576000,135151000,17447000,13442000,41952000,0,18617000,0,74691000,8015000,9432000,7062000,0,None,None,None,0,2014000,0,3489000,0,0,13958000,14689000,None,USD,2820658000,323666000,None,85232000,460135000,2360523000,1255000,43009000,125000,33467000,18241000,618828000,1022135000,90586000,235639000,None,None,5621000,623349000,1175174000,41873000,1418029000,526567000,191979000,205000000,280810000,192630000,0,0,125000,0,33467000,0,None,10161000,27607000,1645484000,None,205000000,18241000,224496000,None,None,None,2321310000,2820658000,617153000,None,103000000,USD,20425000,-17990000,-12437000,-941000,-2000000,-56998000,9000,None,13442000,7527000,76962000,12928000,41590000,0,-55007000,7914000,3885000,8271000,31921000,10291000,-310000,7217000,26.67,29.1
19,2015-09-30,USD,425489000,140438000,280826000,131748000,-31496000,-23623000,43540000,0,-31496000,0,75263000,-22806000,-8690000,7062000,0,None,None,None,0,14573000,0,-7873000,0,0,-23623000,-23623000,None,USD,2891132000,330777000,None,88538000,502248000,2388884000,21975000,45664000,128000,87881000,21455000,618842000,1003826000,83369000,251818000,None,None,6231000,635763000,1251543000,34611000,1439265000,548713000,241834000,207000000,289089000,206154000,0,0,128000,0,81650000,0,None,19596000,None,1639589000,None,207000000,21455000,250430000,None,None,None,2300875000,2891132000,632082000,None,103000000,USD,24136000,-9412000,-42571000,-16824000,7000000,-59800000,3000,None,-23623000,-55537000,46834000,-1502000,42537000,0,-66803000,-8428000,0,53668000,49883000,-6406000,-804000,-56341000,24.23,26.67
