,fiscalDateEnding,reportedCurrency_x,totalRevenue,totalOperatingExpense,costOfRevenue,grossProfit,ebit,netIncome_x,researchAndDevelopment,effectOfAccountingCharges,incomeBeforeTax,minorityInterest,sellingGeneralAdministrative,otherNonOperatingIncome,operatingIncome,otherOperatingExpense,interestExpense,taxProvision,interestIncome,netInterestIncome,extraordinaryItems,nonRecurring,otherItems,incomeTaxExpense,totalOtherIncomeExpense,discontinuedOperations,netIncomeFromContinuingOperations,netIncomeApplicableToCommonShares,preferredStockAndOtherAdjustments,reportedCurrency_y,totalAssets,intangibleAssets,earningAssets,otherCurrentAssets,totalLiabilities,totalShareholderEquity,deferredLongTermLiabilities,otherCurrentLiabilities,commonStock,retainedEarnings,otherLiabilities,goodwill,otherAssets,cash,totalCurrentLiabilities,shortTermDebt,currentLongTermDebt,otherShareholderEquity,propertyPlantEquipment,totalCurrentAssets,longTermInvestments,netTangibleAssets,shortTermInvestments,netReceivables,longTermDebt,inventory,accountsPayable,totalPermanentEquity,additionalPaidInCapital,commonStockTotalEquity,preferredStockTotalEquity,retainedEarningsTotalEquity,treasuryStock,accumulatedAmortization,otherNonCurrrentAssets,deferredLongTermAssetCharges,totalNonCurrentAssets,capitalLeaseObligations,totalLongTermDebt,otherNonCurrentLiabilities,totalNonCurrentLiabilities,negativeGoodwill,warrants,preferredStockRedeemable,capitalSurplus,liabilitiesAndShareholderEquity,cashAndShortTermInvestments,accumulatedDepreciation,commonStockSharesOutstanding,reportedCurrency,investments,changeInLiabilities,cashflowFromInvestment,otherCashflowFromInvestment,netBorrowings,cashflowFromFinancing,otherCashflowFromFinancing,changeInOperatingActivities,netIncome_y,changeInCash,operatingCashflow,otherOperatingCashflow,depreciation,dividendPayout,stockSaleAndPurchase,changeInInventory,changeInAccountReceivables,changeInNetIncome,capitalExpenditures,changeInReceivables,changeInExchangeRate,changeInCashAndCashEquivalents,clossingVal,nextClossingVal
0,2020-06-30,USD,331549000,123338000,151616000,179933000,56864000,56551000,None,None,54694000,None,123338000,269000,56595000,None,2170000,-1857000,49000,-2121000,None,None,None,-1857000,220000,None,56551000,56551000,None,USD,810884000,43773000,None,19545000,654000000,156884000,None,49168000,105000,308127000,4134000,1581000,35974000,153060000,232979000,None,None,-66366000,52136000,493930000,None,111530000,None,174521000,275000000,146804000,183811000,None,None,105000,None,308127000,-587940000,None,195246000,None,24218000,191055000,275000000,146021000,421021000,None,None,None,502958000,810884000,153060000,None,67500000,USD,-7843000,902000,-7843000,409000,-75000000,-74247000,753000,-19135000,56551000,43091000,125181000,-3916000,6592000,None,0,40508000,11086000,13458000,8252000,11086000,None,43091000,36.82,
1,2020-03-31,USD,281160000,113350000,146998000,134162000,20699000,11091000,None,None,18778000,None,113350000,-113000,20812000,None,1921000,7687000,97000,-1824000,None,None,None,7687000,-210000,None,11091000,11091000,None,USD,836240000,46393000,None,21508000,742211000,94029000,None,50026000,105000,251576000,4041000,1552000,34205000,108633000,236031000,None,None,-69909000,47019000,514001000,None,46084000,None,188105000,350000000,195755000,186005000,None,None,105000,None,251576000,-587940000,None,203167000,None,24108000,202165000,350000000,156180000,506180000,None,None,None,500197000,836240000,108633000,None,67400000,USD,-16167000,-16218000,-16167000,-91000,145000000,103124000,-2717000,-9029000,11091000,2043000,-84914000,5965000,6907000,None,-39159000,-29268000,-73232000,9841000,16076000,-73232000,None,2043000,16.99,36.82
2,2019-12-31,USD,262979000,117882000,136741000,126238000,8113000,19913000,11800000,None,6220000,None,117882000,-243000,8356000,None,1893000,-13693000,108000,-1785000,None,None,None,-13693000,-351000,None,19913000,19913000,None,USD,738802000,47095000,None,25350000,606897000,131905000,None,48585000,104000,240485000,4526000,1578000,35114000,109753000,257223000,None,None,-58379000,47405000,425382000,None,83232000,None,118251000,205000000,172028000,208638000,None,None,104000,None,240485000,-546208000,None,192595000,None,24747000,188733000,205000000,144674000,349674000,None,None,None,495903000,738802000,109753000,None,68200000,USD,-3686000,17342000,-3686000,38000,20000000,6097000,-188000,-1891000,19913000,19180000,16769000,1112000,6705000,0,-13715000,-30978000,15604000,-12929000,3724000,15604000,None,19180000,41.89,16.99
3,2019-09-30,USD,312766000,123940000,148942000,163824000,40602000,35676000,11800000,None,38097000,None,123940000,718000,39884000,None,2505000,2421000,167000,-2338000,None,None,None,2421000,551000,None,35676000,35676000,None,USD,685515000,47222000,None,23427000,567991000,117524000,None,45486000,104000,220572000,5907000,1534000,20190000,89378000,233452000,None,None,-63331000,42266000,391263000,None,68768000,None,138619000,185000000,139839000,187966000,None,None,104000,None,220572000,-532220000,None,193056000,None,10174000,189118000,185000000,149539000,334539000,None,None,None,492399000,685515000,89378000,None,68600000,USD,-14088000,-24593000,-14088000,42000,-30000000,-56640000,-1640000,-17525000,35676000,-17707000,53021000,-2428000,5643000,0,-25000000,-7223000,42381000,3565000,14130000,42381000,None,-17707000,27.76,41.89
4,2019-06-30,USD,358899000,141548000,169520000,189379000,47097000,39198000,11800000,None,44676000,None,141548000,-734000,47831000,None,2421000,5478000,131000,-2290000,None,None,None,5478000,-865000,None,39198000,39198000,None,USD,714141000,44995000,None,19893000,602205000,111936000,None,45394000,104000,184896000,4554000,1600000,17736000,109627000,258322000,None,None,-54601000,36237000,449765000,None,65341000,None,185643000,215000000,134602000,212928000,None,None,104000,None,184896000,-507193000,None,173098000,None,8446000,169723000,215000000,128883000,343883000,None,None,None,488730000,714141000,109627000,None,69600000,USD,-8134000,30206000,-8134000,35000,-30000000,-54970000,27000,-22909000,39198000,20779000,83883000,-8160000,5729000,0,-54997000,5144000,7722000,4044000,8169000,7722000,None,20779000,19.75,27.76
5,2019-03-31,USD,295949000,105037000,158334000,137615000,32146000,24710000,11800000,None,30329000,None,105037000,-432000,32578000,None,1817000,5619000,-2839000,-1622000,None,None,None,5619000,-627000,None,24710000,24710000,None,USD,689206000,44724000,None,14980000,566261000,122945000,None,44618000,104000,145698000,4363000,1579000,18247000,88211000,221843000,44618000,44618000,-55593000,29874000,431516000,None,76642000,None,189116000,215000000,139209000,177225000,None,None,104000,None,145698000,-452196000,None,173003000,None,8510000,169673000,215000000,129418000,344418000,None,None,None,484932000,689206000,88211000,None,72000000,USD,-10328000,-3658000,-10328000,225000,95000000,36875000,-1662000,-12735000,24710000,-37168000,-63715000,2195000,6136000,-2985000,-53478000,-15099000,-80722000,2723000,10553000,-80722000,None,-37168000,25.75,19.75
6,2018-12-31,USD,215989000,113759000,116167000,99822000,-13432000,-10886000,14100000,0,-14016000,0,111577000,505000,-13937000,0,584000,None,None,None,0,2182000,0,-3130000,-14473000,0,-10886000,-118685000,107799000,USD,468901000,45690000,None,22123000,318593000,150308000,None,25619000,103000,121215000,14102000,1614000,19088000,125313000,184491000,None,None,-54652000,22211000,380298000,None,103004000,None,108371000,120000000,124491000,184491000,None,None,103000,None,121215000,-397491000,None,10425000,None,8663000,None,120000000,14102000,134102000,None,None,None,481133000,468901000,125313000,None,73300000,USD,None,15747000,-6211000,531000,120018000,-102107000,-301000,22497000,-10886000,-80026000,28292000,2281000,7715000,-12015000,-209809000,-6455000,12771000,7119000,17203000,12771000,None,-80026000,25.98,25.75
7,2018-09-30,USD,261064000,125164000,122005000,139059000,14710000,10492000,14100000,0,14584000,0,125164000,815000,13895000,0,126000,None,None,None,0,0,0,4092000,-5811000,0,10492000,6520000,3972000,USD,577946000,48196000,None,25856000,195625000,197033000,0,46519000,96000,239900000,13998000,1634000,23669000,204954000,181612000,11000,None,-54946000,24216000,480231000,None,332491000,1908000,131737000,15000,117684000,181601000,0,0,96000,185288000,239900000,-371107000,None,11102000,None,12567000,None,None,14013000,14013000,None,185288000,None,383090000,577946000,204954000,None,67600000,USD,None,-33138000,-687000,1291000,-11000,-13872000,239000,6360000,10492000,30450000,45009000,6360000,6661000,-3000000,-11100000,10974000,36451000,7209000,1978000,36451000,None,30450000,21.29,25.98
8,2018-06-30,USD,328004000,144336000,146604000,181400000,37509000,34377000,14100000,0,37377000,0,144336000,445000,37064000,0,132000,None,None,None,0,0,0,3000000,-8187000,0,34377000,30426000,3951000,USD,604374000,49146000,None,25865000,221832000,198226000,0,41968000,96000,233380000,15239000,1644000,24705000,173555000,206570000,15000,38000,-54789000,27038000,501841000,None,331752000,2041000,172518000,23000,129903000,206555000,0,0,96000,184316000,233380000,-360032000,None,12503000,None,12202000,None,None,15262000,15262000,None,184316000,None,379571000,604374000,173555000,None,68100000,USD,None,19344000,-1560000,18000,-269000,-8670000,484000,-6201000,34377000,77232000,87462000,-6201000,7231000,-3000000,-5885000,14347000,13005000,5359000,1578000,13005000,None,77232000,17.61,21.29
9,2018-03-31,USD,283148000,113951000,143275000,139873000,27325000,16454000,14100000,0,27212000,0,113951000,1403000,25922000,0,113000,None,None,None,0,0,0,10758000,-2710000,0,16454000,12523000,3931000,USD,572883000,53023000,None,21981000,206035000,183484000,0,34885000,96000,202954000,17385000,1734000,23611000,104312000,188622000,281000,266000,-41165000,30746000,463769000,None,312091000,2359000,189289000,28000,148187000,188341000,0,0,96000,183364000,202954000,-355209000,None,13514000,None,10097000,None,None,17413000,17413000,None,183364000,None,376808000,572883000,104312000,None,68300000,USD,None,29065000,-1652000,16000,-400000,-24153000,-692000,5112000,16454000,-72406000,-46601000,5112000,7643000,-3000000,-20061000,-20853000,-86850000,2828000,1668000,-86850000,None,-72406000,16.25,17.61
10,2017-12-31,USD,199112000,120744000,108745000,90367000,-29608000,-24360000,6000000,0,-29938000,0,115460000,769000,-30377000,0,330000,None,None,None,0,5284000,0,-5578000,-20640000,0,-24360000,-28272000,3912000,USD,543695000,56427000,None,22596000,175397000,185865000,0,84446000,95000,190431000,18349000,1688000,83614000,174272000,157018000,676000,662000,-43394000,35032000,425049000,None,310183000,2144000,97834000,30000,130347000,156342000,0,0,95000,182433000,190431000,-334312000,None,15325000,None,10174000,None,None,18379000,18379000,None,182433000,None,373045000,543695000,174272000,None,68800000,USD,None,4684000,1346000,7910000,-389000,-27770000,-26000,24396000,-24361000,-8575000,17849000,5191000,8429000,-3000000,-24355000,10884000,620000,3334000,6564000,9688000,2514000,-6061000,12.64,16.25
11,2017-09-30,USD,243273000,120778000,119810000,123463000,2751000,1629000,2300000,0,2584000,0,120778000,66000,2685000,0,167000,None,None,None,0,15852000,0,955000,0,0,1629000,-2263000,3892000,USD,589653000,66505000,None,24416000,174075000,234056000,0,84836000,95000,218703000,18857000,1663000,91503000,180364000,155183000,1070000,1058000,-44007000,38412000,459738000,None,347410000,2175000,114676000,35000,140282000,154113000,0,0,95000,181522000,218703000,-311302000,None,16237000,None,7098000,None,35000,18857000,18892000,None,181522000,None,370567000,589653000,180364000,None,71000000,USD,None,-37437000,-1623000,-28000,-417000,-29295000,-233000,430000,1629000,10117000,41035000,430000,7886000,-3000000,-25645000,17178000,9068000,7331000,1595000,44018000,1110000,11227000,9.7,12.64
12,2017-06-30,USD,313221000,140361000,143414000,169807000,29774000,21959000,2200000,0,29586000,0,140361000,328000,29446000,0,188000,None,None,None,0,-15852000,0,7627000,0,0,21959000,18086000,3873000,USD,630594000,68411000,None,25052000,203251000,246714000,0,84900000,95000,220966000,18631000,1615000,93410000,159423000,184580000,1722000,1762000,-48131000,41018000,496166000,None,357317000,2461000,155942000,40000,155749000,182858000,0,0,95000,180629000,220966000,-294252000,None,16305000,7079000,134428000,None,40000,18631000,18671000,None,180629000,None,368036000,630594000,159423000,None,73000000,USD,None,21762000,-4447000,-2732000,-4189000,-7189000,7000,2949000,21960000,77634000,89270000,2949000,8369000,-3000000,0,23848000,53086000,-3449000,1715000,13831000,444000,78078000,7.71,9.7
13,2017-03-31,USD,267907000,118002000,134323000,133584000,16132000,11010000,2900000,0,15948000,0,118002000,550000,15582000,0,184000,None,None,None,0,5284000,0,4938000,0,0,11010000,7155000,3855000,USD,601156000,69671000,None,21955000,186977000,234423000,0,73516000,94000,202880000,18469000,1506000,94833000,91423000,168465000,4459000,4459000,-51082000,43801000,462522000,None,343002000,2539000,170677000,43000,178467000,164006000,0,0,94000,179756000,202880000,-284477000,None,16726000,6930000,138634000,None,43000,18469000,18512000,None,179756000,None,367008000,601156000,91423000,None,74100000,USD,None,13766000,-6248000,-3005000,1884000,-1116000,-240000,9618000,11010000,-57254000,-49890000,9618000,8446000,-3000000,0,-28591000,66917000,2778000,3243000,-66917000,-1427000,-58681000,7.07,7.71
14,2016-12-31,USD,187417000,118511000,108693000,78724000,-38892000,-40644000,2600000,0,-39067000,0,117062000,895000,-39787000,0,175000,None,None,None,0,1449000,0,1577000,-4703000,0,-40644000,-44482000,3838000,USD,566390000,72700000,None,32413000,167106000,220383000,0,78282000,94000,195725000,17926000,1480000,96825000,150099000,149140000,2338000,2329000,-55596000,44090000,425475000,None,325104000,2534000,95934000,40000,147029000,146802000,0,0,94000,178901000,195725000,-284237000,None,15820000,6825000,140915000,None,40000,17926000,17966000,None,178901000,None,364397000,566390000,150099000,None,73600000,USD,None,12051000,-3786000,-5642000,-1277000,-4309000,-61000,-1648000,-40644000,2305000,10400000,-8754000,8570000,-3000000,29000,16621000,2408000,4386000,1856000,18170000,-4956000,-2651000,6.86,7.07
15,2016-09-30,USD,245888000,123649000,123454000,122434000,341000,-1533000,3700000,0,157000,0,122719000,1556000,-1215000,0,184000,None,None,None,0,930000,0,1690000,0,0,-1533000,-5352000,3819000,USD,625173000,75740000,None,29925000,172681000,274429000,0,90194000,94000,241205000,18813000,2586000,103413000,150216000,153841000,3593000,3593000,-44382000,45820000,475940000,None,374166000,0,126423000,27000,169376000,150248000,0,0,94000,178063000,241205000,-284176000,None,18388000,6699000,149233000,None,27000,18813000,18840000,None,178063000,None,361688000,625173000,150216000,None,73535800,USD,None,-35014000,-3613000,-1242000,-1716000,-4691000,-240000,-2452000,-1533000,1232000,9536000,3559000,8442000,-3000000,25000,1602000,15762000,1113000,2371000,31367000,2322000,3554000,8.3,6.86
16,2016-06-30,USD,323828000,149035000,154188000,169640000,18880000,15537000,2900000,0,18646000,0,148463000,-1725000,20605000,0,234000,None,None,None,0,572000,0,3109000,0,0,15537000,11735000,3802000,USD,666396000,77393000,None,31270000,211364000,277788000,0,105404000,95000,246557000,18416000,2561000,106597000,146662000,192619000,4993000,4993000,-44242000,46409000,513390000,None,375078000,0,165605000,329000,169853000,187626000,0,0,95000,177244000,246557000,-284176000,None,20031000,6612000,153006000,None,329000,18416000,18745000,None,177244000,None,359554000,666396000,146662000,None,73481889,USD,None,7233000,-3568000,3496000,-8654000,-11443000,-240000,-719000,15537000,61745000,76756000,1707000,8436000,-3000000,211000,16531000,47129000,4678000,7064000,22634000,-4163000,57582000,11.28,8.3
17,2016-03-31,USD,279140000,115123000,149774000,129366000,13294000,10146000,2700000,0,13051000,0,114930000,-949000,14243000,0,243000,None,None,None,0,193000,0,2905000,0,0,10146000,6361000,3785000,USD,655486000,79651000,None,35477000,219144000,259900000,0,96265000,94000,233824000,18307000,2611000,110684000,89080000,199936000,12658000,12658000,-46113000,50047000,494755000,None,354080000,0,184085000,901000,186113000,187278000,0,0,94000,176442000,233824000,-284176000,None,21676000,6746000,160731000,None,901000,18307000,19208000,None,176442000,None,356271000,655486000,89080000,None,73298471,USD,None,17260000,-7690000,-4474000,7108000,4000000,-263000,-8312000,10146000,-60628000,-56938000,-6814000,8595000,-3000000,155000,-14383000,69763000,-1979000,3216000,-69763000,6367000,-54261000,9.62,11.28
18,2015-12-31,USD,208678000,138325000,135934000,72744000,-65147000,-70173000,14000000,0,-65466000,0,129280000,434000,-65581000,0,319000,None,None,None,0,9045000,0,4707000,-27854000,0,-70173000,-73942000,3769000,USD,608020000,82297000,None,26334000,186391000,245972000,0,738000,94000,227463000,17667000,1973000,112581000,143341000,167097000,4772000,4772000,-50913000,49490000,445949000,None,337359000,0,108082000,1627000,168192000,161587000,0,0,94000,175657000,227463000,-283913000,None,21703000,6608000,162071000,None,1627000,17667000,19294000,None,175657000,None,353241000,608020000,143341000,None,72851418,USD,None,-13352000,-6831000,1760000,-1239000,-13375000,253000,6843000,-70173000,-17448000,2758000,9539000,7974000,-3000000,-9389000,19127000,-15604000,17155000,8591000,32488000,-7677000,-25125000,10.24,9.62
19,2015-09-30,USD,274088000,141551000,153267000,120821000,-22965000,-24024000,0,0,-23136000,0,135110000,-2235000,-20730000,0,171000,None,None,None,0,6441000,0,888000,0,0,-24024000,-27776000,3752000,USD,721925000,87420000,None,29782000,213942000,333095000,0,2420000,93000,301401000,17002000,2030000,132607000,168466000,194590000,5383000,None,-47658000,50188000,539130000,None,418533000,0,150063000,2350000,190819000,186787000,0,0,93000,174888000,301401000,-273915000,None,23587000,19570000,182795000,None,2350000,17002000,19352000,None,174888000,None,353174000,721925000,168466000,None,73634604,USD,None,-19805000,-2655000,-2596000,-1364000,-37269000,None,None,-24024000,-29933000,9991000,-2575000,8911000,-3000000,-32905000,-11851000,48092000,27226000,59000,32109000,1120000,-28813000,12.925,10.24
