,fiscalDateEnding,reportedCurrency_x,totalRevenue,totalOperatingExpense,costOfRevenue,grossProfit,ebit,netIncome_x,researchAndDevelopment,effectOfAccountingCharges,incomeBeforeTax,minorityInterest,sellingGeneralAdministrative,otherNonOperatingIncome,operatingIncome,otherOperatingExpense,interestExpense,taxProvision,interestIncome,netInterestIncome,extraordinaryItems,nonRecurring,otherItems,incomeTaxExpense,totalOtherIncomeExpense,discontinuedOperations,netIncomeFromContinuingOperations,netIncomeApplicableToCommonShares,preferredStockAndOtherAdjustments,reportedCurrency_y,totalAssets,intangibleAssets,earningAssets,otherCurrentAssets,totalLiabilities,totalShareholderEquity,deferredLongTermLiabilities,otherCurrentLiabilities,commonStock,retainedEarnings,otherLiabilities,goodwill,otherAssets,cash,totalCurrentLiabilities,shortTermDebt,currentLongTermDebt,otherShareholderEquity,propertyPlantEquipment,totalCurrentAssets,longTermInvestments,netTangibleAssets,shortTermInvestments,netReceivables,longTermDebt,inventory,accountsPayable,totalPermanentEquity,additionalPaidInCapital,commonStockTotalEquity,preferredStockTotalEquity,retainedEarningsTotalEquity,treasuryStock,accumulatedAmortization,otherNonCurrrentAssets,deferredLongTermAssetCharges,totalNonCurrentAssets,capitalLeaseObligations,totalLongTermDebt,otherNonCurrentLiabilities,totalNonCurrentLiabilities,negativeGoodwill,warrants,preferredStockRedeemable,capitalSurplus,liabilitiesAndShareholderEquity,cashAndShortTermInvestments,accumulatedDepreciation,commonStockSharesOutstanding,reportedCurrency,investments,changeInLiabilities,cashflowFromInvestment,otherCashflowFromInvestment,netBorrowings,cashflowFromFinancing,otherCashflowFromFinancing,changeInOperatingActivities,netIncome_y,changeInCash,operatingCashflow,otherOperatingCashflow,depreciation,dividendPayout,stockSaleAndPurchase,changeInInventory,changeInAccountReceivables,changeInNetIncome,capitalExpenditures,changeInReceivables,changeInExchangeRate,changeInCashAndCashEquivalents,clossingVal,nextClossingVal
0,2020-06-30,USD,44000,80733000,None,None,-78497000,-79656000,59380000,None,-79277000,None,21353000,None,-80689000,None,None,379000,None,None,None,None,None,379000,1412000,None,-79656000,-79656000,None,USD,1046532000,208000,None,None,135862000,910670000,None,12429000,1900000,-374098000,21040000,None,6965000,945068000,74505000,None,None,-21000,73741000,965618000,None,910462000,None,33000,None,None,13219000,None,None,None,None,None,-63000,None,6965000,None,80914000,50223000,None,9264000,61357000,None,None,None,1282952000,None,945068000,None,None,USD,-3605000,15668000,-3605000,None,None,89505000,None,-8263000,-79656000,56618000,-29279000,None,2192000,None,90637000,None,25084000,15696000,3605000,None,None,None,73.49,
1,2020-03-31,USD,157000,73743000,None,None,-71495000,-69731000,54193000,None,-69354000,None,19550000,None,-73586000,None,None,377000,None,None,None,None,None,377000,4232000,None,-69731000,-69731000,None,USD,1007300000,221000,None,None,121203000,886097000,None,11793000,1850000,-294442000,23727000,None,5703000,889712000,55086000,None,None,-18000,72094000,929282000,None,885876000,None,25117000,None,None,11277000,None,None,None,None,None,-63000,None,5703000,None,78018000,51395000,None,11951000,66117000,None,None,None,1178770000,None,889712000,None,61000000,USD,-2991000,-2653000,-2991000,None,None,1132000,None,28095000,-69731000,-54059000,-52175000,None,2091000,None,1132000,None,-25018000,15041000,2991000,None,None,None,42.41,73.49
2,2019-12-31,USD,77016000,66033000,48761000,28255000,12415000,30542000,48761000,None,30546000,None,17272000,None,10983000,None,None,4000,None,None,None,None,None,4000,19563000,None,30542000,30542000,None,USD,1066752000,235000,None,None,127327000,939425000,None,10950000,1847000,-224711000,26171000,None,6138000,943771000,57106000,None,None,7000,72832000,987547000,None,939190000,None,99000,None,None,5944000,None,None,None,None,None,-63000,None,6138000,None,79205000,52539000,None,14395000,70221000,None,None,None,1162345000,None,943771000,None,57000000,USD,7057000,-42255000,7057000,8009000,None,304718000,None,17860000,30542000,315180000,3376000,None,1432000,None,0,None,-60000,-4143000,952000,None,None,None,60.905,42.41
3,2019-09-30,USD,211928000,72765000,57246000,154682000,140446000,138423000,57246000,None,138697000,None,15519000,None,139163000,None,None,274000,-3430000,None,None,None,None,274000,-466000,None,138423000,138423000,None,USD,720590000,249000,None,2200000,128712000,591878000,None,50995000,1684000,-255253000,12106000,None,4583000,629717000,79779000,None,None,-22000,51693000,664065000,None,591629000,None,39000,None,None,3374000,None,None,None,None,None,-57000,None,4583000,None,56525000,41632000,None,235000,48933000,None,None,None,845526000,None,629717000,None,58000000,USD,-2461000,3033000,-2461000,None,None,70885000,None,-24374000,138423000,201832000,133420000,None,1283000,None,0,None,282000,14773000,2461000,None,None,None,40.99,60.905
4,2019-06-30,USD,318000,55301000,39533000,-39215000,-53785000,-53699000,39533000,None,-53614000,None,15768000,None,-54983000,None,None,85000,-1012000,None,None,None,None,85000,1369000,None,-53699000,-53699000,None,USD,494245000,262000,None,2800000,126562000,367683000,None,219000,1630000,-393676000,57950000,None,4584000,427885000,31412000,None,None,-10000,50926000,438473000,None,367421000,None,321000,None,None,7143000,None,None,None,None,None,-57000,None,4584000,None,55772000,42080000,None,220000,95150000,None,None,None,759796000,None,427885000,None,53000000,USD,-2174000,2450000,-3271000,None,None,29654000,None,1461000,-53699000,-8912000,-36382000,None,1198000,None,55380000,None,10000,12198000,2174000,None,None,None,47.1,40.99
5,2019-03-31,USD,328000,48751000,33822000,-33494000,-47611000,-48408000,33822000,None,-48323000,None,14929000,None,-48423000,None,None,85000,None,None,None,None,None,85000,100000,None,-48408000,-48408000,None,USD,497873000,276000,None,4000000,118063000,379810000,None,73000,1589000,-339977000,57937000,None,3832000,437549000,28398000,4899000,4899000,None,43969000,449796000,None,379534000,None,331000,31728000,None,7131000,None,None,None,None,None,-57000,None,3832000,None,48077000,36627000,None,182000,89665000,None,None,None,718255000,None,437549000,None,52000000,USD,-1097000,-3349000,-1097000,None,None,25726000,None,-3245000,-48408000,-19100000,-43737000,None,812000,None,25726000,None,-243000,10696000,1097000,None,None,None,35.72,47.1
6,2018-12-31,USD,115000,45343000,28801000,-28686000,-45228000,-47590000,39533000,0,-47356000,0,16542000,None,-45228000,0,0,None,None,None,0,0,0,234000,-2128000,0,-47590000,-47590000,None,USD,489016000,289000,None,None,96821000,392195000,None,4312000,1584000,-291569000,69075000,None,3832000,456649000,27746000,None,None,-8000,18500000,466395000,None,391906000,None,88000,None,None,5069000,None,None,None,None,None,-57000,None,None,None,None,None,None,None,None,None,None,None,682245000,None,456649000,None,48000000,USD,None,4102000,-1000000,None,None,-1269000,None,-810000,-47590000,-30648000,-28372000,None,945000,None,315934000,None,464000,14517000,1000000,None,None,None,28.57,35.72
7,2018-09-30,USD,563000,49995000,39820000,-39257000,-49432000,-50711000,39533000,0,-50574000,0,10175000,None,-49432000,0,0,None,None,None,0,0,0,137000,-1142000,0,-50711000,-50711000,None,USD,518903000,303000,None,2400000,101589000,417314000,0,10336000,1575000,-243979000,69311000,0,3815000,487295000,32278000,None,None,-1000,18097000,496688000,None,417011000,0,552000,0,0,5221000,0,0,0,0,0,-57000,None,None,None,None,None,None,None,None,None,None,None,None,None,None,None,47000000,USD,None,4192000,-695000,0,None,188223000,None,1105000,-50711000,167558000,-19964000,None,883000,0,309019000,0,392000,24175000,695000,None,None,None,44.35,28.57
8,2018-06-30,USD,1088000,38374000,25633000,-24545000,-37286000,-38380000,33822000,0,-38284000,0,12741000,None,-37286000,0,0,None,None,None,0,0,0,96000,-998000,0,-38380000,-38380000,None,USD,353130000,317000,None,3300000,87976000,265154000,0,2652000,1435000,-193268000,69495000,0,3869000,319737000,18481000,None,None,5000,18395000,330549000,None,264837000,0,944000,0,0,4479000,0,0,0,0,0,-50000,None,None,None,None,None,None,None,None,None,None,None,None,None,None,None,47000000,USD,None,4177000,-523000,0,None,3729000,None,-1501000,-38380000,-22030000,-25215000,None,865000,0,122597000,0,316000,9308000,523000,None,None,None,58.76,44.35
9,2018-03-31,USD,1358000,28355000,19519000,-18161000,-26997000,-28300000,19519000,0,-28214000,0,8836000,None,-26997000,0,0,None,None,None,0,0,0,86000,-1217000,0,-28300000,-28300000,None,USD,374452000,331000,None,8451000,84117000,290335000,57858000,2484000,1423000,-154888000,69722000,0,3736000,341767000,14395000,None,None,26000,18907000,351478000,None,290004000,0,1260000,0,0,2546000,0,0,0,0,0,0,None,None,None,None,None,None,None,None,None,None,None,None,None,None,None,46000000,USD,None,-657000,-555000,0,None,125251000,None,-2596000,-28300000,102020000,-22688000,None,826000,0,122597000,0,1366000,6673000,555000,None,None,None,45.71,58.76
10,2017-12-31,USD,32325000,84011000,30547000,-28803000,-42764000,141000,20030000,0,560000,0,35845000,None,972000,0,0,None,None,None,0,0,0,419000,-1078000,0,-46170000,141000,None,USD,271346000,344000,None,6001000,83514000,187832000,0,12525000,1240000,-125440000,69003000,0,4104000,239758000,14511000,None,None,14000,18857000,248385000,None,187488000,0,2626000,0,0,1639000,0,312018000,1240000,0,-125440000,0,None,None,None,None,None,None,None,None,None,None,None,None,None,None,None,40000000,USD,-500000,-21549000,-8314000,0,None,2608000,None,-4369000,141000,-75758000,-70093000,None,3024000,0,0,0,531000,20627000,7814000,None,None,None,23.48,45.71
11,2017-09-30,USD,2387000,67087000,25165000,0,-62810000,-45343000,17845000,0,-44420000,0,0,None,-43752000,0,0,None,None,None,0,0,0,708000,-668000,0,-64297000,-64297000,None,USD,282319000,358000,None,1856000,103361000,178958000,79689000,9574000,1234000,-125580000,91244000,0,4169000,253519000,12117000,None,None,12000,19564000,258586000,None,178600000,0,3211000,0,0,2116000,0,0,0,0,0,0,None,None,None,None,None,None,None,None,None,None,None,None,None,None,None,40000000,USD,-500000,-419000,-8109000,0,None,1324000,-500000,-363000,-68498000,-18745000,-55255000,None,0,0,0,0,54000,5227000,7609000,None,None,None,17.87,23.48
12,2017-06-30,USD,3582000,-68900000,24182000,0,61670000,20635000,17120000,0,20420000,0,0,None,20182000,0,0,None,None,None,0,0,0,343000,238000,0,63585000,63585000,None,USD,304975000,372000,None,2207000,107172000,197803000,79232000,12983000,1226000,-100873000,91358000,0,3763000,272264000,15814000,None,None,4000,19927000,281285000,None,197431000,0,6814000,0,0,2559000,0,0,0,0,0,0,None,None,None,None,None,None,None,None,None,None,None,None,None,None,None,40000000,USD,-500000,2466000,-4615000,0,None,715000,-500000,89000,-22315000,-16608000,-39387000,None,0,0,0,0,3657000,4221000,4615000,None,None,None,16.02,17.87
13,2017-03-31,USD,2703000,23447000,22727000,0,-20744000,-21475000,14805000,0,-21196000,0,0,None,-20744000,0,0,None,None,None,0,0,0,279000,-452000,0,-21475000,-21475000,None,USD,322346000,385000,None,1918000,107171000,215175000,78311000,12788000,1216000,-78558000,90256000,0,3719000,288872000,16915000,None,None,-2000,22165000,296462000,None,214790000,0,5672000,0,0,3937000,0,0,0,0,0,0,None,None,None,None,None,None,None,None,None,None,None,None,None,None,None,40000000,USD,-500000,-2983000,-3285000,0,None,20000,-500000,-906000,-21475000,-26648000,-23412000,None,0,0,0,0,2515000,3747000,3285000,None,None,None,21.77,16.02
14,2016-12-31,USD,2344000,72135000,25242000,-33074000,-68520000,17099000,15572000,0,17498000,0,31056000,None,-46520000,0,7950000,None,None,None,0,0,0,400000,45488000,0,-23202000,17099000,None,USD,344962000,399000,None,1511000,112116000,232846000,0,17406000,1216000,-57083000,90118000,0,3747000,315520000,21998000,None,None,-26000,21027000,320188000,None,232447000,0,3157000,0,0,4569000,0,288427000,1216000,0,-56771000,0,None,None,None,None,None,None,None,None,None,None,None,None,None,None,None,12000000,USD,-100000,3860000,31884000,0,35010000,183220000,-1810000,1272000,17099000,162009000,-52860000,None,925000,0,0,0,-2818000,-34839000,3016000,None,None,None,20.26,21.77
15,2016-09-30,USD,1549000,20159000,15923000,-14000000,-18610000,-20680000,12052000,0,-14686000,0,0,None,-40610000,0,-40000000,None,None,None,0,0,0,8000,-76000,0,0,0,None,USD,278653000,413000,None,946000,155620000,123084000,76949000,76072000,174000,-74182000,77523000,0,43140000,228613000,78097000,None,None,None,3862000,231651000,None,None,0,2092000,0,0,1943000,-62532000,0,0,185565000,0,0,None,None,None,None,None,None,None,None,None,None,None,None,None,None,None,5000000,USD,None,3275000,17112000,0,None,91454000,15000000,1851000,-14680000,-18236000,-35894000,None,0,0,16000,0,1753000,None,2788000,None,None,None,nan,20.26
16,2016-06-30,USD,795000,-31000000,17182000,16000000,31000000,15000000,8602000,0,0,0,0,None,31000000,0,32000000,None,None,None,0,0,0,-76000,0,0,0,0,None,USD,293059000,426000,None,956000,157718000,135378000,None,76854000,173000,-60000000,77119000,None,41523000,246849000,80599000,None,None,None,2377000,249000000,36000000,None,None,1000000,None,None,3687000,None,None,None,185565000,None,None,None,None,None,None,None,None,None,None,None,None,None,None,None,None,None,None,USD,None,4988000,18621000,None,None,95925000,15000000,-4000000,-17000000,46000000,-14000000,None,1000000,None,None,None,-1000000,None,1279000,None,None,None,nan,nan
17,2016-03-31,USD,476000,12000000,12022000,-6000000,-12000000,-8000000,6012000,0,0,0,0,None,-12000000,0,-8000000,None,None,None,0,0,0,76000,0,0,0,0,None,USD,242000000,None,None,None,152000000,None,None,64000000,6000000,-42000000,None,None,None,201000000,76000000,None,None,None,None,203000000,36000000,None,None,1000000,None,None,1000000,None,None,None,None,None,None,None,None,None,None,None,None,None,None,None,None,None,None,None,None,None,6000000,USD,None,None,20000000,None,None,35000000,20000000,-1000000,-8000000,45000000,-10000000,None,None,None,None,None,-1000000,None,1000000,None,None,None,nan,nan
18,2015-12-31,USD,247000,25976000,12354000,-12326000,-25729000,-25503000,6174000,0,-25821000,-27000,13403000,None,-25729000,0,99000,None,None,None,0,0,0,70000,-92000,0,-25828000,-25503000,None,USD,159423000,454000,None,540000,124026000,35424000,None,8490000,181000,-33906000,75535000,None,1255000,155961000,48491000,38336000,38336000,-8000,1328000,156840000,None,-29551000,None,339000,38336000,None,1584000,None,None,None,64521000,None,None,None,None,None,None,None,None,None,None,None,None,None,None,None,None,None,None,USD,-100000,7708000,-1154000,None,38239000,96733000,-370000,-1091000,-25503000,155016000,59428000,None,127000,None,243000,None,-339000,3436000,1154000,None,None,None,nan,nan
19,2015-09-30,USD,0,0,6162000,0,0,0,3749000,0,0,0,0,None,0,0,8000,None,None,None,0,0,0,153000,0,0,0,0,None,USD,None,None,None,None,None,None,None,None,None,None,None,None,None,None,None,None,None,None,None,None,None,None,None,None,None,None,None,None,None,None,None,None,None,None,None,None,None,None,None,None,None,None,None,None,None,None,None,None,6000000,USD,None,None,None,None,None,None,None,None,None,None,None,None,None,None,None,None,None,None,0,None,None,None,nan,nan
