,fiscalDateEnding,reportedCurrency_x,totalRevenue,totalOperatingExpense,costOfRevenue,grossProfit,ebit,netIncome_x,researchAndDevelopment,effectOfAccountingCharges,incomeBeforeTax,minorityInterest,sellingGeneralAdministrative,otherNonOperatingIncome,operatingIncome,otherOperatingExpense,interestExpense,taxProvision,interestIncome,netInterestIncome,extraordinaryItems,nonRecurring,otherItems,incomeTaxExpense,totalOtherIncomeExpense,discontinuedOperations,netIncomeFromContinuingOperations,netIncomeApplicableToCommonShares,preferredStockAndOtherAdjustments,reportedCurrency_y,totalAssets,intangibleAssets,earningAssets,otherCurrentAssets,totalLiabilities,totalShareholderEquity,deferredLongTermLiabilities,otherCurrentLiabilities,commonStock,retainedEarnings,otherLiabilities,goodwill,otherAssets,cash,totalCurrentLiabilities,shortTermDebt,currentLongTermDebt,otherShareholderEquity,propertyPlantEquipment,totalCurrentAssets,longTermInvestments,netTangibleAssets,shortTermInvestments,netReceivables,longTermDebt,inventory,accountsPayable,totalPermanentEquity,additionalPaidInCapital,commonStockTotalEquity,preferredStockTotalEquity,retainedEarningsTotalEquity,treasuryStock,accumulatedAmortization,otherNonCurrrentAssets,deferredLongTermAssetCharges,totalNonCurrentAssets,capitalLeaseObligations,totalLongTermDebt,otherNonCurrentLiabilities,totalNonCurrentLiabilities,negativeGoodwill,warrants,preferredStockRedeemable,capitalSurplus,liabilitiesAndShareholderEquity,cashAndShortTermInvestments,accumulatedDepreciation,commonStockSharesOutstanding,reportedCurrency,investments,changeInLiabilities,cashflowFromInvestment,otherCashflowFromInvestment,netBorrowings,cashflowFromFinancing,otherCashflowFromFinancing,changeInOperatingActivities,netIncome_y,changeInCash,operatingCashflow,otherOperatingCashflow,depreciation,dividendPayout,stockSaleAndPurchase,changeInInventory,changeInAccountReceivables,changeInNetIncome,capitalExpenditures,changeInReceivables,changeInExchangeRate,changeInCashAndCashEquivalents,clossingVal,nextClossingVal
0,2020-06-30,USD,42546000,57276000,10144000,32402000,-13537000,-15166000,11840000,None,-15064000,None,34966000,None,-14730000,None,500000,102000,166000,-334000,None,None,None,102000,-334000,None,-15166000,-15166000,None,USD,339519000,16606000,None,None,70727000,268792000,None,None,268792000,-363075000,5403000,None,7414000,185463000,44506000,None,None,269000,27810000,287689000,None,252186000,46691000,25212000,None,27706000,11539000,None,None,None,None,None,None,None,7414000,None,51830000,20818000,None,696000,26221000,None,None,None,None,None,None,None,None,USD,-10045000,-1860000,-10045000,None,-34000,137277000,None,-3995000,-15166000,115891000,-11341000,None,1027000,None,None,-3637000,None,7338000,1231000,None,None,None,31.55,
1,2020-03-31,USD,61175000,51685000,12225000,48950000,-2341000,-2889000,9964000,None,-2842000,None,41384000,394000,-2735000,337000,501000,47000,394000,-107000,None,None,None,47000,-107000,None,-2889000,-2889000,None,USD,220078000,20256000,None,2243000,76902000,143176000,5258000,1757000,34000,-347852000,5921000,None,806000,69572000,50056000,None,None,-59000,27692000,164436000,None,122920000,37688000,30864000,None,24069000,48299000,None,None,34000,None,-347852000,None,None,7694000,None,55642000,20868000,20868000,21588000,26846000,None,None,None,491053000,220078000,107260000,None,35274479,USD,5331000,-4055000,4129000,-144000,-19000,-380000,-380000,164000,-2889000,4105000,356000,424000,1085000,None,None,-2597000,None,3569000,1058000,4819000,None,4105000,35.21,31.55
2,2019-12-31,USD,68334000,57990000,13718000,54616000,-2857000,-3401000,10786000,None,-3357000,None,46867000,517000,-3374000,337000,500000,44000,517000,17000,None,None,None,44000,17000,None,-3401000,-3401000,None,USD,224192000,20571000,None,2961000,80887000,143305000,5740000,1656000,34000,-344602000,6519000,None,363000,65467000,53290000,None,None,93000,27320000,169687000,5593000,122734000,43954000,35833000,None,21472000,51634000,None,None,34000,None,-344602000,None,None,6614000,None,54505000,20903000,20903000,21857000,27597000,None,None,None,487780000,224192000,109421000,None,35251833,USD,2085000,5812000,1300000,-248000,-20000,1288000,-399000,2971000,-3401000,6528000,3940000,123000,854000,None,1687000,-1983000,-1584000,4006000,537000,-1584000,None,6528000,48.59,35.21
3,2019-09-30,USD,64490000,57751000,12672000,51818000,-5270000,-5780000,10765000,None,-5742000,None,46752000,663000,-5933000,234000,472000,38000,663000,191000,None,None,None,38000,191000,None,-5780000,-5780000,None,USD,217065000,20991000,None,2858000,74991000,142074000,6076000,1706000,34000,-340822000,6850000,None,407000,58939000,46897000,None,None,102000,27367000,161938000,5593000,121083000,46028000,34624000,None,19489000,45191000,None,None,34000,None,-340822000,None,None,6769000,None,55127000,20938000,20938000,22018000,28094000,None,None,None,482760000,217065000,104967000,None,35199895,USD,2556000,-5954000,-4053000,-6066000,-19000,-5525000,-5525000,-6727000,-5780000,-15298000,-5720000,763000,1068000,None,None,-1431000,1316000,4411000,543000,1316000,None,-15298000,47.52,48.59
4,2019-06-30,USD,68234000,53520000,13462000,54772000,1925000,1469000,9525000,None,1507000,None,43995000,673000,1252000,None,418000,38000,673000,255000,None,None,None,38000,255000,None,1469000,1469000,None,USD,218577000,5105000,None,3330000,70633000,147944000,6541000,1764000,34000,-329536000,7316000,None,480000,74237000,42345000,None,None,78000,27324000,180075000,5593000,142839000,48435000,36015000,None,18058000,40581000,None,None,34000,None,-329536000,None,None,6073000,None,38502000,20972000,20972000,21747000,28288000,None,None,None,477368000,218577000,122672000,None,34934569,USD,-47839000,888000,-48443000,-225000,-19000,2100000,95000,1734000,1469000,-41043000,5300000,-240000,774000,None,2005000,1246000,-1045000,2208000,379000,-1045000,None,-41043000,42.93,47.52
5,2019-03-31,USD,63311000,50638000,12166000,51145000,1178000,672000,9282000,None,758000,None,41356000,671000,507000,None,420000,86000,251000,251000,None,None,None,86000,251000,None,672000,672000,None,USD,211229000,5242000,None,2221000,69616000,141613000,7230000,1612000,34000,-330922000,8114000,None,6149000,115280000,40497000,None,None,None,27607000,172231000,5593000,136371000,456000,34970000,None,19304000,38885000,None,None,34000,None,-330922000,None,None,6149000,None,38998000,21005000,21005000,21889000,29119000,None,None,None,472501000,211229000,115736000,None,34828214,USD,-3055000,2071000,-4537000,-190000,-39000,-337000,-337000,1534000,672000,-3492000,1382000,-478000,932000,None,196000,375000,-5089000,2899000,1292000,-5089000,None,-3492000,38.66,42.93
6,2018-12-31,USD,60206000,48345000,11477000,48729000,947000,492000,7238000,None,525000,None,41107000,563000,384000,None,422000,None,None,None,None,None,None,33000,141000,None,492000,492000,None,USD,207187000,5307000,None,1944000,68589000,138598000,7700000,1519000,34000,-331263000,8575000,None,377000,118772000,38989000,None,None,None,28230000,170735000,2538000,133291000,434000,29906000,21025000,19679000,37470000,None,None,34000,None,-331263000,None,None,2915000,None,36452000,None,21025000,21900000,29600000,None,None,None,469827000,207187000,119206000,None,34824366,USD,46000,1280000,-748000,-396000,None,1350000,-326000,2720000,492000,5402000,4800000,297000,831000,None,1676000,-1584000,364000,3120000,398000,364000,None,5402000,28.49,38.66
7,2018-09-30,USD,56266000,48659000,10575000,45691000,-2431000,-2888000,7417000,None,-2855000,None,41242000,537000,-2968000,None,424000,None,None,None,None,None,None,33000,113000,None,-2888000,-2888000,None,USD,200310000,5501000,None,2248000,66331000,133979000,8122000,1248000,33000,-331436000,9025000,0,345000,113370000,36261000,None,None,None,27388000,164538000,2538000,128478000,505000,30320000,21045000,18095000,35013000,0,0,33000,0,-331436000,0,None,2883000,None,35772000,None,None,21948000,30070000,None,None,None,465382000,200310000,113875000,None,34703282,USD,51000,-2639000,-624000,-79000,None,-992000,-1063000,-3463000,-2888000,-2890000,-1274000,828000,854000,0,71000,-1490000,855000,3206000,596000,855000,None,-2890000,39.14,28.49
8,2018-06-30,USD,59152000,44566000,10814000,48338000,2869000,3737000,6719000,0,3770000,0,37847000,None,3772000,0,-3008000,None,None,None,0,0,0,33000,-2000,0,3737000,3737000,None,USD,203352000,5231000,None,2977000,68882000,134470000,8946000,1243000,33000,-327591000,10358000,0,228000,116260000,37460000,21064000,21064000,101000,27744000,167611000,2538000,129239000,544000,31225000,21064000,16605000,36217000,0,0,33000,0,-327591000,0,None,2766000,None,35741000,None,None,22476000,31422000,None,None,None,461927000,203352000,116804000,None,33360032,USD,-2313000,628000,-2888000,-233000,None,1851000,507000,-203000,3737000,6955000,7992000,-299000,357000,0,1344000,397000,716000,2456000,342000,716000,None,6955000,32.34,39.14
9,2018-03-31,USD,55587000,45129000,9969000,45618000,827000,365000,7333000,0,398000,0,37796000,338000,489000,0,429000,None,None,None,0,0,0,33000,-91000,0,365000,365000,None,USD,194759000,5148000,None,2350000,68303000,126456000,9023000,1554000,33000,-331328000,11065000,0,262000,109305000,36155000,21083000,21083000,103000,28165000,161184000,None,121308000,586000,31941000,21083000,17002000,34601000,0,0,33000,0,-331328000,0,None,262000,None,33575000,None,None,23125000,32148000,None,None,None,457648000,194759000,109891000,None,33258205,USD,48000,2135000,-555000,-258000,None,8000,8000,1581000,365000,1960000,2507000,87000,1461000,0,0,399000,-4155000,2215000,345000,-4155000,None,1960000,21.93,32.34
10,2017-12-31,USD,52628000,43404000,9499000,43129000,50000,-413000,6396000,0,-380000,0,37008000,325000,-275000,0,430000,None,None,None,0,0,0,33000,87000,0,-413000,-413000,None,USD,190064000,5386000,None,2556000,66104000,123960000,8905000,1095000,33000,-331693000,11525000,0,5536000,107345000,33491000,21088000,21088000,112000,28729000,155799000,None,118574000,636000,27861000,21088000,17401000,32396000,0,0,33000,0,-331693000,0,None,150000,None,34265000,None,None,23708000,32613000,None,None,None,455508000,190064000,107981000,None,33213195,USD,192000,-4036000,-675000,-167000,None,1598000,6000,236000,-413000,2598000,1675000,3435000,1073000,0,1592000,-366000,561000,2477000,700000,-495000,None,2598000,23.69,21.93
11,2017-09-30,USD,49676000,42226000,9202000,40474000,-1512000,-1977000,6308000,0,-1944000,0,35918000,240000,-1752000,0,432000,None,None,None,0,0,0,33000,-192000,0,-1977000,-1977000,None,USD,190357000,5278000,None,6031000,70254000,120103000,10000000,25584000,33000,-331280000,12902000,0,5396000,104747000,36258000,21094000,21094000,104000,29164000,155797000,None,114825000,668000,27316000,21094000,17035000,36258000,0,0,33000,0,-331280000,0,None,118000,None,34560000,None,None,23996000,33996000,None,None,None,451246000,190357000,105415000,None,34136218,USD,47000,-5011000,-977000,-455000,None,312000,6000,-5883000,-1977000,-3165000,-2500000,-643000,1043000,0,306000,-138000,1056000,3170000,569000,1056000,None,-3165000,28.15,23.69
12,2017-06-30,USD,52919000,42244000,9673000,43246000,956000,772000,6339000,0,792000,0,35905000,None,1002000,0,434000,None,None,None,0,0,0,20000,-3027000,0,772000,772000,None,USD,193940000,5056000,None,5074000,75551000,118389000,10000000,30236000,33000,-329303000,13479000,0,5185000,107912000,40972000,21100000,21100000,100000,29696000,159059000,None,113333000,704000,28472000,21100000,16897000,40972000,0,0,33000,0,-329303000,0,None,129000,None,34881000,None,None,24579000,34579000,None,None,None,447559000,193940000,108616000,None,32849563,USD,46000,1681000,-442000,-348000,20944000,2119000,26211000,-1098000,772000,4782000,3105000,-472000,320000,0,-3148000,-292000,-5809000,1841000,140000,-745000,None,4782000,32.23,28.15
13,2017-03-31,USD,52144000,42764000,11139000,41005000,-1731000,-1749000,5432000,0,-1731000,0,37332000,28000,-1759000,0,20000,None,None,None,0,0,0,18000,43000,0,-1749000,-1749000,None,USD,186857000,4752000,None,3479000,73375000,113482000,10000000,29837000,33000,-330075000,13752000,0,4812000,103130000,38650000,20973000,20973000,97000,30213000,151832000,None,108730000,741000,27877000,20973000,16605000,38650000,0,0,33000,0,-330075000,0,None,60000,None,35025000,None,None,24725000,34725000,None,None,None,443427000,186857000,103871000,None,32703971,USD,46000,5809000,-481000,-121000,20944000,21671000,4000,-2089000,-1749000,23851000,2661000,-2089000,1044000,0,727000,-436000,5064000,2686000,360000,-2604000,None,23851000,28.28,32.23
14,2016-12-31,USD,50043000,39798000,9163000,40880000,1067000,1043000,5805000,0,1067000,0,33993000,-15000,1082000,0,46000,None,None,None,0,0,0,24000,-48000,0,1043000,1043000,None,USD,158720000,4503000,None,1382000,46644000,112076000,10000000,24762000,33000,-328326000,14266000,0,4567000,79279000,32378000,None,None,77000,31204000,122949000,None,107573000,721000,25398000,0,16169000,32378000,0,0,33000,0,-328326000,0,None,64000,None,35771000,None,None,4266000,14266000,None,None,None,440292000,158720000,80000000,None,32582902,USD,46000,11115000,-404000,-205000,20944000,5591000,4000,622000,1043000,21085000,15898000,622000,1007000,0,5591000,718000,2460000,2523000,199000,-1130000,None,21085000,24.21,28.28
15,2016-09-30,USD,49800000,42201000,9466000,40334000,-1834000,-1858000,5335000,0,-1834000,0,36866000,33000,-1867000,0,0,None,None,None,0,0,0,24000,33000,0,-1858000,-1858000,None,USD,138334000,4352000,None,1998000,35390000,102944000,0,21688000,33000,-329269000,4939000,0,4422000,58194000,30451000,None,None,61000,31820000,102092000,None,98592000,705000,24308000,0,16887000,30451000,0,0,33000,0,-329269000,0,None,70000,None,36242000,None,None,4939000,4939000,None,None,None,432119000,138334000,58899000,None,33046180,USD,46000,-6119000,-452000,-170000,20944000,84000,4000,1314000,-1858000,-2444000,-2076000,1314000,1764000,0,84000,553000,1330000,3600000,282000,-1330000,None,-2444000,23.74,24.21
16,2016-06-30,USD,48460000,43578000,9854000,38606000,-4884000,-4884000,6039000,0,-4884000,0,37551000,88000,-4972000,0,-500000,None,None,None,0,-12000,0,23000,-11719000,0,-4884000,-4884000,None,USD,142406000,5013000,None,2992000,41509000,100897000,0,26993000,33000,-327411000,6010000,0,5053000,60638000,35499000,None,None,40000,32471000,104882000,None,95884000,684000,23128000,0,17440000,35499000,0,0,33000,0,-327411000,0,None,40000,None,37524000,None,None,6010000,6010000,None,None,None,428235000,142406000,61322000,None,32792497,USD,1249000,-1468000,375000,-301000,20944000,1472000,1006000,11601000,-4884000,-1536000,-3383000,-733000,974000,0,466000,786000,7327000,2147000,573000,-205000,None,-1536000,18.375,23.74
17,2016-03-31,USD,44461000,58462000,8725000,35736000,-22716000,-22716000,5748000,0,-22716000,0,42338000,10000,-22726000,0,0,None,None,None,0,10376000,0,23000,0,0,-22716000,-22716000,None,USD,145009000,4952000,None,1388000,43238000,101771000,0,26649000,33000,-322526000,8251000,0,5040000,62174000,34987000,None,None,86000,33224000,106745000,None,96819000,1909000,23048000,0,18226000,34987000,0,0,33000,0,-322526000,0,None,88000,None,38264000,None,None,8251000,8251000,None,None,None,424178000,145009000,64083000,None,32684195,USD,None,12949000,-510000,-57000,None,2676000,None,None,-22716000,-3155000,-2645000,237000,989000,0,0,11000,7532000,3256000,453000,2629000,None,-3155000,10.37,18.375
18,2015-12-31,USD,41392000,48464000,8071000,33321000,-15163000,-15163000,7206000,0,-15163000,0,41258000,-20000,-15143000,0,0,None,None,None,0,0,0,23000,0,0,-15163000,-15163000,None,USD,151225000,4759000,None,1577000,29950000,121275000,0,19651000,33000,-299811000,1986000,0,4895000,65329000,27964000,None,None,48000,33564000,112766000,None,116516000,1871000,25752000,0,18237000,27964000,0,0,33000,0,-299811000,0,None,136000,None,38459000,None,None,1986000,1986000,None,None,None,421005000,151225000,67200000,None,32734918,USD,-20000,-1394000,-1260000,-295000,None,2657000,None,None,-15163000,-11322000,-12719000,1074000,981000,0,2657000,-2791000,4903000,3462000,945000,1112000,None,-11322000,15.12,10.37
19,2015-09-30,USD,43871000,48336000,8771000,35100000,-13261000,-13261000,6941000,0,-13261000,0,41395000,-25000,-13236000,0,0,None,None,None,0,0,0,23000,0,0,-13261000,-13261000,None,USD,162390000,4787000,None,2603000,31778000,130612000,0,20047000,32000,-284647000,1916000,0,5321000,76651000,29862000,None,None,-9000,33711000,123358000,None,125825000,1794000,26864000,0,15446000,29862000,0,0,32000,0,-284647000,0,None,534000,None,39032000,None,None,1916000,1916000,None,None,None,415236000,162390000,78445000,None,32441609,USD,-367000,-184000,-2374000,-160000,None,19000,None,None,-13261000,-7191000,-4836000,1043000,973000,0,19000,-1480000,3791000,4282000,1847000,3791000,None,-7191000,15.84,15.12
