,fiscalDateEnding,reportedCurrency_x,totalRevenue,totalOperatingExpense,costOfRevenue,grossProfit,ebit,netIncome_x,researchAndDevelopment,effectOfAccountingCharges,incomeBeforeTax,minorityInterest,sellingGeneralAdministrative,otherNonOperatingIncome,operatingIncome,otherOperatingExpense,interestExpense,taxProvision,interestIncome,netInterestIncome,extraordinaryItems,nonRecurring,otherItems,incomeTaxExpense,totalOtherIncomeExpense,discontinuedOperations,netIncomeFromContinuingOperations,netIncomeApplicableToCommonShares,preferredStockAndOtherAdjustments,reportedCurrency_y,totalAssets,intangibleAssets,earningAssets,otherCurrentAssets,totalLiabilities,totalShareholderEquity,deferredLongTermLiabilities,otherCurrentLiabilities,commonStock,retainedEarnings,otherLiabilities,goodwill,otherAssets,cash,totalCurrentLiabilities,shortTermDebt,currentLongTermDebt,otherShareholderEquity,propertyPlantEquipment,totalCurrentAssets,longTermInvestments,netTangibleAssets,shortTermInvestments,netReceivables,longTermDebt,inventory,accountsPayable,totalPermanentEquity,additionalPaidInCapital,commonStockTotalEquity,preferredStockTotalEquity,retainedEarningsTotalEquity,treasuryStock,accumulatedAmortization,otherNonCurrrentAssets,deferredLongTermAssetCharges,totalNonCurrentAssets,capitalLeaseObligations,totalLongTermDebt,otherNonCurrentLiabilities,totalNonCurrentLiabilities,negativeGoodwill,warrants,preferredStockRedeemable,capitalSurplus,liabilitiesAndShareholderEquity,cashAndShortTermInvestments,accumulatedDepreciation,commonStockSharesOutstanding,reportedCurrency,investments,changeInLiabilities,cashflowFromInvestment,otherCashflowFromInvestment,netBorrowings,cashflowFromFinancing,otherCashflowFromFinancing,changeInOperatingActivities,netIncome_y,changeInCash,operatingCashflow,otherOperatingCashflow,depreciation,dividendPayout,stockSaleAndPurchase,changeInInventory,changeInAccountReceivables,changeInNetIncome,capitalExpenditures,changeInReceivables,changeInExchangeRate,changeInCashAndCashEquivalents,clossingVal,nextClossingVal
0,2020-06-30,USD,695846000,650378000,548634000,147212000,44533000,20604000,10924000,None,27573000,40903000,99817000,None,45468000,-8997000,16960000,8899000,2081000,-14879000,None,None,None,8899000,-3016000,None,20413000,20604000,None,USD,5258530000,81230000,None,653750000,3709570000,1508057000,None,122957000,686425000,924836000,317004000,None,851697000,578815000,2791227000,None,1667727000,-126193000,1049881000,3196400000,79322000,1426827000,None,421691000,580442000,547106000,460817000,None,None,None,None,None,None,None,673946000,None,2062130000,32741000,None,188207000,918343000,None,None,None,None,None,None,None,None,USD,None,None,None,None,None,None,None,None,20604000,None,None,None,None,None,None,None,None,None,0,None,None,None,19.27,
1,2020-03-31,USD,825635000,712199000,602438000,223197000,101193000,110631000,10056000,None,82180000,41145000,105620000,None,113436000,-5915000,19013000,-29051000,2779000,-16234000,None,None,None,-29051000,-15022000,None,111247000,110631000,None,USD,5315607000,81426000,None,582737000,3822526000,1451936000,None,152546000,686001000,904232000,300266000,None,792051000,618643000,2833446000,None,1596436000,-157532000,1061241000,3312876000,68013000,1370510000,None,384816000,665753000,632362000,544944000,None,None,None,None,None,None,None,612084000,None,2002731000,35075000,None,173239000,989080000,None,None,None,None,None,None,None,60000000,USD,None,0,None,None,None,None,None,None,110631000,None,None,None,None,None,None,None,None,None,0,None,None,None,15.91,19.27
2,2019-12-31,USD,919707000,808281000,690205000,229502000,111948000,67737000,10179000,None,92214000,31924000,114232000,None,111426000,-5896000,19734000,25209000,2979000,-16755000,None,None,None,25208000,-2457000,None,67928000,67736000,None,USD,5467207000,83627000,None,604083000,4042149000,1393134000,None,132008000,703806000,793601000,295040000,0,841091000,668770000,3091997000,544991000,1764284000,-109607000,1136725000,3252936000,152828000,1309507000,None,436815000,619477000,554070000,585601000,None,None,None,None,None,-11845000,None,646231000,None,2214271000,39485000,619477000,167262000,950152000,None,None,None,17179000,None,668770000,None,61000000,USD,None,0,None,None,None,None,None,None,67737000,None,None,None,None,None,None,None,None,None,0,None,None,None,22.1,15.91
3,2019-09-30,USD,759882000,679775000,560968000,198914000,82597000,58331000,11567000,None,63357000,38487000,108426000,None,80107000,-1186000,19240000,10434000,2579000,-16661000,None,None,None,10434000,-89000,None,55226000,58331000,None,USD,5307640000,86858000,None,910101000,3942189000,1326964000,None,206505000,703806000,725864000,315397000,0,639662000,526175000,3079791000,476611000,1794241000,-122084000,1086533000,3344774000,149813000,1240106000,None,449347000,525935000,413036000,529416000,None,None,None,None,None,None,None,390081000,None,1962866000,38418000,525935000,165385000,862398000,None,None,None,19378000,None,526175000,None,61000000,USD,None,0,None,None,None,None,None,None,58331000,None,None,None,None,None,None,None,None,None,0,None,None,None,18.88,22.1
4,2019-06-30,USD,1036275000,975533000,853633000,182642000,71122000,62682000,12133000,None,50468000,42017000,111096000,None,60742000,-1329000,20654000,13951000,4452000,-16202000,None,None,None,13951000,5928000,None,60257000,62682000,None,USD,5038662000,84060000,None,690493000,3717319000,1279326000,None,225852000,703014000,667533000,300370000,0,851368000,438496000,2930509000,420399000,1677482000,-107775000,1054595000,2895322000,153317000,1195266000,None,454645000,462908000,337819000,505840000,None,None,None,None,None,None,None,567646000,None,2143340000,40768000,462908000,159299000,786810000,None,None,None,16554000,None,438496000,None,60000000,USD,None,0,None,None,None,None,None,None,62682000,None,None,None,None,None,None,None,None,None,0,None,None,None,21.83,18.88
5,2019-03-31,USD,484719000,478114000,377280000,107439000,-4667000,-17165000,13166000,None,-26366000,43045000,89354000,None,6605000,-1686000,21699000,-7529000,-32971000,-19670000,None,None,None,-7529000,-13301000,None,-16856000,-17165000,None,USD,5072867000,18539000,None,1441214000,3843219000,1229648000,None,334948000,703648000,604851000,270979000,1005000,793796000,370154000,3064377000,441270000,1792858000,-91898000,1041451000,3089844000,128232000,1144072000,None,388707000,433502000,385141000,492737000,None,None,None,None,None,None,None,545665000,None,1983023000,50596000,433502000,159264000,735797000,None,None,None,13047000,None,370154000,None,59000000,USD,None,0,None,None,None,None,None,None,-17165000,None,None,None,None,None,None,None,None,None,0,None,None,None,18.63,21.83
6,2018-12-31,USD,901041000,767041000,629732000,271309000,134000000,111582000,15417000,0,151231000,47372000,125681000,None,136565000,27179000,-23797000,36689000,14666000,None,0,0,0,36689000,16786000,0,114097000,111582000,None,USD,4892658000,14903000,None,1419300000,3667185000,1225473000,None,563148000,702931000,622016000,243589000,1005000,736450000,444298000,2948357000,497150000,564249000,-110149000,939884000,3074321000,129311000,1143847000,None,498269000,393614000,262022000,766031000,None,None,None,None,None,None,None,None,None,None,None,393614000,None,None,None,None,None,10675000,None,444298000,None,62000000,USD,None,0,None,None,None,None,None,None,111582000,None,None,None,None,None,None,None,None,None,0,None,None,None,14.34,18.63
7,2018-09-30,USD,767970000,672066000,567579000,200391000,95904000,66540000,10143000,0,81895000,41067000,97285000,None,95904000,-2941000,-26839000,None,None,None,0,0,0,13423000,-14009000,0,68472000,66540000,None,USD,5203870000,78146000,None,1727053000,4002098000,1160705000,None,783549000,702877000,510432000,236518000,4061000,447885000,519604000,3645422000,127188000,127188000,-60909000,919163000,3336507000,418108000,1078498000,459746000,451297000,120158000,322011000,856733000,None,None,None,None,None,None,None,None,None,None,None,120158000,None,None,None,None,None,8305000,None,519604000,None,62000000,USD,None,0,None,None,None,None,None,None,66540000,None,None,None,None,None,None,None,None,None,0,None,None,None,14.5,14.34
8,2018-06-30,USD,650590000,596652000,491155000,159435000,53938000,15569000,9134000,0,23739000,37846000,96708000,None,53938000,-345000,-26596000,None,None,None,0,0,0,7766000,-30199000,0,15973000,15569000,None,USD,5192954000,102411000,None,1812993000,4089761000,1065347000,None,720184000,702868000,443892000,205640000,4061000,410167000,452471000,3662775000,126946000,126946000,-87170000,855676000,3396484000,424155000,958875000,535769000,509304000,221346000,336468000,815378000,None,None,None,None,None,None,None,None,None,None,None,None,None,None,None,None,None,None,None,None,None,59000000,USD,None,0,None,None,None,None,None,None,15569000,None,None,None,None,None,None,None,None,None,0,None,None,None,12.24,14.5
9,2018-03-31,USD,1424911000,1381570000,1280965000,143946000,43341000,43377000,9499000,0,47978000,39138000,91106000,None,43341000,-345000,-29594000,None,None,None,0,0,0,4092000,4637000,0,43886000,43377000,None,USD,5299674000,102777000,None,1675094000,4156138000,1104398000,None,721885000,702311000,428323000,207824000,4061000,499697000,567350000,3620194000,126712000,126712000,-28716000,853806000,3412907000,426426000,997560000,613410000,459799000,328120000,414090000,914022000,None,None,None,None,None,None,None,None,None,None,None,None,None,None,None,None,None,None,None,None,None,62000000,USD,None,0,None,None,None,None,None,None,43377000,None,None,None,None,None,None,None,None,None,0,None,None,None,16.27,12.24
10,2017-12-31,USD,1108763000,81408000,866411000,434247000,411608000,61403000,8563000,0,91717000,1378000,118150000,None,100402000,-478000,33487000,None,None,None,0,0,0,28936000,-38383000,0,292911000,61403000,None,USD,5889627000,95883000,None,2080734000,4829852000,1032226000,5562000,1108697000,702162000,329647000,142089000,6248000,993125000,561679000,4108012000,1129451000,1129451000,-54034000,811199000,4085303000,425126000,936343000,617761000,479958000,574189000,346092000,408987000,None,None,None,None,None,None,None,None,None,None,None,None,None,None,None,None,None,None,None,None,None,62000000,USD,-88692000,-27758000,-341215000,-58055000,161743000,165283000,2661000,-79737000,61403000,50640000,203920000,None,99273000,-9582000,879000,-65014000,403000,128902000,310675000,None,None,None,16.86,16.27
11,2017-09-30,USD,912223000,5152763000,728622000,402505000,-239584000,13292000,7272000,0,19757000,299000,103430000,None,56371000,-9323000,33656000,None,None,None,0,0,0,6166000,-106427000,0,-285254000,13292000,None,USD,6048090000,84906000,None,2183819000,5056998000,965577000,None,1201051000,702136000,265210000,174198000,6248000,1101600000,614586000,4411997000,2584443000,2584443000,-58838000,741641000,4204849000,401971000,880671000,528725000,576193000,444422000,301526000,1070925000,None,None,None,None,None,None,None,None,None,None,None,None,None,None,None,None,None,None,None,None,None,59000000,USD,None,0,None,None,None,None,None,None,13292000,None,None,None,None,None,None,None,None,None,0,None,None,None,16.84,16.86
12,2017-06-30,USD,692365000,-2773010000,503326000,-289191000,80166000,38212000,7318000,0,49312000,2142000,99592000,None,68247000,4226000,26717000,None,None,None,0,0,0,8958000,53406000,0,109069000,38212000,None,USD,5675014000,71616000,None,2199678000,4722660000,926936000,None,1108763000,701774000,229023000,174802000,7617000,1104756000,496618000,4124849000,2505407000,2505407000,-83824000,661412000,3908846000,408092000,855320000,456798000,472568000,399037000,283184000,909716000,None,None,None,None,None,None,None,None,None,None,None,None,None,None,None,None,None,None,None,None,None,62000000,USD,None,0,None,None,None,None,None,None,38212000,None,None,None,None,None,None,None,None,None,0,None,None,None,15.92,16.84
13,2017-03-31,USD,677042000,679373000,568536000,91406000,-2331000,-13335000,5624000,0,-16852000,12271000,94635000,None,-2331000,-898000,24111000,None,None,None,0,0,0,-3109000,-14521000,0,-13743000,-13335000,None,USD,5398409000,69775000,None,1819237000,4501301000,884837000,None,1005894000,701283000,191600000,176783000,7617000,1230261000,519866000,3712641000,2435882000,2435882000,-87220000,646688000,3521460000,415395000,815062000,430456000,477374000,587898000,274527000,858763000,None,None,None,None,None,None,None,None,None,None,None,None,None,None,None,None,None,None,None,None,None,58000000,USD,None,0,None,None,None,None,None,None,-13335000,None,None,None,None,None,None,None,None,None,0,None,None,None,12.27,15.92
14,2016-12-31,USD,668428000,2776962000,600223000,417188000,76116000,49635000,3204000,0,68049000,14709000,108791000,None,43611000,-2734000,22897000,None,None,None,0,0,0,17959000,7135000,0,65275000,49635000,None,USD,5406606000,64690000,None,2019887000,4507216000,884681000,23348000,1217413000,701283000,192295000,119058000,7617000,1041436000,511039000,3721066000,703103000,703103000,-100711000,574407000,3790763000,381313000,819991000,487516000,476950000,643744000,295371000,460028000,None,None,None,None,None,None,None,None,None,None,None,None,None,None,None,None,None,None,None,None,None,58000000,USD,-117295000,57310000,-1042557000,94249000,862287000,1299823000,412965000,-285377000,65249000,-42040000,-278073000,None,95849000,-9582000,24571000,-81166000,-28372000,-105413000,1111488000,None,None,None,12.18,12.27
15,2016-09-30,USD,657322000,0,514630000,0,0,15614000,4646000,0,15202000,0,84787000,None,32505000,0,18807000,None,None,None,0,0,0,17000,0,0,0,15614000,None,USD,5225714000,45793000,None,1972731000,4287608000,924671000,None,875078000,700959000,235193000,111593000,7617000,589019000,480868000,3392602000,None,None,None,867759000,None,None,None,502223000,None,775175000,313869000,813939000,None,None,None,None,None,None,None,None,None,None,None,None,None,None,None,None,None,None,None,None,None,58000000,USD,None,None,None,None,None,None,None,None,15614000,None,None,None,None,None,None,None,None,None,0,None,None,None,13.74,12.18
16,2016-06-30,USD,805906000,0,641937000,0,0,40379000,5052000,0,56381000,-1205000,98890000,None,39579000,0,11889000,None,None,None,0,0,0,16304000,0,0,0,40379000,None,USD,4941650000,117719000,None,399105000,4011328000,916457000,None,343235000,700669000,228891000,215912000,7617000,690227000,495112000,2723499000,None,None,None,2042992000,None,None,None,496431000,None,1034914000,309679000,993385000,None,None,None,None,None,None,None,None,None,None,None,None,None,None,None,None,None,None,None,None,None,61000000,USD,None,None,None,None,None,None,None,None,40379000,None,None,None,None,None,None,None,None,None,0,None,None,None,15.12,13.74
17,2016-03-31,USD,721422000,0,583251000,0,0,22584000,4505000,0,36042000,1205000,74095000,None,38376000,0,16130000,None,None,None,0,0,0,12253000,0,0,0,22584000,None,USD,4800967000,115838000,None,249676000,3893241000,890464000,None,363191000,700799000,205054000,184459000,7617000,632745000,412379000,2737677000,None,None,None,1903071000,None,None,None,564865000,None,950772000,413161000,1029076000,None,None,None,None,None,None,None,None,None,None,None,None,None,None,None,None,None,None,None,None,None,58000000,USD,None,None,None,None,None,None,None,None,22584000,None,None,None,None,None,None,None,None,None,0,None,None,None,19.28,15.12
18,2015-12-31,USD,1120278000,3190662000,895101000,576770000,276964000,62298000,4819000,0,93312000,31000,94569000,None,105883000,-7193000,17065000,None,None,None,0,0,0,30983000,-54136000,0,173316000,62298000,None,USD,4417254000,115639000,None,259009000,3584744000,818968000,19030000,478668000,677103000,159004000,134977000,7609000,621668000,553079000,2656324000,145226000,145226000,-76995000,1531493000,2264093000,187131000,703329000,534707000,582809000,774413000,334489000,538337000,None,None,None,None,None,None,None,None,None,None,None,None,None,None,None,None,None,None,None,None,None,60000000,USD,-82691000,-23975000,-999104000,-105160000,640082000,619483000,-22466000,177597000,62298000,3536000,413658000,None,94217000,-305000,1867000,50821000,-47710000,-17120000,642768000,None,None,None,28.96,19.28
19,2015-09-30,USD,849806000,0,698195000,0,0,30372000,4055000,0,26784000,270000,69140000,None,57679000,0,13004000,None,None,None,0,0,0,-2681000,0,0,0,30372000,None,USD,4077822000,107202000,None,398859000,3298874000,765163000,None,388240000,676821000,107721000,129878000,None,489610000,345802000,2498563000,None,None,None,1311624000,None,None,None,586706000,None,664254000,426400000,566541000,None,None,None,None,None,None,None,None,None,None,None,None,None,None,None,None,None,None,None,None,None,60000000,USD,None,23958000,None,None,None,403843000,None,None,30372000,None,195350000,None,None,None,None,None,None,None,426698000,None,None,None,16.62,28.96
