,fiscalDateEnding,reportedCurrency_x,totalRevenue,totalOperatingExpense,costOfRevenue,grossProfit,ebit,netIncome_x,researchAndDevelopment,effectOfAccountingCharges,incomeBeforeTax,minorityInterest,sellingGeneralAdministrative,otherNonOperatingIncome,operatingIncome,otherOperatingExpense,interestExpense,taxProvision,interestIncome,netInterestIncome,extraordinaryItems,nonRecurring,otherItems,incomeTaxExpense,totalOtherIncomeExpense,discontinuedOperations,netIncomeFromContinuingOperations,netIncomeApplicableToCommonShares,preferredStockAndOtherAdjustments,reportedCurrency_y,totalAssets,intangibleAssets,earningAssets,otherCurrentAssets,totalLiabilities,totalShareholderEquity,deferredLongTermLiabilities,otherCurrentLiabilities,commonStock,retainedEarnings,otherLiabilities,goodwill,otherAssets,cash,totalCurrentLiabilities,shortTermDebt,currentLongTermDebt,otherShareholderEquity,propertyPlantEquipment,totalCurrentAssets,longTermInvestments,netTangibleAssets,shortTermInvestments,netReceivables,longTermDebt,inventory,accountsPayable,totalPermanentEquity,additionalPaidInCapital,commonStockTotalEquity,preferredStockTotalEquity,retainedEarningsTotalEquity,treasuryStock,accumulatedAmortization,otherNonCurrrentAssets,deferredLongTermAssetCharges,totalNonCurrentAssets,capitalLeaseObligations,totalLongTermDebt,otherNonCurrentLiabilities,totalNonCurrentLiabilities,negativeGoodwill,warrants,preferredStockRedeemable,capitalSurplus,liabilitiesAndShareholderEquity,cashAndShortTermInvestments,accumulatedDepreciation,commonStockSharesOutstanding,reportedCurrency,investments,changeInLiabilities,cashflowFromInvestment,otherCashflowFromInvestment,netBorrowings,cashflowFromFinancing,otherCashflowFromFinancing,changeInOperatingActivities,netIncome_y,changeInCash,operatingCashflow,otherOperatingCashflow,depreciation,dividendPayout,stockSaleAndPurchase,changeInInventory,changeInAccountReceivables,changeInNetIncome,capitalExpenditures,changeInReceivables,changeInExchangeRate,changeInCashAndCashEquivalents,clossingVal,nextClossingVal
0,2020-06-30,USD,2255000000,1427000000,1427000000,828000000,843000000,499000000,None,None,652000000,13000000,585000000,15000000,828000000,None,191000000,153000000,-191000000,-191000000,None,None,None,153000000,15000000,None,499000000,499000000,None,USD,38904000000,None,None,2482000000,26741000000,12150000000,None,961000000,765000000,11676000000,7785000000,None,408000000,2391000000,2347000000,378000000,378000000,-652000000,32261000000,3791000000,1921000000,12150000000,203000000,860000000,16128000000,246000000,9274000000,None,None,765000000,None,11676000000,None,None,931000000,None,35113000000,481000000,16128000000,554000000,16128000000,None,None,None,361000000,38904000000,203000000,-13066000000,None,USD,285000000,23000000,-147000000,-12000000,-227000000,-463000000,2000000,7000000,499000000,396000000,1006000000,-4000000,344000000,-199000000,-39000000,None,147000000,-3000000,420000000,147000000,None,396000000,69.74,
1,2020-03-31,USD,2855000000,1677000000,1677000000,1178000000,1178000000,770000000,None,None,1013000000,17000000,687000000,None,1178000000,None,187000000,243000000,-187000000,-187000000,None,None,None,243000000,22000000,None,770000000,770000000,None,USD,38834000000,None,None,74000000,26946000000,11871000000,6991000000,99000000,765000000,11412000000,7769000000,None,401000000,1995000000,2211000000,255000000,255000000,-672000000,32188000000,3821000000,1901000000,11871000000,487000000,1008000000,16477000000,257000000,1058000000,None,None,765000000,None,11412000000,None,None,401000000,None,34490000000,489000000,16477000000,1267000000,24735000000,None,None,None,366000000,38834000000,487000000,-12877000000,773000000,USD,510000000,101000000,144000000,15000000,500000000,-285000000,-7000000,-160000000,770000000,1037000000,1178000000,-20000000,344000000,-201000000,-577000000,None,-27000000,10000000,381000000,-27000000,None,1037000000,57.3,69.74
2,2019-12-31,USD,2885000000,1755000000,6972000000,-4087000000,1170000000,771000000,None,None,981000000,15000000,759000000,16000000,1154000000,None,189000000,210000000,-189000000,-141000000,None,None,None,210000000,-8000000,None,771000000,771000000,None,USD,38257000000,None,None,77000000,26394000000,11848000000,6961000000,100000000,773000000,11404000000,7757000000,None,312000000,958000000,2151000000,245000000,245000000,-675000000,32168000000,3278000000,897000000,11848000000,996000000,986000000,15993000000,261000000,1043000000,None,None,773000000,None,11404000000,None,None,400000000,None,33465000000,493000000,15993000000,1289000000,24243000000,None,None,None,346000000,38257000000,1954000000,-12932000000,798000000,USD,45000000,-147000000,-373000000,48000000,-500000000,-1303000000,-11000000,3000000,771000000,-563000000,1113000000,-16000000,344000000,-186000000,-606000000,None,84000000,77000000,466000000,84000000,None,-563000000,72.36,57.3
3,2019-09-30,USD,2978000000,1691000000,1718000000,2978000000,1311000000,856000000,None,None,1125000000,15000000,1026000000,24000000,1287000000,665000000,186000000,269000000,-186000000,-186000000,None,None,None,269000000,51000000,None,856000000,856000000,None,USD,38795000000,None,None,66000000,26916000000,11864000000,6882000000,110000000,782000000,11416000000,7625000000,None,369000000,1521000000,2805000000,745000000,745000000,-648000000,32078000000,3960000000,1849000000,11864000000,1037000000,1101000000,15992000000,235000000,1101000000,None,None,782000000,None,11416000000,None,None,369000000,None,34296000000,553000000,15992000000,1237000000,24111000000,None,None,None,314000000,38795000000,2558000000,-12934000000,792000000,USD,-158000000,207000000,-473000000,107000000,982000000,-329000000,-11000000,112000000,856000000,668000000,1470000000,43000000,338000000,-189000000,-1111000000,None,22000000,4000000,422000000,22000000,None,668000000,69.27,72.36
4,2019-06-30,USD,3061000000,1756000000,1777000000,3061000000,1330000000,870000000,None,None,1146000000,14000000,1082000000,25000000,1305000000,674000000,184000000,276000000,-184000000,-184000000,None,None,None,276000000,46000000,None,870000000,870000000,None,USD,37924000000,None,None,122000000,25634000000,12276000000,6791000000,110000000,798000000,11843000000,7558000000,None,347000000,853000000,2053000000,245000000,245000000,-655000000,32019000000,3186000000,1822000000,12276000000,878000000,1111000000,15522000000,222000000,989000000,None,None,798000000,None,11843000000,None,None,347000000,None,34188000000,560000000,15522000000,1268000000,23581000000,None,None,None,290000000,37924000000,1731000000,-12737000000,807000000,USD,-54000000,-108000000,-386000000,84000000,982000000,-1043000000,10000000,7000000,870000000,-335000000,1094000000,19000000,337000000,-193000000,-860000000,None,-5000000,-19000000,416000000,-5000000,None,-335000000,77.37,69.27
5,2019-03-31,USD,3013000000,1794000000,1813000000,3013000000,1242000000,834000000,None,None,1064000000,17000000,1131000000,23000000,1219000000,663000000,178000000,230000000,None,-178000000,None,None,None,230000000,42000000,None,834000000,834000000,None,USD,38154000000,None,None,122000000,25709000000,12428000000,6743000000,112000000,809000000,12011000000,7533000000,None,344000000,1188000000,1926000000,18000000,18000000,-659000000,31988000000,3479000000,1793000000,12428000000,822000000,1106000000,15748000000,241000000,1019000000,None,None,809000000,None,12011000000,None,None,344000000,None,34125000000,555000000,15748000000,1292000000,23783000000,None,None,None,267000000,38154000000,2010000000,-12838000000,817000000,USD,-563000000,52000000,-870000000,46000000,1000000000,27000000,18000000,-150000000,834000000,330000000,1173000000,22000000,330000000,-195000000,-796000000,None,-56000000,-9000000,353000000,-56000000,None,330000000,74.82,77.37
6,2018-12-31,USD,3143000000,1894000000,1531000000,3143000000,1269000000,843000000,0,0,1098000000,17000000,1203000000,20000000,1249000000,691000000,171000000,None,None,None,0,0,0,255000000,-169000000,0,843000000,843000000,None,USD,36729000000,None,None,1779000000,24149000000,12563000000,6690000000,113000000,818000000,12157000000,7495000000,None,299000000,858000000,1915000000,18000000,18000000,-661000000,31998000000,2565000000,1867000000,12563000000,253000000,387000000,14739000000,263000000,949000000,None,None,818000000,None,12157000000,None,None,None,None,31998000000,None,14739000000,805000000,22234000000,None,None,None,249000000,36729000000,1111000000,None,861000000,USD,365000000,-108000000,-97000000,43000000,1000000000,-943000000,93000000,82000000,843000000,195000000,1235000000,31000000,345000000,-181000000,-1871000000,None,51000000,73000000,505000000,51000000,None,195000000,62.13,74.82
7,2018-09-30,USD,3129000000,1836000000,1517000000,3129000000,1312000000,894000000,0,0,1150000000,16000000,1145000000,19000000,1293000000,691000000,162000000,None,None,None,0,0,0,256000000,-128000000,0,894000000,894000000,None,USD,36861000000,0,None,133000000,23126000000,13719000000,6584000000,110000000,844000000,13320000000,7428000000,0,442000000,663000000,1944000000,18000000,18000000,-574000000,31871000000,2784000000,1764000000,13719000000,615000000,1090000000,13754000000,283000000,982000000,13735000000,0,844000000,0,13320000000,0,None,442000000,None,34077000000,None,13754000000,844000000,21182000000,None,None,None,129000000,36861000000,1278000000,-12614000000,854000000,USD,-531000000,189000000,-832000000,116000000,-19000000,-1222000000,-11000000,73000000,894000000,-657000000,1397000000,56000000,334000000,-186000000,-1000000000,0,-50000000,-26000000,417000000,-50000000,None,-657000000,74.05,62.13
8,2018-06-30,USD,3102000000,1819000000,1520000000,3102000000,1301000000,877000000,0,0,1144000000,14000000,1108000000,18000000,1283000000,711000000,157000000,None,None,None,0,0,0,267000000,-109000000,0,877000000,877000000,None,USD,36924000000,0,None,116000000,22901000000,14009000000,6532000000,114000000,859000000,13604000000,7400000000,0,455000000,1320000000,1732000000,19000000,19000000,-581000000,31847000000,2881000000,1741000000,14009000000,83000000,1036000000,13769000000,326000000,852000000,14023000000,0,859000000,0,13604000000,0,None,455000000,None,34043000000,None,13769000000,868000000,21169000000,None,None,None,127000000,36924000000,1403000000,-12459000000,868000000,USD,-73000000,-154000000,-439000000,89000000,-19000000,-1264000000,-100000000,83000000,877000000,-660000000,1043000000,33000000,329000000,-190000000,-964000000,0,3000000,-45000000,455000000,3000000,None,-660000000,63.78,74.05
9,2018-03-31,USD,2876000000,1832000000,1534000000,2876000000,1061000000,695000000,0,0,912000000,13000000,1153000000,17000000,1044000000,679000000,149000000,None,None,None,0,0,0,217000000,-107000000,0,695000000,695000000,None,USD,37439000000,0,None,138000000,23048000000,14378000000,6485000000,106000000,875000000,13873000000,904000000,0,2149000000,1980000000,1891000000,19000000,19000000,-585000000,31748000000,3542000000,1714000000,14378000000,10000000,1045000000,13768000000,369000000,905000000,14391000000,0,875000000,0,13873000000,0,None,435000000,None,33897000000,None,13768000000,904000000,21157000000,None,None,None,215000000,37439000000,1990000000,-12355000000,888000000,USD,8000000,26000000,-316000000,44000000,2000000000,929000000,-41000000,-184000000,695000000,1579000000,966000000,-19000000,323000000,-194000000,-836000000,0,-50000000,-9000000,368000000,-50000000,None,1579000000,55.71,63.78
10,2017-12-31,USD,2863000000,1742000000,1565000000,2863000000,1142000000,4140000000,0,0,983000000,-356000000,986000000,21000000,1121000000,727000000,952000000,None,None,None,0,29000000,0,-3157000000,-589000000,0,4140000000,4140000000,None,USD,35739000000,63000000,None,1686000000,21018000000,14705000000,6418000000,108000000,890000000,14084000000,916000000,63000000,2060000000,401000000,1894000000,19000000,19000000,-486000000,31440000000,1915000000,1763000000,14705000000,18000000,374000000,11790000000,372000000,847000000,14721000000,1107000000,890000000,0,14084000000,0,None,None,None,31440000000,None,11790000000,916000000,19124000000,None,None,None,217000000,35739000000,419000000,None,914000000,USD,99000000,-182000000,-416000000,63000000,-1000000,-385000000,1000000,44000000,4140000000,-190000000,611000000,-46000000,337000000,-178000000,-207000000,0,-70000000,-3646000000,578000000,8000000,None,-190000000,55.01,55.71
11,2017-09-30,USD,2743000000,1867000000,1557000000,2743000000,876000000,459000000,0,0,750000000,475000000,1233000000,None,876000000,633000000,-132000000,None,None,None,0,1000000,0,291000000,0,0,459000000,459000000,None,USD,35573000000,0,None,95000000,24671000000,10887000000,9789000000,122000000,894000000,10327000000,1019000000,0,1822000000,591000000,2075000000,19000000,11807000000,-561000000,31579000000,2172000000,1506000000,10887000000,113000000,981000000,11788000000,392000000,905000000,10902000000,0,894000000,0,10327000000,0,None,316000000,None,33401000000,None,11788000000,1019000000,22596000000,None,None,None,227000000,35573000000,704000000,-12526000000,906000000,USD,365000000,245000000,-112000000,30000000,-19000000,-1212000000,-7000000,124000000,459000000,-29000000,1295000000,35000000,331000000,-180000000,-1006000000,0,78000000,200000000,507000000,25000000,None,-29000000,54.26,55.01
12,2017-06-30,USD,2933000000,1975000000,1595000000,2933000000,958000000,510000000,0,0,827000000,-116000000,1233000000,None,958000000,620000000,-137000000,None,None,None,0,122000000,0,317000000,-1000000,0,510000000,510000000,None,USD,35861000000,0,None,90000000,24260000000,11587000000,9737000000,115000000,913000000,11033000000,1045000000,0,1804000000,620000000,1672000000,19000000,11825000000,-569000000,31427000000,2630000000,1487000000,11587000000,477000000,1015000000,11806000000,428000000,810000000,11601000000,0,913000000,0,11033000000,0,None,317000000,None,33231000000,None,11806000000,1045000000,22588000000,None,None,None,210000000,35861000000,1097000000,-12324000000,924000000,USD,-183000000,-256000000,-681000000,16000000,537000000,-152000000,-6000000,11000000,510000000,-310000000,523000000,-21000000,327000000,-184000000,-499000000,0,103000000,36000000,514000000,-73000000,None,-310000000,54.56,54.26
13,2017-03-31,USD,2869000000,2157000000,1683000000,2869000000,712000000,362000000,0,0,582000000,13000000,1356000000,None,712000000,628000000,-137000000,None,None,None,0,173000000,0,220000000,7000000,0,362000000,362000000,None,USD,35712000000,0,None,85000000,24043000000,11656000000,9648000000,114000000,923000000,11197000000,1155000000,0,1793000000,930000000,2277000000,331000000,11294000000,-634000000,31259000000,2660000000,1469000000,11656000000,287000000,943000000,10963000000,415000000,898000000,11669000000,0,923000000,0,11197000000,0,None,324000000,None,33052000000,None,10963000000,1155000000,21766000000,None,None,None,170000000,35712000000,1217000000,-12140000000,929000000,USD,130000000,297000000,-286000000,25000000,537000000,-430000000,-6000000,-84000000,362000000,327000000,1043000000,33000000,320000000,-166000000,-258000000,0,30000000,61000000,441000000,-30000000,None,327000000,46.55,54.56
14,2016-12-31,USD,3037000000,2033000000,-2076000000,3037000000,1004000000,458000000,0,0,751000000,-220000000,1345000000,None,1004000000,688000000,-156000000,None,None,None,0,-2941000000,0,293000000,534000000,0,458000000,458000000,None,USD,35414000000,63000000,None,1459000000,23720000000,11679000000,9596000000,115000000,928000000,11253000000,1122000000,63000000,318000000,603000000,2040000000,331000000,331000000,-640000000,30923000000,2487000000,1459000000,11679000000,417000000,318000000,10962000000,407000000,806000000,11694000000,1066000000,928000000,0,11253000000,0,None,None,None,30923000000,None,10962000000,1122000000,21680000000,None,None,None,138000000,35414000000,1020000000,None,948000000,USD,-264000000,90000000,-905000000,167000000,800000000,352000000,-3000000,-113000000,458000000,-25000000,553000000,-55000000,348000000,-167000000,-278000000,0,84000000,-304000000,808000000,16000000,None,None,35.93,46.55
15,2016-09-30,USD,2710000000,1869000000,1548000000,2710000000,841000000,455000000,0,0,715000000,-246000000,1269000000,None,841000000,600000000,-139000000,None,None,None,0,-3287000000,0,260000000,-4000000,0,455000000,455000000,None,USD,34681000000,0,None,86000000,23011000000,11656000000,9505000000,124000000,937000000,11233000000,1355000000,0,1736000000,603000000,2263000000,631000000,631000000,-639000000,30782000000,2163000000,1433000000,11656000000,152000000,925000000,9888000000,397000000,859000000,11670000000,0,937000000,0,11233000000,0,None,303000000,None,32518000000,None,9888000000,1355000000,20748000000,None,None,None,125000000,34681000000,755000000,-11938000000,943000000,USD,110000000,-8000000,-412000000,2000000,-19000000,-447000000,4000000,3000000,455000000,37000000,896000000,3000000,321000000,-169000000,-263000000,0,68000000,123000000,524000000,2000000,None,37000000,30.5,35.93
16,2016-06-30,USD,2704000000,1864000000,1545000000,2704000000,840000000,445000000,0,0,707000000,13000000,1268000000,None,840000000,596000000,-141000000,None,None,None,0,173000000,0,262000000,1000000,0,445000000,445000000,None,USD,34550000000,0,None,89000000,22925000000,11612000000,9355000000,133000000,946000000,11199000000,1383000000,0,1715000000,566000000,2282000000,632000000,632000000,-649000000,30607000000,2228000000,1413000000,11612000000,262000000,912000000,9905000000,399000000,766000000,11625000000,0,946000000,0,11199000000,0,None,302000000,None,32322000000,None,9905000000,1383000000,20643000000,None,None,None,116000000,34550000000,828000000,-11738000000,952000000,USD,115000000,9000000,-522000000,4000000,-19000000,-481000000,-44000000,-31000000,445000000,-165000000,838000000,-31000000,319000000,-171000000,-266000000,0,66000000,87000000,641000000,9000000,None,-165000000,26.08,30.5
17,2016-03-31,USD,2618000000,1914000000,1601000000,2618000000,704000000,356000000,0,0,568000000,0,1346000000,None,704000000,568000000,-143000000,None,None,None,0,0,0,212000000,7000000,0,356000000,356000000,None,USD,34610000000,0,None,83000000,23004000000,11593000000,9396000000,130000000,956000000,11183000000,1400000000,0,1709000000,731000000,1692000000,20000000,None,-658000000,30293000000,2608000000,1402000000,11593000000,375000000,917000000,10516000000,370000000,815000000,0,0,956000000,0,11183000000,0,None,307000000,None,32002000000,None,10516000000,1400000000,21312000000,None,None,None,112000000,34610000000,1106000000,-11572000000,963000000,USD,435000000,7000000,41000000,31000000,None,-692000000,-270000000,None,356000000,103000000,754000000,-30000000,313000000,-173000000,-249000000,0,57000000,51000000,425000000,57000000,None,103000000,25.75,26.08
18,2015-12-31,USD,2781000000,3709000000,1633000000,4500000000,785000000,466000000,0,0,741000000,16000000,2555000000,None,791000000,1154000000,-140000000,None,None,None,0,0,0,275000000,-465000000,0,466000000,466000000,None,USD,35039000000,63000000,None,70000000,23371000000,11652000000,9305000000,131000000,966000000,11238000000,1431000000,63000000,1899000000,628000000,1952000000,20000000,20000000,-665000000,30174000000,2966000000,1394000000,11652000000,810000000,982000000,10683000000,350000000,764000000,0,0,966000000,0,11238000000,0,None,505000000,None,32073000000,None,10683000000,1431000000,21419000000,None,None,None,113000000,35039000000,1438000000,-11400000000,984000000,USD,-384000000,-199000000,-941000000,96000000,599000000,170000000,-313000000,-202000000,466000000,87000000,858000000,-23000000,312000000,-174000000,-258000000,0,149000000,279000000,653000000,23000000,None,87000000,25.95,25.75
19,2015-09-30,USD,2939000000,2006000000,1704000000,2939000000,933000000,507000000,0,0,799000000,0,1367000000,None,933000000,639000000,-136000000,None,None,None,0,0,0,292000000,8000000,0,507000000,507000000,None,USD,34015000000,0,None,87000000,22355000000,11645000000,8957000000,146000000,975000000,11195000000,1388000000,0,1876000000,541000000,1922000000,18000000,None,-645000000,29637000000,2502000000,1376000000,11645000000,425000000,1003000000,10088000000,309000000,842000000,0,0,975000000,0,11195000000,0,None,500000000,None,31513000000,None,10088000000,1388000000,20433000000,None,None,None,120000000,34015000000,966000000,-11206000000,982000000,USD,255000000,75000000,-377000000,-11000000,-18000000,-450000000,6000000,None,507000000,103000000,930000000,-9000000,302000000,-176000000,-262000000,0,126000000,30000000,621000000,25000000,None,103000000,26.9,25.95
