,fiscalDateEnding,reportedCurrency_x,totalRevenue,totalOperatingExpense,costOfRevenue,grossProfit,ebit,netIncome_x,researchAndDevelopment,effectOfAccountingCharges,incomeBeforeTax,minorityInterest,sellingGeneralAdministrative,otherNonOperatingIncome,operatingIncome,otherOperatingExpense,interestExpense,taxProvision,interestIncome,netInterestIncome,extraordinaryItems,nonRecurring,otherItems,incomeTaxExpense,totalOtherIncomeExpense,discontinuedOperations,netIncomeFromContinuingOperations,netIncomeApplicableToCommonShares,preferredStockAndOtherAdjustments,reportedCurrency_y,totalAssets,intangibleAssets,earningAssets,otherCurrentAssets,totalLiabilities,totalShareholderEquity,deferredLongTermLiabilities,otherCurrentLiabilities,commonStock,retainedEarnings,otherLiabilities,goodwill,otherAssets,cash,totalCurrentLiabilities,shortTermDebt,currentLongTermDebt,otherShareholderEquity,propertyPlantEquipment,totalCurrentAssets,longTermInvestments,netTangibleAssets,shortTermInvestments,netReceivables,longTermDebt,inventory,accountsPayable,totalPermanentEquity,additionalPaidInCapital,commonStockTotalEquity,preferredStockTotalEquity,retainedEarningsTotalEquity,treasuryStock,accumulatedAmortization,otherNonCurrrentAssets,deferredLongTermAssetCharges,totalNonCurrentAssets,capitalLeaseObligations,totalLongTermDebt,otherNonCurrentLiabilities,totalNonCurrentLiabilities,negativeGoodwill,warrants,preferredStockRedeemable,capitalSurplus,liabilitiesAndShareholderEquity,cashAndShortTermInvestments,accumulatedDepreciation,commonStockSharesOutstanding,reportedCurrency,investments,changeInLiabilities,cashflowFromInvestment,otherCashflowFromInvestment,netBorrowings,cashflowFromFinancing,otherCashflowFromFinancing,changeInOperatingActivities,netIncome_y,changeInCash,operatingCashflow,otherOperatingCashflow,depreciation,dividendPayout,stockSaleAndPurchase,changeInInventory,changeInAccountReceivables,changeInNetIncome,capitalExpenditures,changeInReceivables,changeInExchangeRate,changeInCashAndCashEquivalents,clossingVal,nextClossingVal
0,2020-06-30,USD,4000000000,3533000000,2615000000,4000000000,504000000,361000000,None,None,495000000,None,711000000,37000000,467000000,2751000000,9000000,134000000,37000000,28000000,None,71000000,None,134000000,-71000000,None,361000000,361000000,None,USD,18216000000,1026000000,None,741000000,7244000000,10972000000,74000000,525000000,5000000,11072000000,809000000,4391000000,1883000000,4422000000,3212000000,38000000,38000000,-188000000,1345000000,8531000000,429000000,5555000000,160000000,3208000000,2421000000,None,2649000000,None,None,5000000,None,11072000000,None,None,1825000000,None,669000000,1008000000,2421000000,1537000000,4032000000,None,None,None,83000000,18216000000,4582000000,None,542000000,USD,237000000,237000000,-259000000,-403000000,-12000000,-171000000,None,363000000,361000000,549000000,979000000,145000000,137000000,-121000000,-38000000,None,65000000,34000000,93000000,65000000,-13000000,536000000,56.82,
1,2020-03-31,USD,4225000000,3646000000,2747000000,4225000000,515000000,367000000,None,None,510000000,None,711000000,-64000000,579000000,2880000000,6000000,142000000,41000000,35000000,None,55000000,None,142000000,-159000000,None,368000000,367000000,None,USD,17429000000,1005000000,None,823000000,6816000000,10613000000,73000000,551000000,5000000,10831000000,780000000,4014000000,1796000000,3886000000,2872000000,38000000,38000000,-264000000,1322000000,8325000000,433000000,5594000000,396000000,3220000000,2430000000,None,2283000000,None,None,5000000,None,10831000000,None,None,1736000000,None,594000000,931000000,2430000000,1441000000,3944000000,None,None,None,41000000,17429000000,4282000000,None,541000000,USD,-74000000,-225000000,-272000000,-86000000,1727000000,1135000000,None,-302000000,367000000,1360000000,497000000,26000000,136000000,-121000000,-471000000,None,13000000,180000000,112000000,13000000,-119000000,1241000000,46.47,56.82
2,2019-12-31,USD,4284000000,6233000000,2749000000,6859000000,575000000,395000000,None,None,626000000,None,560000000,-51000000,626000000,5456000000,6000000,174000000,40000000,34000000,None,217000000,None,174000000,-251000000,None,452000000,395000000,None,USD,16204000000,1041000000,None,931000000,5182000000,11022000000,58000000,515000000,5000000,11022000000,739000000,3979000000,1321000000,2645000000,2983000000,38000000,38000000,-38000000,1309000000,7611000000,17000000,6002000000,779000000,3256000000,700000000,None,2430000000,None,None,5000000,None,11022000000,None,None,1662000000,585000000,8593000000,947000000,700000000,1441000000,2199000000,None,None,None,33000000,16204000000,3424000000,None,548000000,USD,-43000000,-64000000,-375000000,-239000000,-12000000,-253000000,None,118000000,395000000,310000000,938000000,239000000,133000000,-110000000,-131000000,None,213000000,22000000,93000000,213000000,-8000000,302000000,62.02,46.47
3,2019-09-30,USD,4248000000,3579000000,2681000000,4248000000,664000000,497000000,None,None,658000000,None,771000000,-5000000,669000000,2808000000,7000000,160000000,43000000,36000000,None,None,None,160000000,-47000000,None,498000000,497000000,None,USD,15844000000,1192000000,None,876000000,5142000000,10702000000,128000000,460000000,6000000,10820000000,766000000,3694000000,1265000000,2343000000,2919000000,38000000,38000000,-159000000,1318000000,7391000000,79000000,5816000000,734000000,3438000000,709000000,None,2421000000,None,None,6000000,None,10820000000,None,None,1678000000,492000000,8453000000,929000000,709000000,1386000000,2223000000,None,None,None,35000000,15844000000,3077000000,None,550000000,USD,583000000,177000000,340000000,-146000000,-7000000,-340000000,None,39000000,497000000,717000000,717000000,-131000000,127000000,-111000000,-222000000,None,-47000000,94000000,97000000,-47000000,-34000000,683000000,60.27,62.02
4,2019-06-30,USD,4141000000,3522000000,2629000000,4141000000,682000000,509000000,None,None,676000000,None,768000000,63000000,619000000,2754000000,6000000,167000000,45000000,39000000,None,None,None,167000000,18000000,None,509000000,509000000,None,USD,15517000000,1161000000,None,817000000,4960000000,10557000000,107000000,486000000,6000000,10583000000,723000000,3651000000,1235000000,1660000000,2824000000,28000000,28000000,-70000000,1337000000,7206000000,80000000,5745000000,1343000000,3386000000,718000000,None,2310000000,None,None,6000000,None,10583000000,None,None,1614000000,468000000,8311000000,880000000,718000000,1311000000,2136000000,None,None,None,38000000,15517000000,3003000000,None,552000000,USD,1398000000,73000000,1267000000,-35000000,-7000000,-1137000000,None,139000000,509000000,705000000,575000000,-39000000,133000000,-116000000,-1014000000,None,2000000,-103000000,96000000,2000000,5000000,710000000,63.39,60.27
5,2019-03-31,USD,4110000000,996000000,2575000000,1535000000,590000000,441000000,None,None,583000000,None,873000000,51000000,539000000,123000000,7000000,142000000,43000000,41000000,None,None,None,142000000,3000000,None,441000000,441000000,None,USD,16096000000,1185000000,None,838000000,4960000000,11136000000,241000000,524000000,6000000,11140000000,845000000,3638000000,1188000000,950000000,2720000000,19000000,19000000,-74000000,1314000000,7883000000,79000000,6313000000,2718000000,3377000000,727000000,None,2177000000,None,None,6000000,None,11140000000,None,None,1533000000,464000000,8213000000,835000000,727000000,1272000000,2240000000,None,None,None,64000000,16096000000,3668000000,None,569000000,USD,659000000,-281000000,356000000,-197000000,-2000000,-839000000,None,-296000000,441000000,-214000000,269000000,90000000,133000000,-116000000,-721000000,None,-131000000,17000000,106000000,-131000000,3000000,-211000000,72.45,63.39
6,2018-12-31,USD,4129000000,896000000,2540000000,1589000000,824000000,648000000,0,0,815000000,0,776000000,131000000,693000000,120000000,8000000,None,None,None,0,0,0,168000000,100000000,0,647000000,648000000,None,USD,15913000000,1150000000,None,909000000,4489000000,11424000000,245000000,286000000,6000000,11485000000,915000000,3481000000,1131000000,1161000000,2777000000,9000000,9000000,-114000000,1394000000,8677000000,80000000,6793000000,3350000000,3257000000,736000000,None,2482000000,None,None,6000000,None,11485000000,None,None,689000000,442000000,7236000000,None,736000000,731000000,1712000000,None,None,None,47000000,15913000000,4511000000,None,577000000,USD,178000000,173000000,-550000000,-632000000,19000000,-325000000,-4000000,-10000000,648000000,-173000000,702000000,-152000000,131000000,-116000000,-228000000,None,-52000000,-46000000,96000000,-52000000,-5000000,-178000000,63.48,72.45
7,2018-09-30,USD,4078000000,853000000,2480000000,1598000000,668000000,477000000,0,0,662000000,0,734000000,-77000000,745000000,119000000,6000000,None,None,None,0,0,0,185000000,-99000000,0,477000000,477000000,None,USD,15274000000,1021000000,None,777000000,4296000000,10978000000,229000000,244000000,6000000,11041000000,979000000,3037000000,1034000000,1339000000,2693000000,100000000,100000000,-188000000,1362000000,8727000000,93000000,6920000000,3424000000,3187000000,624000000,0,2349000000,0,0,6000000,0,11041000000,0,None,643000000,391000000,6547000000,None,624000000,750000000,1603000000,None,None,None,119000000,15274000000,4763000000,None,580000000,USD,-171000000,73000000,-266000000,-1000000,-25000000,-146000000,-4000000,151000000,477000000,450000000,862000000,7000000,127000000,-116000000,-5000000,0,17000000,161000000,94000000,17000000,-12000000,438000000,77.15,63.48
8,2018-06-30,USD,4006000000,919000000,2417000000,1589000000,631000000,456000000,0,0,623000000,0,805000000,-39000000,670000000,114000000,7000000,None,None,None,0,0,0,168000000,-46000000,0,455000000,456000000,None,USD,14806000000,1060000000,None,852000000,4158000000,10648000000,222000000,308000000,6000000,10681000000,972000000,3036000000,982000000,901000000,2537000000,100000000,100000000,-94000000,1345000000,8303000000,80000000,6552000000,3346000000,3204000000,649000000,0,2129000000,0,0,6000000,0,10681000000,0,None,615000000,367000000,6503000000,None,649000000,750000000,1621000000,None,None,None,55000000,14806000000,4247000000,None,580000000,USD,-16000000,29000000,-584000000,-477000000,-25000000,-734000000,-4000000,53000000,456000000,-678000000,640000000,-110000000,123000000,-118000000,-591000000,0,-57000000,199000000,91000000,-57000000,-20000000,-698000000,78.99,77.15
9,2018-03-31,USD,3912000000,818000000,2401000000,1511000000,703000000,520000000,0,0,697000000,0,711000000,10000000,693000000,107000000,6000000,None,None,None,0,0,0,177000000,3000000,0,520000000,520000000,None,USD,15045000000,955000000,None,1015000000,4057000000,10988000000,183000000,360000000,6000000,10856000000,915000000,2713000000,971000000,1440000000,2469000000,100000000,100000000,63000000,1333000000,8990000000,83000000,7320000000,3390000000,3145000000,673000000,0,2009000000,0,0,6000000,0,10856000000,0,None,577000000,394000000,6055000000,None,673000000,732000000,1588000000,None,None,None,63000000,15045000000,4830000000,None,586000000,USD,-130000000,-309000000,-227000000,-1000000,-114000000,-488000000,-4000000,-146000000,520000000,-327000000,388000000,247000000,117000000,-118000000,-256000000,0,-273000000,86000000,96000000,-273000000,1000000,-326000000,80.5,78.99
10,2017-12-31,USD,3828000000,811000000,2360000000,1468000000,719000000,-18000000,0,0,713000000,0,700000000,62000000,657000000,111000000,5000000,None,None,None,0,0,0,732000000,58000000,0,-19000000,-18000000,None,USD,15221000000,981000000,None,833000000,4552000000,10669000000,250000000,383000000,6000000,10544000000,869000000,2704000000,4786000000,1925000000,2839000000,175000000,100000000,70000000,1324000000,9111000000,235000000,6984000000,3131000000,3222000000,698000000,0,2281000000,0,0,6000000,0,10544000000,0,None,448000000,418000000,6110000000,None,698000000,765000000,1713000000,None,None,None,49000000,15221000000,5056000000,None,588000000,USD,64000000,727000000,-160000000,-144000000,42000000,-333000000,None,401000000,-18000000,343000000,836000000,-226000000,122000000,-86000000,-289000000,0,-249000000,196000000,80000000,35000000,5000000,348000000,71.02,80.5
11,2017-09-30,USD,3766000000,781000000,2337000000,1429000000,665000000,495000000,0,0,658000000,0,674000000,17000000,648000000,107000000,6000000,None,None,None,0,0,0,164000000,-19000000,0,494000000,495000000,None,USD,14580000000,957000000,None,552000000,3601000000,10979000000,119000000,333000000,6000000,10721000000,273000000,2608000000,4719000000,1577000000,2600000000,100000000,100000000,44000000,1304000000,8557000000,262000000,7414000000,3136000000,3292000000,723000000,0,2167000000,0,0,6000000,0,10721000000,0,None,428000000,464000000,6023000000,None,723000000,159000000,1001000000,None,None,None,208000000,14580000000,4713000000,None,590000000,USD,20000000,255000000,-124000000,-66000000,-170000000,-231000000,None,376000000,495000000,418000000,773000000,83000000,114000000,-90000000,29000000,0,284000000,7000000,78000000,-181000000,2000000,420000000,72.54,71.02
12,2017-06-30,USD,3670000000,803000000,2261000000,1409000000,641000000,470000000,0,0,635000000,0,709000000,35000000,606000000,94000000,6000000,None,None,None,0,0,0,165000000,-50000000,0,470000000,470000000,None,USD,13938000000,894000000,None,632000000,3455000000,10483000000,138000000,337000000,6000000,10316000000,288000000,2576000000,4555000000,1157000000,2415000000,244000000,991000000,33000000,1284000000,8099000000,198000000,7013000000,3221000000,3089000000,747000000,0,1834000000,0,0,6000000,0,10316000000,0,None,430000000,457000000,5839000000,None,747000000,155000000,1040000000,None,None,None,128000000,13938000000,4378000000,None,590000000,USD,-329000000,27000000,-389000000,0,-221000000,-297000000,None,-21000000,470000000,-165000000,521000000,-116000000,103000000,-89000000,13000000,0,103000000,54000000,60000000,-17000000,14000000,-151000000,66.4,72.54
13,2017-03-31,USD,3546000000,782000000,2194000000,1352000000,655000000,557000000,0,0,649000000,0,686000000,85000000,570000000,96000000,6000000,None,None,None,0,0,0,92000000,79000000,0,557000000,557000000,None,USD,13629000000,923000000,None,529000000,3646000000,9983000000,134000000,397000000,6000000,9935000000,283000000,2563000000,4481000000,1308000000,2585000000,437000000,437000000,-17000000,1306000000,7842000000,110000000,6497000000,2966000000,3039000000,772000000,0,1751000000,0,0,6000000,0,9935000000,0,None,427000000,458000000,5787000000,None,772000000,155000000,1061000000,None,None,None,59000000,13629000000,4274000000,None,607000000,USD,163000000,-304000000,91000000,-6000000,329000000,-1124000000,None,-11000000,557000000,-756000000,277000000,-11000000,104000000,0,-1453000000,0,86000000,17000000,66000000,-86000000,30000000,-726000000,59.52,66.4
14,2016-12-31,USD,3461900000,823700000,2077500000,1384400000,565200000,415000000,0,0,560400000,0,730400000,4500000,560700000,93300000,4400000,None,None,None,0,0,0,145800000,12500000,0,414600000,415000000,None,USD,14262000000,951000000,None,526000000,3534000000,10728000000,157000000,306000000,6000000,10478000000,313000000,2554000000,4351000000,2034000000,2418000000,81000000,81000000,-114000000,1311000000,8600000000,62000000,7223000000,3135000000,2905000000,797000000,0,2031000000,0,0,6000000,0,10478000000,0,None,359000000,425000000,5662000000,None,797000000,162000000,1116000000,None,None,None,358000000,14262000000,5169000000,None,608000000,USD,145900000,140200000,-90300000,-149000000,-16000000,10600000,5000000,-109000000,415000000,518900000,598600000,-27800000,100600000,-265000000,21600000,0,-330000000,39400000,87200000,-68800000,-35000000,483900000,56.03,59.52
15,2016-09-30,USD,3453200000,792400000,2077400000,1375800000,618200000,444400000,0,0,613300000,0,697400000,34800000,586100000,91900000,4900000,None,None,None,0,0,0,168900000,25800000,0,444000000,444400000,None,USD,13716700000,936900000,None,425500000,3424400000,10292300000,158300000,281700000,6100000,10007000000,298400000,2482000000,4193600000,1550300000,2300700000,75000000,75000000,-56200000,1323300000,8199800000,60600000,6873400000,3308300000,2915700000,821600000,0,1944000000,0,0,6100000,0,10063200000,0,None,328800000,385300000,5516900000,None,821600000,140100000,1123700000,None,None,None,279200000,13716700000,4858600000,None,609000000,USD,-504900000,160500000,-612400000,-33700000,-14000000,-118500000,8800000,-9200000,444400000,-133900000,594000000,-9800000,97800000,0,-112800000,0,261200000,-24900000,74200000,-74000000,2700000,-134200000,47.71,56.03
16,2016-06-30,USD,3369900000,741300000,2037700000,1332200000,599400000,252400000,0,0,594600000,0,653900000,8500000,590900000,87400000,4600000,None,None,None,0,0,0,342400000,-31400000,0,252200000,252400000,None,USD,13140100000,961400000,None,399200000,3277200000,9862900000,178600000,321700000,6100000,9618800000,314200000,2457900000,4093800000,1684500000,2120000000,68800000,68800000,-95700000,1287400000,7758900000,59600000,6443600000,2796700000,2878500000,840000000,0,1729500000,0,0,6100000,0,9618800000,0,None,286200000,328700000,5381200000,None,840000000,138600000,1157200000,None,None,None,333700000,13140100000,4481200000,None,607300000,USD,123800000,157800000,-31900000,-80800000,-113500000,-143300000,7000000,-34400000,252400000,184400000,359600000,-34800000,92900000,0,-36800000,0,187200000,23300000,74900000,-132000000,-23700000,160700000,57.24,47.71
17,2016-03-31,USD,3202000000,732600000,1915400000,1286600000,594200000,441200000,0,0,589100000,0,646200000,40200000,554000000,86400000,5100000,None,None,None,0,0,0,147900000,35100000,0,441200000,441200000,None,USD,12735900000,862300000,None,367900000,3123600000,9612300000,76700000,349600000,6100000,9366400000,205700000,2461800000,3895000000,1523800000,2050400000,162500000,162500000,-61600000,1270000000,7570900000,None,6288200000,2927900000,2751300000,858400000,0,1538300000,0,0,6100000,0,9366400000,0,None,275900000,295000000,5165000000,None,858400000,138100000,1073200000,None,None,None,301400000,12735900000,4451700000,None,606200000,USD,-94200000,-436500000,-228400000,-70500000,-263000000,-467800000,3200000,-90600000,441200000,-627400000,68800000,-90600000,87700000,0,-208000000,0,55200000,122200000,63700000,-55200000,26000000,-601400000,62.7,57.24
18,2015-12-31,USD,3232500000,745500000,1933600000,1298900000,565500000,423400000,0,0,561200000,0,658700000,12100000,553400000,86800000,4300000,None,None,None,0,0,0,137800000,21800000,0,423400000,423400000,None,USD,13065400000,864300000,None,337500000,3787300000,9278100000,52600000,323700000,6100000,8925200000,189100000,2404700000,3885400000,2125200000,2713700000,406300000,56000000,-106200000,1271400000,7908600000,None,6009100000,2824300000,2621600000,881200000,0,1983700000,0,0,6100000,0,8925200000,0,None,268600000,347800000,5156800000,None,881200000,139800000,1073600000,None,None,None,453000000,13065400000,4949500000,None,609000000,USD,-264400000,294400000,-340200000,-1700000,336200000,306800000,14700000,361000000,423400000,656600000,690000000,-23400000,88000000,-265000000,-44100000,0,-322000000,39400000,74100000,-131800000,-8100000,648500000,60.02,62.7
19,2015-09-30,USD,3187000000,709600000,1934600000,1252400000,547300000,397200000,0,0,543000000,0,627100000,4500000,542800000,82500000,4300000,None,None,None,0,0,0,145800000,-3100000,0,397200000,397200000,None,USD,12267600000,881400000,None,264700000,3440600000,8827000000,283000000,262700000,6100000,8501800000,182200000,2403600000,3750800000,1476700000,2128400000,50000000,None,-113300000,1278900000,7237900000,None,5542000000,2574000000,2922500000,900000000,0,1815700000,0,0,6100000,0,8501800000,0,None,262100000,203700000,5029700000,None,900000000,129200000,1312200000,None,None,None,432400000,12267600000,4050700000,None,608000000,USD,-111800000,318700000,-176900000,0,-113400000,-248500000,3700000,None,397200000,392500000,817900000,23200000,82400000,0,-138800000,0,190600000,1300000,65100000,-4900000,-5100000,387400000,62.58,60.02
