,fiscalDateEnding,reportedCurrency_x,totalRevenue,totalOperatingExpense,costOfRevenue,grossProfit,ebit,netIncome_x,researchAndDevelopment,effectOfAccountingCharges,incomeBeforeTax,minorityInterest,sellingGeneralAdministrative,otherNonOperatingIncome,operatingIncome,otherOperatingExpense,interestExpense,taxProvision,interestIncome,netInterestIncome,extraordinaryItems,nonRecurring,otherItems,incomeTaxExpense,totalOtherIncomeExpense,discontinuedOperations,netIncomeFromContinuingOperations,netIncomeApplicableToCommonShares,preferredStockAndOtherAdjustments,reportedCurrency_y,totalAssets,intangibleAssets,earningAssets,otherCurrentAssets,totalLiabilities,totalShareholderEquity,deferredLongTermLiabilities,otherCurrentLiabilities,commonStock,retainedEarnings,otherLiabilities,goodwill,otherAssets,cash,totalCurrentLiabilities,shortTermDebt,currentLongTermDebt,otherShareholderEquity,propertyPlantEquipment,totalCurrentAssets,longTermInvestments,netTangibleAssets,shortTermInvestments,netReceivables,longTermDebt,inventory,accountsPayable,totalPermanentEquity,additionalPaidInCapital,commonStockTotalEquity,preferredStockTotalEquity,retainedEarningsTotalEquity,treasuryStock,accumulatedAmortization,otherNonCurrrentAssets,deferredLongTermAssetCharges,totalNonCurrentAssets,capitalLeaseObligations,totalLongTermDebt,otherNonCurrentLiabilities,totalNonCurrentLiabilities,negativeGoodwill,warrants,preferredStockRedeemable,capitalSurplus,liabilitiesAndShareholderEquity,cashAndShortTermInvestments,accumulatedDepreciation,commonStockSharesOutstanding,reportedCurrency,investments,changeInLiabilities,cashflowFromInvestment,otherCashflowFromInvestment,netBorrowings,cashflowFromFinancing,otherCashflowFromFinancing,changeInOperatingActivities,netIncome_y,changeInCash,operatingCashflow,otherOperatingCashflow,depreciation,dividendPayout,stockSaleAndPurchase,changeInInventory,changeInAccountReceivables,changeInNetIncome,capitalExpenditures,changeInReceivables,changeInExchangeRate,changeInCashAndCashEquivalents,clossingVal,nextClossingVal
0,2020-06-30,USD,0,4688891,None,None,-4644837,-4680118,2644244,None,-4680118,None,2044647,None,-4688891,None,4245,None,13018,8773,None,None,None,None,None,None,-4680118,-4680118,None,USD,38399718,19400000,None,None,9657656,28742062,None,None,46316,-66473239,4985800,9346796,57093,8517339,3609948,None,172970,None,1026908,8568921,None,-4734,None,None,None,None,1811624,None,None,None,None,None,None,None,None,None,29830797,1051988,None,None,6047708,None,None,None,None,None,None,None,None,USD,None,287264,-1831,None,164583,8171095,None,173060,-4680118,4178267,-3990997,None,30758,None,None,None,None,197761,0,None,None,None,1.13,
1,2020-03-31,USD,0,4433095,None,None,-4373534,-4424969,2015940,None,-4424969,None,2417155,None,-4433095,None,3980,None,12106,8126,None,None,None,None,None,None,-4424969,-4424969,None,USD,26492738,19400000,None,None,4049031,22443707,None,None,38078,-64567321,None,1586796,57093,4339072,3111876,172970,172970,None,1056113,4392736,None,1456911,None,None,None,None,1524360,None,None,None,None,None,None,None,22100002,None,22100002,1087566,None,None,937155,None,None,None,86972950,None,4339070,None,34000000,USD,None,-22901,-1831,None,164583,6027031,None,-532047,-4424969,1559422,-4467609,None,47278,None,6027140,None,None,464853,0,None,None,None,0.6001,1.13
2,2019-12-31,USD,0,4447925,None,None,-4283633,-4322370,2664546,None,-4322370,None,1783379,None,-4447925,None,3991,None,19339,15348,None,None,None,None,110207,None,-4322370,-4322370,None,USD,24982854,19400000,None,None,4606062,20376792,None,None,30178,-60142352,None,1586796,57093,2779650,3629864,172970,172970,None,1103568,2835397,None,-610004,None,None,None,None,1547261,None,None,None,None,None,None,None,22147457,None,22147457,1122442,None,None,976198,None,None,None,80488970,None,2779650,None,29000000,USD,None,-1166281,-1831,None,164583,106,None,19261,-4322370,-5114154,-5114260,None,34569,None,110,None,None,320384,0,None,None,None,1.02,0.6001
3,2019-09-30,USD,0,3657206,None,None,-3645518,-3649902,2017661,None,-3649902,None,1639545,None,-3657206,None,4197,None,11501,7304,None,None,None,None,7304,None,-3649902,-3649902,None,USD,28986394,19400000,None,None,4607722,24378672,None,None,28930,-55819982,None,1586796,57093,7893804,4607722,172970,172970,None,590,7941915,None,3391876,None,None,None,None,2713542,None,None,None,None,None,None,None,21044479,None,21044479,None,None,None,0,None,None,None,80169720,None,7893800,None,20000000,USD,None,282679,-1831,None,164583,6290335,None,228620,-3649902,3383053,-2907282,None,890,None,11147550,None,None,231134,0,None,None,None,0.7575,1.02
4,2019-06-30,USD,0,4426713,None,None,-4401209,-4405583,2766260,None,-4405583,None,1660453,None,-4426713,None,4138,None,25268,21130,None,None,None,None,21130,None,-4405583,-4405583,None,USD,25544947,19400000,None,None,4037842,21507105,None,None,22076,-52170080,None,1586796,None,4510751,4037842,172970,172970,None,777,4557374,None,520309,None,None,None,None,2430863,None,None,None,None,None,None,None,20987573,None,20987573,None,None,None,0,None,None,None,73655110,None,4510750,None,22000000,USD,None,504777,None,None,None,4834001,None,174221,-4405583,1311654,-3522347,None,710,None,4857220,None,None,204002,0,None,None,None,0.98,0.7575
5,2019-03-31,USD,0,3641968,None,None,-3627589,-3631930,1699876,None,-3631930,None,1942090,None,-3641970,None,4105,None,10030,10039,None,None,None,None,10039,None,-3631929,-3631930,None,USD,24235700,19400000,None,None,3361010,20874690,None,None,18650,-47764500,None,1586800,2170,3199100,3361010,172970,172970,None,1010,3245720,None,-112111,None,None,None,None,1926086,None,None,None,None,None,None,None,20989976,None,20989976,None,None,None,0,None,None,None,68620540,None,3199100,None,18000000,USD,None,-157346,None,None,None,23220,None,-381747,-7506660,-5984910,-6008120,None,470,None,23220,None,None,321195,0,None,None,None,1.42,0.98
6,2018-12-31,USD,0,3872474,0,0,-3872474,-3874730,2113101,None,-3874730,None,1759373,None,-3872474,None,-4003,None,None,None,None,None,None,0,-2256,None,-3874730,-3874730,None,USD,28078307,19400000,None,None,3900104,24178203,None,None,17799,-44132568,None,1586796,2167,7041473,3900104,None,None,None,1248,7088096,None,3191407,None,None,None,None,2083432,None,None,None,None,None,None,None,None,None,None,None,None,None,None,None,None,None,68292970,None,7041470,None,18000000,USD,None,509988,None,None,None,16000,None,216385,-3874730,-2142530,-2158530,None,235,None,16000,None,818343,171249,0,None,None,None,1.04,1.42
7,2018-09-30,USD,0,3661423,0,0,-3661423,-2846928,1737695,0,-2846928,0,1923728,None,-3661423,0,-3848,None,None,None,0,0,0,0,814495,0,-2846928,-2846928,None,USD,31050524,19400000,None,58000,3184840,27865684,None,1439000,16199,-40257838,None,1586796,2167,9184003,3184840,None,None,None,1483,10060078,None,6878888,None,818343,None,None,1573444,None,None,None,None,None,None,None,None,None,None,None,None,None,None,None,None,None,None,None,None,None,11000000,USD,None,661107,None,None,None,8926786,None,348725,-2846928,6422198,-2504588,None,235,None,None,None,-818343,150616,0,None,None,None,1.71,1.04
8,2018-06-30,USD,0,2017994,0,0,-2017994,-2021894,778856,0,-2021894,0,1239138,None,-2017994,0,-3900,None,None,None,0,0,0,0,-3900,0,-2021894,-2021894,None,USD,23825614,19400000,None,73000,2190404,21635210,None,1105000,10677,-37410910,None,1586796,2167,2761805,2190404,172970,172970,None,1718,2834933,None,648414,None,None,None,None,912337,None,None,None,None,None,None,None,None,None,None,None,None,None,None,None,None,None,None,None,None,None,11000000,USD,None,-488136,None,None,None,8926786,None,108337,-2021894,-2246060,-2246060,None,235,None,None,None,-818343,155398,0,None,None,None,2.3,1.71
9,2018-03-31,USD,0,4866944,0,0,-4866944,-4421650,3439853,0,-4421650,0,1427091,None,-4866944,0,-4706,None,None,None,0,0,0,0,445294,0,-4421650,-4421650,None,USD,26063575,19400000,None,65000,2561869,23501706,None,988000,10667,-35389016,None,1586796,2167,5007865,2561869,172970,172970,None,1953,5072659,None,2514910,None,None,None,None,1400473,None,None,None,None,None,None,None,None,None,None,None,None,None,None,None,None,None,None,None,None,None,10000000,USD,None,839313,None,None,None,1763576,1763576,-398178,-4421650,-2362832,-4126408,None,641,None,1763576,None,-818343,-146534,0,None,None,None,3.1,2.3
10,2017-12-31,USD,0,3242782,0,0,-3242782,-3246166,607000,0,-3246166,0,3242000,None,-3242782,0,3000,None,None,None,0,0,0,0,-3384,0,-3246166,-3246166,None,USD,28473000,20986000,None,111000,2617000,25856000,None,1883000,10000,-30967366,None,1586000,20988000,7371000,2617000,172970,172970,None,3000,7481514,None,4869518,None,None,None,None,561000,None,None,None,None,None,None,None,None,None,None,None,None,None,None,None,None,None,None,None,None,None,9000000,USD,None,157000,None,None,None,6608000,5482523,298292,-3246166,4166589,-2441082,None,642,None,6607671,None,None,547421,0,None,None,None,3.8,3.1
11,2017-09-30,USD,0,7731102,0,0,-9413628,-9664927,474000,0,-9664927,0,2401000,None,-7007682,0,784000,None,None,None,0,0,0,0,-2637376,0,-9664927,-9664927,None,USD,24417000,20988000,None,220000,2470000,21947000,None,1695000,8000,-27721200,None,1587000,20990000,3204000,2470000,172970,172970,None,3000,3424354,None,960592,None,None,None,None,602000,None,None,None,None,None,None,None,None,None,None,None,None,None,None,None,None,None,None,None,None,None,5000000,USD,None,-306725,-2126,None,4210000,10883000,None,422243,-10384953,2909757,-7971205,None,2632,None,6673088,None,None,2295598,2000,None,None,None,3.153,3.8
12,2017-06-30,USD,0,2255209,0,0,-4337181,-4504357,191000,0,-4504357,0,2255000,None,-8789481,0,34000,None,None,None,0,0,0,0,4285088,0,-4504357,-4504357,None,USD,21567000,20987000,None,358000,9973000,11594000,20000,2579000,5000,-24677929,None,1587000,21008000,199000,9973000,5416303,5416303,None,2000,556535,None,-9392864,None,None,None,None,1978000,None,None,None,None,None,None,None,None,None,None,None,None,None,None,None,None,None,None,None,None,None,5000000,USD,None,1146000,-2126,None,2560000,4446000,-20000,-913831,-2422421,137618,-2402422,None,672,None,40,None,None,818576,2126,None,None,None,nan,3.153
13,2017-03-31,USD,0,0,0,0,5927168,5960229,860000,0,5960229,0,2543000,None,8595708,0,20000,None,None,None,0,0,0,0,-2668540,0,5960229,5960229,None,USD,21335000,20987000,None,282000,7342000,13993000,None,3456000,76000,-22255508,None,1587000,20989000,61000,7342000,426264,426264,None,3000,343246,None,12405314,None,None,None,None,1863000,None,None,None,None,None,None,None,None,None,None,None,None,None,None,None,None,None,None,None,None,None,5000000,USD,None,2064000,-2126,None,530000,1906000,5482523,161390,-2743363,14346,-824601,None,671,None,308947,None,None,778600,2126,None,None,None,nan,nan
14,2016-12-31,USD,0,0,0,0,-2162670,-2175898,1411000,0,-2175898,0,2784000,None,-2784856,0,13000,None,None,None,0,0,0,0,622186,0,-2175898,-2175898,None,USD,21482000,20987000,None,443000,6319000,15163000,None,3840000,74000,-19512145,None,1587000,20989000,47000,6319000,910578,910578,None,3000,490290,None,13576816,None,None,None,None,986000,None,None,None,None,None,None,None,None,None,None,None,None,None,None,None,None,None,None,None,None,None,5000000,USD,None,1085000,-2126,None,820000,1067000,None,154958,-2175898,-247587,-1314792,None,672,None,247205,None,None,-380672,2126,None,None,None,nan,nan
15,2016-09-30,USD,0,7449291,0,0,-7449291,-8295698,1923000,0,-8295698,0,3407000,None,-7449291,0,5000,None,None,None,0,0,0,0,-846407,0,-8295698,-8295698,None,USD,21950000,20986000,None,599000,5184000,16766000,64801,3602000,73000,-17336247,None,1586000,21053000,294000,5184000,672970,672970,None,4000,892835,None,-4220413,None,None,None,None,909000,None,None,None,None,None,None,None,None,None,None,None,None,None,None,None,None,None,None,None,None,None,4000000,USD,None,752000,256000,255748,-100000,5262000,-64801,562933,-8295698,-381786,-5900421,None,1343,None,5427688,None,None,1725771,2126,None,None,None,nan,nan
16,2016-06-30,USD,0,0,0,0,0,0,381000,0,0,0,2126000,None,0,0,4000,None,None,None,0,0,0,0,0,0,0,0,None,USD,23014000,20987000,None,394000,4854000,18160000,None,4372000,73000,None,None,1587000,20989000,1627000,4854000,None,None,None,4000,None,None,None,None,None,None,None,309000,None,None,None,None,None,None,None,None,None,None,None,None,None,None,None,None,None,None,None,None,None,5000000,USD,None,None,256000,None,None,4827000,None,None,None,None,None,None,None,None,None,None,None,None,0,None,None,None,nan,nan
17,2016-03-31,USD,0,0,0,0,0,0,-830000,0,0,0,671000,None,0,0,0,None,None,None,0,0,0,0,0,0,0,0,None,USD,24779000,20992000,None,21000,4353000,20426000,None,3213000,71000,None,None,1587000,20994000,3759000,4353000,None,None,None,5000,None,None,None,None,None,None,None,367000,None,None,None,None,None,None,None,None,None,None,None,None,None,None,None,None,None,None,None,None,None,2000000,USD,None,None,256000,None,None,4399000,None,None,None,None,None,None,None,None,None,None,None,None,0,None,None,None,nan,nan
18,2015-12-31,USD,0,0,0,0,0,0,830000,0,0,0,1245000,None,0,0,0,None,None,None,0,0,0,0,0,0,0,0,None,USD,347000,6000,None,60000,1937000,None,None,1478000,35000,None,None,None,6000,281000,1937000,None,None,None,None,None,None,None,None,None,None,None,459000,None,None,None,None,None,None,None,None,None,None,None,None,None,None,None,None,None,None,None,None,None,2000000,USD,None,427000,None,None,None,302000,None,None,None,None,None,None,None,None,None,None,None,None,0,None,None,None,nan,nan
19,2015-09-30,USD,0,3229929,0,0,-3229929,-2902268,621000,0,-2902268,0,968000,None,-3229929,0,-7500,None,None,None,0,0,0,0,327661,0,-2902268,-2902268,None,USD,742000,6000,None,60000,1377000,-635213,None,817000,34000,-9040549,None,None,6000,676000,1377000,738955,738955,None,None,736137,None,-640614,None,None,None,None,560000,None,None,None,None,None,None,None,None,None,None,None,None,None,None,None,None,None,None,None,None,None,2000000,USD,None,409000,255748,255748,-100000,1509000,-64801,-90305,-2902268,-875923,-2385416,None,1343,None,1509493,None,None,154176,2126,None,None,None,nan,nan
