,fiscalDateEnding,reportedCurrency_x,totalRevenue,totalOperatingExpense,costOfRevenue,grossProfit,ebit,netIncome_x,researchAndDevelopment,effectOfAccountingCharges,incomeBeforeTax,minorityInterest,sellingGeneralAdministrative,otherNonOperatingIncome,operatingIncome,otherOperatingExpense,interestExpense,taxProvision,interestIncome,netInterestIncome,extraordinaryItems,nonRecurring,otherItems,incomeTaxExpense,totalOtherIncomeExpense,discontinuedOperations,netIncomeFromContinuingOperations,netIncomeApplicableToCommonShares,preferredStockAndOtherAdjustments,reportedCurrency_y,totalAssets,intangibleAssets,earningAssets,otherCurrentAssets,totalLiabilities,totalShareholderEquity,deferredLongTermLiabilities,otherCurrentLiabilities,commonStock,retainedEarnings,otherLiabilities,goodwill,otherAssets,cash,totalCurrentLiabilities,shortTermDebt,currentLongTermDebt,otherShareholderEquity,propertyPlantEquipment,totalCurrentAssets,longTermInvestments,netTangibleAssets,shortTermInvestments,netReceivables,longTermDebt,inventory,accountsPayable,totalPermanentEquity,additionalPaidInCapital,commonStockTotalEquity,preferredStockTotalEquity,retainedEarningsTotalEquity,treasuryStock,accumulatedAmortization,otherNonCurrrentAssets,deferredLongTermAssetCharges,totalNonCurrentAssets,capitalLeaseObligations,totalLongTermDebt,otherNonCurrentLiabilities,totalNonCurrentLiabilities,negativeGoodwill,warrants,preferredStockRedeemable,capitalSurplus,liabilitiesAndShareholderEquity,cashAndShortTermInvestments,accumulatedDepreciation,commonStockSharesOutstanding,reportedCurrency,investments,changeInLiabilities,cashflowFromInvestment,otherCashflowFromInvestment,netBorrowings,cashflowFromFinancing,otherCashflowFromFinancing,changeInOperatingActivities,netIncome_y,changeInCash,operatingCashflow,otherOperatingCashflow,depreciation,dividendPayout,stockSaleAndPurchase,changeInInventory,changeInAccountReceivables,changeInNetIncome,capitalExpenditures,changeInReceivables,changeInExchangeRate,changeInCashAndCashEquivalents,clossingVal,nextClossingVal
0,2020-06-30,EUR,None,None,None,None,None,None,None,None,None,None,None,None,None,-907500.0,None,None,None,None,None,None,None,None,None,None,None,-8298500.0,None,EUR,75760000,35223000,None,None,45442000,30318000,573000,1563000,48513000.0,-91021000,32135000.0,883000,6557000.0,26692000,10798000,None,91000,29477000,4231000.0,29439000,None,-5215000,0,451000,None,None,5782000,None,None,None,None,None,None,None,None,None,46321000,3613000,None,None,34644000,None,None,None,None,None,None,None,None,EUR,None,-439000,25000,61500,-383000,None,1347500.0,None,None,None,-7316500,None,None,None,None,None,None,1100500,0.0,None,None,None,10.69,
1,2020-03-31,EUR,None,None,None,None,None,None,None,None,None,None,None,None,None,-907500.0,None,None,None,None,None,None,None,None,None,None,None,-8298500.0,None,EUR,None,None,None,None,None,None,573000,None,48513000.0,-91021000,32135000.0,None,6557000.0,None,None,None,None,29477000,4231000.0,None,None,-5215000,None,None,None,None,None,None,None,None,None,None,None,None,None,None,None,None,None,None,None,None,None,None,None,None,None,None,None,EUR,None,-439000,25000,61500,-383000,None,1347500.0,None,None,None,-7316500,None,None,None,None,None,None,1100500,0.0,None,None,None,7.4299,10.69
2,2019-12-31,EUR,6000,0,0,6000,0,-12667000,0,0,-12675000,0,4396000,0,-12929000,-2046500.0,182000,-8000,254000,None,0,0,0,-4000,0,0,0,-6333500.0,0,EUR,89836000,35316000,None,1254000,44217000,45619000,607000,1016000,48513000.0,-74424000,29291000.0,883000,6347000.0,39338000,11922000,0,192000,28181000,5061000.0,42836000,0,10027000,0,156000,37000,0,6969000,0,0,0,0,0,0,0,47000000,0,47000000,4134000,3004000,0,32295000,0,0,0,43349000,0,39338000,0,0,EUR,0,1154000,-51500,59000,-377000,18276000,382500.0,0,-28632000,-1203000,-6069500,0,1619000,0,16448000,0,0,-564500,622000.0,0,0,0,10.42,7.4299
3,2019-09-30,EUR,0,0,0,0,0,0,0,0,0,0,0,0,0,-2046500.0,0,None,None,None,0,0,0,-4000,0,0,0,-6333500.0,0,EUR,0,0,None,0,0,0,607000,0,48513000.0,-74424000,29291000.0,0,6347000.0,0,0,0,0,28181000,5061000.0,0,0,10027000,0,0,0,0,0,0,0,0,0,0,0,0,0,0,0,0,0,0,0,0,0,0,0,0,0,0,0,EUR,0,1154000,-51500,59000,-377000,0,382500.0,0,0,0,-6069500,0,0,0,0,0,0,-564500,0.0,0,0,0,10.09,10.42
4,2019-06-30,EUR,0,31272971.53,0,0,-31272971.53,-15965000,24025296.33,0,-15965000,0,4329000,0,-15950000,-336500.0,-182000,None,-15000,None,0,0,0,0,1546725.38,0,-30187616.57,-7982500.0,0,EUR,81358000,35204000,None,1409000,40439000,40919000,640000,222000,41553000.0,-61456000,28033000.0,883000,4911000.0,33668000,8916000,0,277000,26960000,5525000.0,35475000,0,5472000,0,239000,91000,0,5439000,0,0,0,0,0,0,0,1855000,0,45883000,4566000,3490000,-1000,31523000,0,0,0,33862000,0,33668000,0,0,EUR,17390260.55,-572500,4545000,56000,-366500,96000,414500.0,0,-15965000,-6876000,-8031500,0,802000,0,0,0,-408426.24,190000,219000.0,0,0,0,11.47,10.09
5,2019-03-31,EUR,0,29143191.07,0,0,-29143191.07,-28131751.93,22389103.67,0,-28131751.93,0,7939973.32,0,-29143191.07,-336500.0,-456381.05,None,None,None,0,0,0,0,1441388.84,0,-28131751.93,-7982500.0,0,EUR,286720084.37,121809692.90,None,4965566.97,142514239.47,144205844.93,640000,1994684.82,41553000.0,-61456000,28033000.0,3111849.29,4911000.0,118652029.30,31421572.19,0,976197.34,26960000,5525000.0,125020219.17,0,5472000,0,1402622.91,320700.20,0,19168004.86,0,0,0,0,0,0,0,0,0,0,0,0,0,0,0,0,0,0,0,0,0,0,EUR,16205933.15,-572500,4545000,56000,-366500,169160.57,414500.0,0,-28131751.93,-12114362.33,-8031500,0,1555924.65,0,0,0,-380611.25,190000,378849.15,0,0,0,20.4,11.47
6,2018-12-31,EUR,597000,14867907.88,0,597000,-14351162.17,-18968000,10768565.05,0,-18968000,0,4799000,0,-19379000,-167920.72,-74439.08,None,410000,None,0,0,0,0,-2066982.83,0,-16418144.99,-18968000.0,0,EUR,94299000,35281000,None,1586000,38710000,55589000,1165058.17,2250483.82,41553000.0,-192111000,48787026.78,883000,1686000.0,40542000,9647000,0,486450.72,-2000,3014000.0,51692000,0,34792479.75,15921307.40,367000,229000,0,10241432.48,0,0,0,0,0,0,0,0,0,0,0,881000,0,0,0,0,0,206149000,0,49739000,0,0,EUR,-7231843.19,-532325.97,607000,2372000,300353.03,43928000,716000.0,0,-37427000,17289000,-27249000,0,1048000,0,43011000,0,1760570.80,3204342.73,1765000.0,0,0,0,18.16,20.4
7,2018-09-30,USD,345566.10,9942695.07,0,345566.10,-9597128.97,-10979393.38,7201319.75,0,-10979393.38,0,2853669.83,0,-9597128.97,-112294.51,-49780.04,None,None,None,0,0,0,0,-1382264.41,0,-10979393.38,-10979393.38,0,USD,109167631.40,40064829.82,None,105348.46,44813614.26,64354017.13,779115.54,1504978,48104885.39,-252116230.61,32625607.78,1022227.37,4748784.44,46934475.57,11168094.47,0,325306.78,29711738.83,3489233.62,59842556.15,0,23266959.94,10647140.54,1469090.07,265107.66,0,6848807.59,0,0,0,0,0,0,0,0,0,0,0,0,0,0,0,0,0,0,0,0,0,0,USD,-4836188.93,-355985.18,-5509377.17,-490854.36,200856.68,615304.47,-1403681.41,0,-10979393.38,-12643551.75,-7740217.64,0,236744.62,0,0,0,1177355.87,2142857.14,176545.5,0,0,0,26.49,18.16
8,2018-06-30,EUR,2518000,16809926.32,1402373999946.50,2518000,-14499731.22,-18459000,10216970.82,0,-18459000,0,5321000,0,-18791000,1586309.5,-4587.36,None,332000,None,0,0,0,0,-2435888.78,0,-16935620.01,-18459000.0,0,EUR,109057000,34383000,None,3504000,36373000,72684000,1293635.86,1910177.19,41553000.0,-175017000,46833287.78,883000,1496000.0,62385000,10133000,0,519289.28,43787279.96,3148000.0,67003000,0,69953588.14,1546858.19,271000,368000,0,11818877.35,0,0,0,0,0,0,0,0,0,0,0,717000,0,0,0,0,0,206148000,0,63228000,0,0,EUR,9773831.73,2344141.56,10125000,10653000,-133950.94,42865000,-2224870.17,0,-18459000,39133000,-13877000,0,606000,0,43011000,0,-3204730.52,4478181.98,528000.0,0,0,0,29.71,26.49
9,2018-03-31,USD,1548775.99,11269528.85,0,1548775.99,-9720752.86,-11353795.05,6849550.99,0,-11353795.05,0,3356501.41,0,-9720752.86,1063476.44,-3075.41,None,None,None,0,0,0,0,-1633042.19,0,-11353795.05,-11353795.05,0,USD,134157953.01,41429450.12,None,4310493.30,44744741.05,89413211.96,867265.35,1280600.32,51116988.56,-244654939.11,31397465.86,1086234.47,5345060.89,76743756.92,12465247.88,0,348136.30,29355394.27,3872555.05,82424652.48,0,46897527.37,1037027.92,333374.34,452700.21,0,7923483.82,0,0,0,0,0,0,0,0,0,0,0,0,0,0,0,0,0,0,0,0,0,0,USD,6552466.48,1571534.01,6227703.28,-521589.37,-89801.94,26365481.61,-1491573.38,0,-11353795.05,24069381.23,-8535490.22,0,393037.27,0,0,0,-2148480.75,3002214.29,324763.19,0,0,0,35.0,29.71
10,2017-12-31,EUR,561000,39831290.34,515000,46000,-34186012.89,-41980000,25667437.29,0,-41982000,0,4962000,0,-39192000,-1842790.38,6733805.40,-2000,-2792000,None,0,4018114.34,0,-2884.39,-27133529.45,0,-61319542.33,-41980000.0,0,EUR,77626000,36508000,None,2255000,30091000,47535000,1279907.97,5221816.69,34337000.0,-157099000,44429606.53,1903408.48,1434000.0,23253000,7945000,0,361976.68,40392440.78,3290000.0,36394000,0,20378074.71,22181030.32,233000,326000,0,9995059.43,0,0,0,0,0,0,0,0,0,0,0,808000,0,0,0,0,0,170297000,0,33906000,0,0,EUR,40834086.98,-4298689.58,17613000,18471000,-57154.21,605000,13000.0,0,-56395000,-25103000,-44441000,0,966000,0,625000,0,-1440978.94,23473061.92,858000.0,0,0,0,43.1,35.0
11,2017-09-30,USD,3719500,15168000,-16901500,1512500,-13398000,-28197500,-6839500,0,-28198000,0,4655000,None,-13398000,-1198500.0,-1539000,None,None,None,0,0,0,-2000,-14800000,0,-28197500,-28197500.0,None,USD,77626000,34855000,None,152000,30091000,47535000,739000,1256000,34337000.0,-180421000,21338000.0,914000,2173000.0,23253000,7945000,209000,209000,23322000,3290000.0,36394000,None,11766000,10653000,1592000,326000,None,4800000,None,None,None,None,None,None,None,None,None,None,None,None,None,None,None,None,None,None,None,None,None,None,USD,17366500,602000,14389500,500,123000,134000,-21500.0,None,-20990000,-98000,-14986000,None,380500,None,32500,None,-783000,5768000,320500.0,None,None,None,56.529,43.1
12,2017-06-30,USD,4000000,-15658000,17159000,-2979000,12679000,14415000,12720000,0,14414000,0,-4244000,None,12679000,-267000.0,1467000,None,None,None,0,0,0,1000,1735000,0,14415000,14415000.0,None,USD,137269000,52589000,None,808000,49117000,88152000,772000,8728000,37806000.0,-138441000,33749000.0,1095000,52922000.0,26758000,14632000,1199000,1199000,21951000,3486000.0,70862000,None,31937000,51791000,1318000,736000,None,5272000,None,None,None,None,None,None,None,None,None,None,None,None,None,None,None,None,None,None,None,None,None,None,USD,-5578000,-1843000,-5583000,500,-139500,385000,64000.0,None,-7207500,-12454000,-7234500,None,440500,None,280000,None,838000,1008500,240000.0,None,None,None,42.4,56.529
13,2017-03-31,USD,1489500,7829000,0,1489500,-6339500,-7207500,5573500,0,-7207000,0,2122000,None,-6339500,133500.0,-72000,None,None,None,0,0,0,500,-867500,0,-7207500,-7207500.0,None,USD,120295000,44355000,None,709000,43043000,77252000,772000,6394000,33131000.0,-138441000,29575000.0,960000,1064000.0,23449000,12823000,1199000,1199000,21951000,3054000.0,70862000,None,31937000,45386000,1318000,None,None,4620000,None,None,None,None,None,None,None,None,None,None,None,None,None,None,None,None,None,None,None,None,None,None,USD,-5578000,-1843000,-5583000,500,-139500,168500,28000.0,None,-7207500,-12454000,-7234500,None,440500,None,280000,None,367000,1008500,105000.0,None,None,None,26.2,42.4
14,2016-12-31,USD,8949000,27197000,16366000,4242000,-21426500,-20266000,12163000,0,-20268000,0,7242000,None,-21426500,-3134000.0,-54500,None,None,None,0,2320000,0,-2000,1158500,0,-20266000,-20266000.0,None,USD,146468000,52301000,None,1349000,50566000,95902000,805000,2761000,34369000.0,-124026000,37701000.0,1097000,52629000.0,51026000,11897000,207000,207000,24330000,3760000.0,85367000,None,42124000,36118000,1503000,968000,None,8544000,None,None,None,None,None,None,None,None,None,None,None,None,None,None,None,None,None,None,None,None,None,None,USD,-26892000,-740000,-30157000,-1000,766000,3198000,2390000.0,1000,-23606000,-51818000,-24692000,None,1516000,None,751000,None,-1018000,-844000,1780000.0,None,None,None,17.76,26.2
15,2016-09-30,USD,4197500,8424000,-21560500,4228000,-4182500,-3340000,-10925500,0,-3344000,0,2502000,None,-4182500,-206000.0,-54500,None,None,None,0,0,0,-6000,838500,0,-3340000,-3340000.0,None,USD,138806000,47721000,None,662000,47921000,90885000,805000,1116000,32571000.0,-124026000,35729000.0,1040000,1116000.0,48357000,11275000,1478000,1478000,24330000,3563000.0,85366000,None,42124000,34230000,1503000,536000,None,8098000,None,None,None,None,None,None,None,None,None,None,None,None,None,None,None,None,None,None,None,None,None,None,USD,-921000,1250000,-1211500,-25500,-130000,502500,632500.0,None,-3340000,-2668500,-1959500,None,389500,None,280000,None,-302500,3000,237500.0,None,None,None,23.59,17.76
16,2016-06-30,USD,44000,0,21574000,0,0,0,17040000,0,0,0,0,None,0,0.0,0,None,None,None,0,0,0,2000,0,0,0,0.0,None,USD,154440000,52797000,None,1022000,47840000,106600000,None,3313000,35932000.0,None,36219000.0,1091000,53010000.0,59234000,10293000,None,None,None,3991000.0,None,None,None,35675000,None,1328000,None,6253000,None,None,None,None,None,None,None,None,None,None,None,None,None,None,None,None,None,None,None,None,None,None,USD,None,None,None,None,None,2235000,1099000.0,None,None,None,None,None,None,None,None,None,None,None,1403000.0,None,None,None,24.98,23.59
17,2015-12-31,USD,3000,29364000,15055000,1000,-29361000,-29114000,22766000,0,-29114000,0,7230000,None,-29361000,-634000.0,-100000,None,None,None,0,2320000,0,0,247000,0,-29114000,-29114000.0,None,USD,173228000,52981000,None,1017000,52179000,121049000,872000,2895000,35369000.0,-100313000,39238000.0,1089000,53176000.0,108780000,12477000,675000,675000,21205000,1234000.0,109420000,None,63556000,7967000,1075000,464000,None,9313000,None,None,None,None,None,None,None,None,None,None,None,None,None,None,None,None,None,None,None,None,None,None,USD,-4667000,1066000,-10691000,-1000,263000,120030000,1214000.0,1000,-29114000,72542000,-27304000,None,1033000,None,118575000,None,710000,-942000,881000.0,None,None,None,54.5899,24.98
18,2015-06-30,USD,0,0,16396000,0,0,0,12873000,0,0,0,0,None,0,0.0,0,None,None,None,0,0,0,0,0,0,0,0.0,None,USD,204449000,63379000,None,1273000,65149000,139300000,None,2277000,36306000.0,None,55180000.0,None,63522000.0,129518000,9591000,None,None,None,762000.0,None,None,None,8556000,None,378000,None,7132000,None,None,None,None,None,None,None,None,None,None,None,None,None,None,None,None,None,None,None,None,None,None,USD,None,None,None,None,None,122121000,129000.0,None,None,None,None,None,None,None,None,None,695000,None,239000.0,None,None,None,52.02,54.5899
