,fiscalDateEnding,reportedCurrency_x,totalRevenue,totalOperatingExpense,costOfRevenue,grossProfit,ebit,netIncome_x,researchAndDevelopment,effectOfAccountingCharges,incomeBeforeTax,minorityInterest,sellingGeneralAdministrative,otherNonOperatingIncome,operatingIncome,otherOperatingExpense,interestExpense,taxProvision,interestIncome,netInterestIncome,extraordinaryItems,nonRecurring,otherItems,incomeTaxExpense,totalOtherIncomeExpense,discontinuedOperations,netIncomeFromContinuingOperations,netIncomeApplicableToCommonShares,preferredStockAndOtherAdjustments,reportedCurrency_y,totalAssets,intangibleAssets,earningAssets,otherCurrentAssets,totalLiabilities,totalShareholderEquity,deferredLongTermLiabilities,otherCurrentLiabilities,commonStock,retainedEarnings,otherLiabilities,goodwill,otherAssets,cash,totalCurrentLiabilities,shortTermDebt,currentLongTermDebt,otherShareholderEquity,propertyPlantEquipment,totalCurrentAssets,longTermInvestments,netTangibleAssets,shortTermInvestments,netReceivables,longTermDebt,inventory,accountsPayable,totalPermanentEquity,additionalPaidInCapital,commonStockTotalEquity,preferredStockTotalEquity,retainedEarningsTotalEquity,treasuryStock,accumulatedAmortization,otherNonCurrrentAssets,deferredLongTermAssetCharges,totalNonCurrentAssets,capitalLeaseObligations,totalLongTermDebt,otherNonCurrentLiabilities,totalNonCurrentLiabilities,negativeGoodwill,warrants,preferredStockRedeemable,capitalSurplus,liabilitiesAndShareholderEquity,cashAndShortTermInvestments,accumulatedDepreciation,commonStockSharesOutstanding,reportedCurrency,investments,changeInLiabilities,cashflowFromInvestment,otherCashflowFromInvestment,netBorrowings,cashflowFromFinancing,otherCashflowFromFinancing,changeInOperatingActivities,netIncome_y,changeInCash,operatingCashflow,otherOperatingCashflow,depreciation,dividendPayout,stockSaleAndPurchase,changeInInventory,changeInAccountReceivables,changeInNetIncome,capitalExpenditures,changeInReceivables,changeInExchangeRate,changeInCashAndCashEquivalents,clossingVal,nextClossingVal
0,2020-06-30,USD,15566000,11392000,None,15566000,4174000,3069000,None,None,4174000,None,11392000,None,4174000,769000,3583000,1105000,15886000,12303000,None,None,None,1105000,None,None,3069000,3069000,None,USD,1607514000,6293000,None,None,1454724000,152790000,None,1272197000,112000,25759000,11899000,31498000,1301869000,39581000,1272197000,None,None,-815000,21318000,1307383000,196392000,114999000,162716000,1267802000,43595000,None,None,None,None,112000,None,25759000,None,None,44630000,None,300131000,None,43595000,138932000,182527000,None,None,None,127734000,1607514000,39581000,None,11150695,USD,-97332000,0,-96128000,1965000,23991000,93166000,69175000,-781000,3069000,-1766000,1196000,None,892000,0,0,None,-2179000,-1873000,761000,None,None,-1766000,6.86,
1,2020-03-31,USD,14274000,10731000,None,14274000,3543000,2606000,None,None,3543000,None,10731000,None,3543000,760000,4237000,937000,16908000,12671000,None,None,None,937000,None,None,2606000,2606000,None,USD,1505164000,7175000,219856000,None,1357231000,147933000,None,1180055000,112000,22690000,7426000,31498000,1201709000,41347000,1180055000,None,None,-2601000,21066000,1210463000,190543000,109260000,163435000,1169116000,43576000,None,None,None,None,112000,None,22690000,None,None,44419000,None,294701000,None,43576000,133600000,177176000,None,None,None,127732000,1505164000,41347000,None,11151009,USD,2286000,0,3604000,1741000,-64978000,-27356000,41832000,2728000,2606000,-14493000,9259000,None,875000,-2372000,-1838000,None,1131000,6653000,423000,None,None,-14493000,6.45,6.86
2,2019-12-31,USD,14159000,10428000,None,14159000,3731000,3169000,None,None,3731000,None,10428000,None,3731000,721000,4371000,562000,16146000,11775000,None,None,None,-5066000,-655000,None,8797000,3169000,None,USD,1531249000,7587000,231921000,10631000,1380696000,150553000,None,1195702000,113000,22517000,7618000,31498000,1199902000,55840000,1195702000,None,None,-933000,21106000,1222900000,210499000,111468000,180119000,1167060000,43560000,1460000,1195702000,None,None,113000,None,22517000,None,None,37659000,None,308349000,None,43560000,141434000,184994000,None,None,None,128856000,1531249000,55840000,None,11266954,USD,-52644000,0,-53264000,2000,-13384000,50475000,66964000,660000,3169000,3564000,6353000,None,1151000,0,-3105000,None,1488000,3184000,622000,None,None,3564000,12.22,6.45
3,2019-09-30,USD,14639000,12975000,None,14639000,1664000,1234000,None,None,1664000,None,12975000,None,1664000,699000,4630000,430000,16223000,11593000,None,None,None,430000,-3709000,None,1234000,1234000,None,USD,1475364000,7999000,230886000,8255000,1327335000,148029000,None,1161750000,113000,19348000,4580000,31841000,1153632000,52276000,1161750000,None,None,-358000,20938000,1167477000,209319000,108189000,182956000,1115201000,44545000,1373000,1161750000,None,None,113000,None,19348000,None,None,37790000,None,307887000,None,44545000,121040000,165585000,None,None,None,128926000,1475364000,52276000,None,11270710,USD,32091000,0,23815000,-4874000,-42475000,-21164000,18206000,-3259000,1234000,5268000,2617000,None,1142000,0,3105000,None,3355000,1383000,3402000,None,None,5268000,11.07,12.22
4,2019-06-30,USD,14996000,9389000,None,14996000,5607000,4107000,None,None,5607000,None,9389000,None,5607000,704000,4253000,1500000,14336000,10083000,None,None,None,1500000,1381000,None,4107000,4107000,None,USD,1348420000,6828000,197785000,6927000,1205178000,143242000,None,1015459000,110000,18114000,5044000,31474000,1066225000,59551000,1015459000,None,None,-804000,15287000,1070749000,167667000,104940000,154760000,1011198000,44551000,1387000,1015459000,None,None,110000,None,18114000,None,None,56415000,None,277671000,None,44551000,145168000,189719000,None,None,None,125822000,1348420000,59551000,None,10982008,USD,6202000,0,4147000,340000,32880000,-2892000,-35780000,-1711000,4107000,5650000,4395000,None,1006000,0,8000,None,1051000,288000,2395000,None,None,5650000,10.84,11.07
5,2019-03-31,USD,11169000,9894000,None,11169000,1275000,953000,None,None,1275000,None,9894000,None,1275000,430000,3656000,322000,13718000,10062000,None,None,None,322000,-1549000,None,953000,953000,None,USD,1326590000,7174000,201671000,5600000,1188210000,138380000,None,1030649000,110000,14008000,4954000,31474000,1033395000,52564000,1030649000,None,None,-1678000,13487000,1223736000,11835000,99732000,160201000,1010971000,24675000,2100000,1030649000,None,None,110000,None,14008000,None,None,38884000,None,102854000,None,24675000,132886000,157561000,None,None,None,125940000,1326590000,212765000,None,10990033,USD,-39821000,0,-38031000,2142000,13015000,34140000,23128000,-2252000,953000,-4420000,-529000,None,351000,-2198000,195000,None,-1397000,-1482000,352000,None,None,-4420000,11.93,10.84
6,2018-12-31,USD,11616000,7976000,3957000,11616000,0,1261000,0,0,1822000,0,7479000,None,3640000,497000,-6303000,None,None,None,0,0,0,561000,-1818000,0,1261000,1261000,None,USD,1288224000,12390000,None,6234000,1150037000,138187000,None,None,109000,15264000,8065000,30933000,1006510000,45778000,1117325000,109813000,109813000,-2698000,13513000,62042000,162836000,99350000,7460000,None,24647000,2570000,1007512000,None,None,None,None,None,None,None,None,None,None,None,24647000,None,None,None,None,None,125512000,None,None,None,11000000,USD,-110248000,0,-67784000,-12512000,144048000,97624000,-46752000,3604000,1261000,45136000,15296000,None,3252000,None,90000,None,None,4020000,2360000,None,None,None,10.9,11.93
7,2018-09-30,USD,9479000,7644000,2872000,9479000,1835000,1099000,0,0,1835000,0,7644000,None,1835000,571000,6009000,None,None,None,0,0,0,736000,-438000,0,1099000,1099000,None,USD,975409000,4805000,None,5517000,839562000,135847000,0,746529000,109000,14003000,5414000,10444000,768008000,41712000,809529000,63000000,40000000,-3328000,10034000,912693000,12697000,120598000,118482000,752499000,24619000,2768000,746529000,0,0,109000,0,14003000,0,None,24736000,None,62716000,None,24619000,5414000,30033000,None,None,None,125063000,975409000,160194000,None,10913853,USD,9897000,0,13661000,4157000,560000,2521000,1985000,-10398000,1099000,6763000,-9419000,None,641000,-2198000,-24000,1360000,0,-10518000,393000,None,None,6763000,14.0,10.9
8,2018-06-30,USD,8597000,7874000,2940000,8597000,723000,503000,0,0,723000,0,7874000,None,723000,455000,183000,None,None,None,0,0,0,220000,-789000,0,503000,503000,None,USD,975070000,4966000,None,5084000,839859000,135211000,0,744536000,59000,12904000,8264000,10444000,770132000,34593000,802536000,58000000,29000000,-2891000,9947000,789222000,13244000,58512000,8160000,754629000,29059000,5392000,744536000,0,0,59000,61289000,12904000,0,None,147247000,None,185848000,None,29059000,8264000,37323000,None,None,None,63850000,975070000,34593000,None,5914379,USD,-48376000,0,-47930000,1568000,-27420000,29765000,-4104000,4484000,503000,-3737000,14428000,None,504000,-2198000,61289000,8300000,0,13925000,1122000,None,None,-3737000,14.15,14.0
9,2018-03-31,USD,8931000,7103000,2096000,8931000,1828000,1341000,0,0,1828000,0,7103000,None,1828000,556000,111000,None,None,None,0,0,0,487000,-352000,0,1341000,1341000,None,USD,940383000,5126000,None,4771000,866874000,73509000,0,748615000,59000,12401000,3780000,10444000,167524000,39175000,833615000,85000000,71000000,-2526000,9151000,754416000,13170000,57939000,8399000,715241000,29479000,8600000,748615000,0,0,59000,0,12401000,0,None,148076000,None,185967000,None,29479000,3780000,33259000,None,None,None,63575000,940383000,39175000,None,5902481,USD,-14052000,0,-15813000,-871000,-9420000,-3014000,7546000,-1013000,1341000,-15747000,3080000,None,583000,-1181000,41000,1297000,0,1739000,890000,None,None,-15747000,14.0137,14.15
10,2017-12-31,USD,9366000,7143000,1985000,9366000,2223000,1340000,0,0,2223000,0,7143000,None,2223000,510000,1885000,None,None,None,0,0,0,883000,-394000,0,1340000,1340000,None,USD,943032000,5287000,None,5368000,868578000,74454000,0,741069000,59000,12104000,3610000,10444000,145876000,55366000,835069000,94000000,94000000,-1057000,8517000,780425000,12523000,58723000,7155000,725059000,29899000,9210000,741069000,0,0,59000,0,12104000,0,None,125836000,None,162607000,None,29899000,3610000,33509000,None,None,None,63348000,943032000,55366000,None,5883603,USD,-366000,0,619000,1535000,3580000,2153000,-1435000,435000,1340000,5538000,2766000,None,397000,-1181000,8000,0,0,1426000,550000,None,None,5538000,13.5001,14.0137
11,2017-09-30,USD,6985000,7650000,1917000,6985000,-665000,-458000,0,0,-665000,0,7650000,None,-665000,2252000,4304000,None,None,None,0,0,0,-207000,-275000,0,-458000,-458000,None,USD,940664000,5449000,None,5625000,867181000,73483000,0,742504000,59000,10764000,4358000,10444000,145790000,41677000,742504000,90000000,90000000,-723000,9645000,1591666000,13773000,57590000,95883000,1454106000,30319000,8351000,742504000,0,0,59000,0,10764000,0,None,36740000,None,76051000,None,30319000,94358000,124677000,None,None,None,63383000,940664000,137560000,None,5888816,USD,-22525000,0,-40106000,-17338000,41419000,46669000,5202000,-2902000,-458000,7928000,1365000,None,1083000,1000,47000,0,0,1823000,243000,None,None,7928000,13.95,13.5001
12,2017-06-30,USD,6417000,4730000,1306000,6417000,1687000,1083000,0,0,1687000,0,4730000,None,1687000,545000,-9000,None,None,None,0,0,0,604000,0,0,1083000,1083000,None,USD,665641000,753000,None,1950000,599631000,66010000,0,519133000,53000,11221000,1598000,4663000,111605000,38247000,587033000,67900000,78900000,-353000,5023000,551894000,2945000,60594000,0,513647000,11000000,622000,519133000,0,0,53000,0,11221000,0,None,100363000,None,113747000,None,11000000,1598000,12598000,None,None,None,55089000,665641000,38247000,None,5270895,USD,17019000,0,16985000,34000,7409000,-4379000,-11796000,-55000,1083000,13899000,1293000,None,0,-843000,8000,0,0,210000,68000,None,None,13899000,13.98,13.95
13,2017-03-31,USD,6428000,5035000,1315000,6428000,1393000,934000,0,0,1393000,0,5035000,None,1393000,-177000,-76000,None,None,None,0,0,0,459000,0,0,934000,934000,None,USD,668453000,791000,None,None,604073000,64380000,0,530929000,53000,10138000,1653000,4663000,113030000,24262000,591420000,60491000,71491000,-843000,5163000,553235000,2727000,58926000,0,528973000,11000000,692000,530929000,0,0,53000,0,10138000,0,None,101874000,None,115218000,None,11000000,1653000,12653000,None,None,None,55032000,668453000,24262000,None,5266895,USD,17349000,-1332000,13828000,-3341000,-13000000,-17984000,-4200000,None,934000,-594000,3562000,None,0,-843000,59000,0,0,2628000,180000,None,None,-594000,13.85,13.98
14,2016-12-31,USD,6870000,5463000,1391000,6870000,1407000,940000,0,0,1407000,0,5463000,None,1407000,43000,1391000,None,None,None,0,0,0,467000,0,0,940000,940000,None,USD,686414000,829000,None,None,622588000,63826000,0,535112000,53000,10047000,2985000,4663000,116288000,25809000,608603000,73491000,84491000,-1257000,5166000,568796000,2818000,58334000,0,542987000,11000000,784000,535112000,0,0,53000,0,10047000,0,None,104142000,None,117618000,None,11000000,2985000,13985000,None,None,None,54983000,686414000,25809000,None,5261170,USD,20919000,-368000,21078000,277000,14200000,-8381000,-22565000,None,940000,10398000,-2299000,None,0,0,-16000,0,0,-3239000,118000,None,None,10398000,12.43,13.85
15,2016-09-30,USD,6860000,6944000,1476000,6860000,-21000,45000,0,0,-84000,0,6944000,63000,-84000,1765000,1476000,None,None,None,0,0,0,-129000,-505000,0,45000,45000,None,USD,695865000,872000,None,2032000,631321000,64544000,0,557677000,53000,9107000,3353000,4663000,110589000,10046000,557677000,70291000,70291000,421000,5338000,658540000,2777000,59009000,80123000,568371000,11000000,776000,557677000,0,0,53000,0,9107000,0,None,23675000,None,37325000,None,11000000,62644000,73644000,None,None,None,54963000,695865000,90169000,None,5260098,USD,11487000,0,13014000,-8133000,417000,-26994000,-27548000,-402000,45000,-11299000,2681000,None,1182000,-629000,137000,0,0,2636000,1672000,None,None,-11299000,11.18,12.43
16,2016-06-30,USD,6192000,4653000,1295000,6192000,1539000,967000,0,0,1539000,0,4653000,None,1539000,0,3531000,None,None,None,0,0,0,572000,0,0,967000,967000,None,USD,723009000,917000,None,None,659414000,63595000,0,585224000,52000,8144000,4316000,4003000,116622000,26379000,644098000,58874000,None,606000,5576000,604189000,2716000,58675000,0,577810000,11000000,911000,585224000,0,0,52000,0,8144000,0,None,105608000,None,118820000,None,11000000,4316000,15316000,None,None,None,54793000,723009000,26379000,None,5240114,USD,13916000,None,31903000,18180000,5400000,-34179000,-39637000,None,967000,-667000,1609000,None,0,-629000,58000,0,0,642000,193000,None,None,-667000,10.36,11.18
17,2016-03-31,USD,5437000,4367000,1115000,5437000,1070000,701000,0,0,1070000,0,4367000,None,1070000,0,0,None,None,None,0,0,0,369000,0,0,701000,701000,None,USD,601800000,341000,None,None,539729000,62071000,0,473833000,52000,7177000,4422000,435000,112941000,26638000,535307000,61474000,None,17000,2834000,486827000,4717000,61295000,0,460189000,61474000,832000,473833000,0,0,52000,0,7177000,0,None,106646000,None,114973000,None,None,4422000,4422000,None,None,None,54825000,601800000,26638000,None,5245181,USD,5402000,None,15621000,10388000,2583000,-9045000,-11094000,None,701000,6782000,206000,None,0,-629000,95000,0,0,-495000,169000,None,None,6782000,8.95,10.36
18,2015-12-31,USD,5428000,4094000,1196000,5428000,1334000,860000,0,0,1334000,0,4094000,None,1334000,0,0,None,None,None,0,0,0,474000,0,0,860000,860000,None,USD,581770000,90000,None,None,520534000,61236000,0,457732000,52000,7105000,3911000,0,112483000,19856000,516623000,58891000,None,-665000,2803000,467064000,4828000,61146000,0,447208000,58891000,804000,457732000,0,0,52000,0,7105000,0,None,106985000,None,114706000,None,None,3911000,3911000,None,None,None,54744000,581770000,19856000,None,5231265,USD,-11140000,None,-11266000,223000,None,1422000,1422000,None,860000,-8642000,1202000,None,0,0,0,0,0,342000,349000,None,None,-8642000,9.46,8.95
19,2015-09-30,USD,5517000,4448000,1238000,5517000,1069000,691000,0,0,1069000,0,4448000,None,1069000,1176000,4438000,None,None,None,0,0,0,-2602000,-447000,0,3671000,691000,None,USD,580148000,104000,None,1574000,519613000,60535000,0,456298000,52000,6245000,4424000,0,105699000,23872000,456298000,58891000,58891000,-502000,2669000,467886000,4566000,60431000,2992000,444014000,58891000,902000,456298000,0,0,52000,0,6245000,0,None,104923000,None,112262000,None,None,63315000,63315000,None,None,None,54740000,580148000,23872000,None,5232579,USD,-9108000,0,-10196000,-974000,8400000,12845000,-156000,376000,691000,4402000,1753000,None,1439000,1000,0,0,0,1062000,114000,None,None,4402000,8.84,9.46
