,fiscalDateEnding,reportedCurrency_x,totalRevenue,totalOperatingExpense,costOfRevenue,grossProfit,ebit,netIncome_x,researchAndDevelopment,effectOfAccountingCharges,incomeBeforeTax,minorityInterest,sellingGeneralAdministrative,otherNonOperatingIncome,operatingIncome,otherOperatingExpense,interestExpense,taxProvision,interestIncome,netInterestIncome,extraordinaryItems,nonRecurring,otherItems,incomeTaxExpense,totalOtherIncomeExpense,discontinuedOperations,netIncomeFromContinuingOperations,netIncomeApplicableToCommonShares,preferredStockAndOtherAdjustments,reportedCurrency_y,totalAssets,intangibleAssets,earningAssets,otherCurrentAssets,totalLiabilities,totalShareholderEquity,deferredLongTermLiabilities,otherCurrentLiabilities,commonStock,retainedEarnings,otherLiabilities,goodwill,otherAssets,cash,totalCurrentLiabilities,shortTermDebt,currentLongTermDebt,otherShareholderEquity,propertyPlantEquipment,totalCurrentAssets,longTermInvestments,netTangibleAssets,shortTermInvestments,netReceivables,longTermDebt,inventory,accountsPayable,totalPermanentEquity,additionalPaidInCapital,commonStockTotalEquity,preferredStockTotalEquity,retainedEarningsTotalEquity,treasuryStock,accumulatedAmortization,otherNonCurrrentAssets,deferredLongTermAssetCharges,totalNonCurrentAssets,capitalLeaseObligations,totalLongTermDebt,otherNonCurrentLiabilities,totalNonCurrentLiabilities,negativeGoodwill,warrants,preferredStockRedeemable,capitalSurplus,liabilitiesAndShareholderEquity,cashAndShortTermInvestments,accumulatedDepreciation,commonStockSharesOutstanding,reportedCurrency,investments,changeInLiabilities,cashflowFromInvestment,otherCashflowFromInvestment,netBorrowings,cashflowFromFinancing,otherCashflowFromFinancing,changeInOperatingActivities,netIncome_y,changeInCash,operatingCashflow,otherOperatingCashflow,depreciation,dividendPayout,stockSaleAndPurchase,changeInInventory,changeInAccountReceivables,changeInNetIncome,capitalExpenditures,changeInReceivables,changeInExchangeRate,changeInCashAndCashEquivalents,clossingVal,nextClossingVal
0,2020-08-31,USD,None,None,None,None,None,None,None,None,None,None,None,None,None,None,None,None,None,None,None,None,None,1467000,None,None,None,7467000,None,USD,None,None,None,None,None,None,None,None,60010000,92557000,49788000,None,14051000,None,None,None,None,-4240000,66059000,None,None,175104000,None,None,None,None,None,None,None,None,None,None,None,None,None,None,None,None,None,None,None,None,None,None,None,None,None,None,None,USD,None,0,-3561000,None,-210000,None,None,-4271000,None,None,8545000,None,None,None,None,None,None,1012000,0,None,None,None,nan,
1,2020-05-31,USD,143644000,134095000,107883000,35761000,13344000,7467000,7532000,None,8934000,None,18680000,None,9549000,None,73000,1467000,85000,12000,None,None,None,-2176000,-627000,None,7467000,-1079000,None,USD,372651000,3354000,None,46913000,195671000,176980000,452000,50897000,60010000,85090000,43551000,7743000,14385000,40412000,145965000,None,None,-5277000,67484000,252002000,28797000,169237000,1230000,76644000,None,86803000,95068000,None,None,60010000,None,85090000,-7470000,None,3354000,None,13271000,2416000,None,49254000,49706000,None,None,None,44627000,372651000,41642000,None,None,USD,-3561000,3353000,-14305000,13820000,14991000,-210000,-2348000,-602000,7467000,4293000,8545000,None,4337000,0,-3307000,None,None,-769000,3155000,None,None,None,4.24,nan
2,2020-02-29,USD,127657000,33634000,103175000,24482000,-9250000,-12734000,8442000,None,-9237000,None,25192000,-98000,-9152000,None,-13000,-2176000,141000,88000,None,None,None,3497000,111000,None,-12734000,-12734000,None,USD,358725000,3817000,None,45173000,175750000,182975000,530000,49870000,59276000,88407000,27952000,7934000,13002000,40376000,139798000,None,None,-4641000,66368000,253036000,16218000,171224000,1727000,85554000,None,80206000,89928000,None,None,59276000,None,88407000,-4163000,None,105689000,11352000,105689000,2416000,None,35422000,35952000,None,None,None,44096000,358725000,42103000,None,45000000,USD,-14305000,-1453000,-2226000,23680000,-209000,9446000,-2339000,-158000,-1079000,36000,4618000,None,4521000,-2238000,-3307000,-916000,23225000,602000,4445000,None,None,None,4.92,4.24
3,2019-11-30,USD,127657000,136809000,103175000,24482000,-4679000,-12734000,8442000,None,-9237000,None,25192000,None,-9152000,None,13000,3497000,246000,246000,None,None,None,-2833000,-331000,None,-12734000,7274000,None,USD,358725000,3817000,None,1919000,175750000,182975000,None,61203000,59276000,88407000,27992000,7934000,12948000,40316000,139798000,None,None,-4692000,67163000,253036000,14568000,185833000,1727000,80143000,None,80206000,44846000,None,None,None,None,None,-3516000,None,107747000,None,105689000,None,None,24170000,35952000,None,None,None,43546000,None,32883000,None,45000000,USD,-2226000,-13851000,3988000,22028000,-710000,-3112000,-2130000,5365000,-12734000,11052000,16462000,None,4473000,-2256000,-647000,-916000,23225000,156000,3878000,None,None,None,6.16,4.92
4,2019-08-31,USD,180256000,37890000,134751000,45505000,8077000,7030000,10500000,None,8042000,None,27390000,462000,7615000,None,35000,-2833000,162000,131000,None,None,None,1012000,-514000,None,7030000,7030000,None,USD,381829000,4568000,None,54211000,189636000,192193000,544000,53421000,58478000,98373000,27833000,7940000,13352000,21101000,153693000,None,None,-4841000,66707000,273901000,17524000,179685000,11878000,101253000,None,85458000,100272000,None,None,58478000,None,98373000,-3021000,None,107928000,11189000,107928000,None,None,35399000,35943000,None,None,None,43204000,381829000,32979000,None,45000000,USD,14055000,18876000,8272000,73000,-1221000,-4658000,-1221000,-2804000,7030000,-14604000,-18218000,-30331000,4383000,-2250000,-1187000,6156000,-6505000,700000,5856000,None,None,-14604000,7.23,6.16
5,2019-05-31,USD,180256000,172641000,134751000,45505000,12460000,7030000,10500000,None,8042000,None,27390000,None,7615000,None,35000,1012000,269000,234000,None,None,None,None,193000,None,7030000,None,None,USD,381829000,4568000,None,None,189636000,192193000,None,None,None,98373000,None,7940000,None,20762000,153693000,None,None,None,None,273901000,15361000,None,11878000,96218000,None,85458000,57001000,None,None,None,None,None,None,None,None,None,107928000,None,None,24532000,35943000,None,None,None,None,None,None,None,None,USD,8272000,None,None,None,None,-4658000,None,None,7030000,-14641000,-18218000,None,4383000,-2250000,-1187000,-6763000,-30973000,None,5856000,None,None,None,6.21,7.23
6,2019-02-28,USD,127755000,34686000,103334000,24421000,-10611000,-10819000,8946000,None,-10685000,None,25740000,-346000,-10265000,None,74000,134000,318000,244000,None,None,None,134000,-664000,None,-10819000,-10819000,None,USD,349216000,4906000,None,43881000,161553000,187663000,533000,47178000,57699000,93593000,27481000,7889000,12382000,35742000,134072000,None,None,-4356000,65314000,253673000,6266000,179774000,26344000,68874000,None,78832000,86894000,None,None,57699000,None,93593000,-1834000,None,4906000,11168000,95543000,None,None,26948000,27481000,None,None,None,42561000,349216000,62086000,None,45000000,USD,10919000,5982000,8084000,352000,-10000,-3161000,-2256000,-2586000,-10819000,2282000,-2641000,4522000,4581000,-3151000,1318000,-6693000,12065000,-925000,3187000,None,None,2282000,8.12,6.21
7,2018-11-30,USD,115069000,32391000,90200000,24869000,-7397000,-3319000,8280000,None,-7442000,None,24111000,125000,-7522000,None,45000,-4123000,None,None,None,None,None,-4123000,-203000,None,-3319000,-3319000,None,USD,358752000,5429000,None,36001000,157601000,201151000,597000,48745000,57699000,107563000,28579000,7968000,8317000,33307000,129022000,1199000,None,-4226000,65765000,264604000,6669000,187754000,37596000,85513000,None,72187000,79078000,None,None,57699000,None,107563000,-1834000,None,94148000,8317000,94148000,None,None,27982000,28579000,None,None,None,41949000,358752000,70903000,None,45000000,USD,-5821000,-5040000,-9996000,73000,-9000,-1899000,-686000,-2284000,-3319000,-2265000,9630000,7732000,4754000,-3151000,1261000,-2608000,14454000,463000,4248000,None,None,-2265000,8.95,8.12
8,2018-08-31,USD,172692000,33738000,129935000,42757000,9141000,8606000,9039000,None,9139000,None,24699000,122000,9019000,None,2000,None,None,None,None,None,None,533000,120000,None,8606000,8606000,None,USD,373686000,6101000,None,38805000,168949000,204737000,611000,47198000,55608000,114033000,30883000,8053000,9287000,35583000,138066000,1106000,None,-4415000,69470000,275152000,6971000,190583000,31721000,99514000,0,69529000,89762000,0,0,55608000,0,114033000,-1834000,None,None,7939000,98534000,None,None,30272000,30883000,None,None,None,41345000,373686000,67304000,None,45000000,USD,-4798000,-6258000,-9828000,76000,27000,-3350000,-246000,-2008000,8606000,19639000,32817000,19576000,4812000,-3131000,0,9250000,18403000,-177000,5106000,None,None,19639000,8.11,8.95
9,2018-05-31,USD,154188000,34207000,115941000,38247000,4083000,4574000,9292000,None,4044000,None,24915000,43000,4040000,None,39000,None,None,None,None,None,None,-530000,4000,None,4574000,4574000,None,USD,376220000,6729000,None,48995000,176774000,199446000,604000,50629000,55608000,108559000,30360000,8115000,9490000,15941000,146414000,2453000,None,-3866000,67290000,279348000,6800000,184602000,27352000,108077000,0,78983000,93332000,0,0,55608000,0,108559000,-1834000,None,None,7938000,96872000,None,None,29756000,30360000,None,None,None,40979000,376220000,43293000,-171506000,45000000,USD,6769000,13343000,-102000,-2144000,-458000,-3522000,-3151000,5770000,4574000,-13884000,-10260000,-19944000,4488000,-3121000,57000,-4025000,-33984000,622000,4727000,None,None,-13884000,8.01,8.11
10,2018-02-28,USD,138177000,35217000,108325000,29852000,-5270000,-3810000,9236000,0,-5314000,0,25981000,95000,-5365000,0,44000,None,None,None,0,0,0,-1504000,51000,0,-3810000,-3810000,None,USD,358800000,3682000,None,9029000,161184000,197616000,8089000,27184000,54731000,107105000,29876000,8264000,9571000,29755000,131308000,1088000,1088000,-2714000,68059000,264133000,6732000,189352000,34522000,115492000,0,75335000,103036000,0,0,54731000,0,107105000,-1834000,None,3682000,7930000,94667000,None,None,21787000,29876000,None,None,None,40328000,358800000,64277000,None,45000000,USD,-11128000,8163000,-18318000,72000,-10000,-3118000,-311000,-598000,-3810000,-18028000,3408000,2159000,4449000,-3113000,5000,-4055000,1426000,610000,7262000,None,None,-18028000,8.91,8.01
11,2017-11-30,USD,130316000,31905000,101749000,28567000,-3667000,-6189000,8299000,0,-3707000,0,23606000,-329000,-3338000,0,40000,None,None,None,0,0,0,2482000,-369000,0,-6189000,-6189000,None,USD,356026000,4174000,None,7333000,151611000,204415000,7900000,24194000,54725000,114028000,29299000,8469000,27462000,49070000,121328000,1000000,1000000,-2175000,64295000,264269000,6836000,191772000,23937000,113478000,0,70451000,96134000,0,0,54725000,0,114028000,-1834000,None,None,7983000,91757000,None,None,22383000,30283000,None,None,None,39671000,356026000,73007000,-166117000,45000000,USD,-2682000,-14805000,-5705000,107000,-9000,-3120000,None,-74000,-6189000,8790000,17615000,15200000,4433000,-3114000,3000,8000,3549000,4171000,3130000,None,None,8790000,9.58,8.91
12,2017-08-31,USD,169309000,33166000,126705000,42604000,9502000,7132000,8948000,0,9455000,0,24218000,64000,9438000,0,47000,None,None,None,0,0,0,2323000,0,0,7132000,7132000,None,USD,379197000,4338000,None,7566000,168158000,211039000,7772000,28395000,53862000,123330000,28214000,8190000,30753000,39726000,139007000,913000,913000,-3353000,65219000,283225000,6938000,198511000,21787000,143710000,0,70436000,109699000,0,0,53862000,0,123330000,-1834000,None,None,11287000,95972000,None,None,21379000,29151000,None,None,None,39034000,379197000,61513000,-164549000,45000000,USD,3159000,5180000,1453000,1937000,-9000,-3123000,-311000,1875000,7132000,12581000,14251000,3090000,4442000,-3103000,300000,631000,0,-413000,3643000,None,None,12529000,9.63,9.58
13,2017-05-31,USD,172728000,32921000,128082000,44646000,12081000,8429000,9047000,0,11995000,0,23874000,356000,11725000,0,86000,None,None,None,0,0,0,3566000,0,0,8429000,8429000,None,USD,379896000,4778000,None,6857000,173497000,206399000,6279000,32141000,53561000,119302000,26861000,8271000,31675000,27090000,145722000,764000,764000,-3307000,65293000,282928000,7343000,193350000,25020000,149549000,0,74412000,112817000,0,0,53561000,0,119302000,-1834000,None,None,11283000,96968000,None,None,21496000,27775000,None,None,None,38677000,379896000,52110000,-161060000,44000000,USD,7036000,8919000,3007000,63000,-1018000,-3901000,-311000,5432000,8429000,-5807000,-4913000,-18586000,4460000,-3094000,211000,0,0,784000,4092000,None,52000,-5755000,9.93,9.63
14,2017-02-28,USD,143682000,32017000,109958000,33724000,1795000,909000,7939000,0,1739000,0,24078000,88000,1707000,0,56000,None,None,None,0,0,0,830000,-663000,0,909000,909000,None,USD,355433000,12517000,None,7553000,157147000,198286000,6270000,26635000,52530000,113967000,25716000,7812000,30959000,32839000,130595000,1409000,1409000,-4381000,66749000,257725000,7150000,190474000,32713000,118134000,0,66486000,102551000,0,0,52530000,0,113967000,-1834000,None,4705000,11292000,97708000,None,None,20282000,26552000,None,None,None,38004000,355433000,65552000,None,44000000,USD,-4727000,5298000,-6759000,-239000,-9000,-3094000,-261000,1190000,909000,-15843000,-5990000,-11014000,4621000,-3085000,0,3581000,-8921000,-506000,1793000,None,89000,-15754000,9.37,9.93
15,2016-11-30,USD,115719000,30250000,92403000,23316000,-7056000,-5127000,6973000,0,-7112000,0,23277000,-122000,-6934000,0,56000,None,None,None,0,0,0,-1985000,0,0,-5127000,-5127000,None,USD,348106000,5334000,None,5968000,148392000,199714000,6409000,26765000,52530000,116143000,27226000,7866000,29323000,48583000,120181000,453000,453000,-4419000,66951000,251832000,2876000,186514000,28034000,107325000,0,61922000,92963000,0,0,52530000,0,116143000,-1834000,None,3570000,9677000,96274000,None,None,21802000,28211000,None,None,None,37294000,348106000,76617000,-155096000,44000000,USD,-10249000,None,-13051000,-718000,-10000,-2901000,-48000,30385000,-5127000,14421000,30373000,30393000,4699000,-3084000,241000,4786000,7011000,408000,2084000,None,-89000,14332000,10.29,9.37
16,2016-08-31,USD,169992000,31642000,121042000,44308000,12986000,9021000,7126000,0,12910000,0,24516000,320000,12666000,0,76000,None,None,None,0,0,0,3889000,0,0,9021000,9021000,None,USD,357709000,5718000,None,7533000,151462000,206247000,6212000,26534000,51449000,120010000,27879000,7712000,28180000,34045000,122875000,442000,442000,-4343000,69138000,260391000,3202000,192817000,18109000,137072000,0,63632000,95899000,0,0,51449000,0,124353000,-1834000,None,2136000,9412000,97318000,None,None,22375000,28587000,None,None,None,36622000,357709000,52154000,-151671000,44000000,USD,2283000,2451000,-739000,-554000,-10000,-3194000,-213000,-7766000,9021000,4267000,8408000,-7766000,4642000,-3073000,102000,0,0,2511000,2468000,None,-208000,4267000,9.53,10.29
17,2016-05-31,USD,157146000,31085000,118079000,39067000,8093000,5539000,7043000,0,8051000,0,24042000,111000,7982000,0,42000,None,None,None,0,0,0,2512000,0,0,5539000,5539000,None,USD,366509000,7012000,None,5936000,166363000,200146000,6108000,32390000,51347000,118405000,27848000,7894000,30388000,29971000,137795000,191000,191000,-3831000,71042000,265079000,3543000,185240000,20200000,140379000,0,68593000,105214000,0,0,51347000,0,118405000,-1834000,None,2521000,9418000,101430000,None,None,22460000,28568000,None,None,None,36059000,366509000,50171000,-148282000,44000000,USD,4462000,9556000,2369000,64000,-900000,-7134000,None,-4291000,5539000,1833000,6598000,-4291000,4600000,-4409000,-1825000,0,0,750000,2157000,None,-383000,1450000,7.97,9.53
18,2016-02-29,USD,138463000,31631000,110487000,27976000,-2923000,-2930000,7085000,0,-2948000,0,24546000,732000,-3655000,0,25000,None,None,None,0,0,0,-18000,631000,0,-2930000,-2930000,None,USD,349948000,15837000,None,6468000,148881000,201067000,6357000,26724000,51347000,117276000,26610000,8116000,31554000,28526000,121517000,585000,585000,-2898000,73163000,245231000,6280000,192951000,24672000,115738000,0,69827000,94208000,0,0,51347000,0,117276000,-9000,None,7721000,9437000,104717000,None,None,21007000,27364000,None,None,None,35351000,349948000,53198000,None,44000000,USD,-220000,-22183000,-9530000,-5643000,-457000,-4856000,-1000,7722000,-2930000,-3304000,11082000,8295000,4381000,-4398000,0,-5100000,6640000,1336000,3667000,None,-45000,-3349000,7.07,7.97
19,2015-11-30,USD,123816000,27575000,101787000,22029000,-5309000,-1953000,5883000,0,-5422000,0,21692000,237000,-5546000,0,113000,None,None,None,0,0,0,-3469000,0,0,-1953000,-1953000,None,USD,348138000,1681000,None,5812000,142167000,205971000,6305000,25790000,50498000,124604000,24822000,5316000,14957000,31871000,115504000,469000,None,-3759000,73378000,259803000,5023000,198974000,24471000,128936000,0,68713000,89245000,0,0,50498000,0,124604000,-9000,None,2186000,751000,88335000,None,None,20358000,26663000,None,None,None,34637000,348138000,56342000,-164431000,44000000,USD,820000,None,-2319000,-241000,-5000,-4402000,1000,None,-1953000,4696000,11417000,8533000,4248000,-4398000,0,144000,8370000,589000,2898000,None,-479000,4217000,8.67,7.07
