,fiscalDateEnding,reportedCurrency_x,totalRevenue,totalOperatingExpense,costOfRevenue,grossProfit,ebit,netIncome_x,researchAndDevelopment,effectOfAccountingCharges,incomeBeforeTax,minorityInterest,sellingGeneralAdministrative,otherNonOperatingIncome,operatingIncome,otherOperatingExpense,interestExpense,taxProvision,interestIncome,netInterestIncome,extraordinaryItems,nonRecurring,otherItems,incomeTaxExpense,totalOtherIncomeExpense,discontinuedOperations,netIncomeFromContinuingOperations,netIncomeApplicableToCommonShares,preferredStockAndOtherAdjustments,reportedCurrency_y,totalAssets,intangibleAssets,earningAssets,otherCurrentAssets,totalLiabilities,totalShareholderEquity,deferredLongTermLiabilities,otherCurrentLiabilities,commonStock,retainedEarnings,otherLiabilities,goodwill,otherAssets,cash,totalCurrentLiabilities,shortTermDebt,currentLongTermDebt,otherShareholderEquity,propertyPlantEquipment,totalCurrentAssets,longTermInvestments,netTangibleAssets,shortTermInvestments,netReceivables,longTermDebt,inventory,accountsPayable,totalPermanentEquity,additionalPaidInCapital,commonStockTotalEquity,preferredStockTotalEquity,retainedEarningsTotalEquity,treasuryStock,accumulatedAmortization,otherNonCurrrentAssets,deferredLongTermAssetCharges,totalNonCurrentAssets,capitalLeaseObligations,totalLongTermDebt,otherNonCurrentLiabilities,totalNonCurrentLiabilities,negativeGoodwill,warrants,preferredStockRedeemable,capitalSurplus,liabilitiesAndShareholderEquity,cashAndShortTermInvestments,accumulatedDepreciation,commonStockSharesOutstanding,reportedCurrency,investments,changeInLiabilities,cashflowFromInvestment,otherCashflowFromInvestment,netBorrowings,cashflowFromFinancing,otherCashflowFromFinancing,changeInOperatingActivities,netIncome_y,changeInCash,operatingCashflow,otherOperatingCashflow,depreciation,dividendPayout,stockSaleAndPurchase,changeInInventory,changeInAccountReceivables,changeInNetIncome,capitalExpenditures,changeInReceivables,changeInExchangeRate,changeInCashAndCashEquivalents,clossingVal,nextClossingVal
0,2020-06-30,EUR,None,None,None,None,None,None,None,None,None,None,None,None,None,-1148000.0,None,None,None,None,None,None,None,1500.0,None,None,None,-43272000.0,None,EUR,None,None,None,None,None,None,None,None,5493000,-86544000,1204000,None,21100000,None,None,None,None,-556017000,40569000,None,None,224207000,None,None,None,None,None,None,None,None,None,None,None,None,None,None,None,None,None,None,None,None,None,None,None,None,None,None,None,EUR,None,767000,-657500,None,-802500,None,-242000,-5843500,None,None,-39717000,None,None,None,None,None,None,1493000,0.0,None,None,None,4.39,
1,2020-03-31,EUR,None,None,None,None,None,None,None,None,None,None,None,None,None,-1148000.0,None,None,None,None,None,None,None,1500.0,None,None,None,-43272000.0,None,EUR,None,None,None,None,None,None,None,None,5493000,-86544000,1204000,None,21100000,None,None,None,None,-556017000,40569000,None,None,224207000,None,None,None,None,None,None,None,None,None,None,None,None,None,None,None,None,None,None,None,None,None,None,None,None,None,None,None,EUR,None,767000,-657500,None,-802500,None,-242000,-5843500,None,None,-39717000,None,None,None,None,None,None,1493000,0.0,None,None,None,3.92,4.39
2,2019-12-31,EUR,0,40866000,0,0,-39626000,-42323000,27824000,0,-41853000,0,15341000,0,-40866000,-1738000.0,556000,471000,-431000,-987000,0,0,0,471000.0,-3095389.30,0,-42323000,-42323000.0,0,EUR,241476000,42000,None,-1000,69913000,171563000,0,18099000,4703000,-153587000,1545000,0,12175000,172027000,48068000,0,1087000,-405013000,42859000,182086000,1051000,171520000,0,0,721000,2038000,21368000,0,0,0,0,0,0,0,4315000,0,59390000,22861000,19579000,71000,21845000,0,0,0,725460000,0,172027000,0,0,EUR,-1416000,4028000,-1416000,-58000,-920000,120365000,-15139100,10551000,-42323000,98690000,-20258000,0,1671000,0,188010000,210000,30000,5170000,1372000.0,0,0,0,10.7,3.92
3,2019-09-30,EUR,0,31506000,0,0,-29907000,-31454000,21435000,0,-31386000,0,13414000,0,-31506000,-542000.0,-113000,66000,7000,120000,0,0,0,66000.0,279139.47,0,-31454000,-31454000.0,0,EUR,154289000,113548.29,None,-1000,68448000,85841000,0,16258000,3616000,-111264000,2707000,0,14501000,73010000,44368000,0,962000,-411590000,43260000,96480000,577000,85793000,0,37016734.83,862000,2247000,18197000,0,0,0,0,0,0,0,4227000,0,57809000,23789000,0,1045000,24080000,0,0,0,0,0,0,0,0,EUR,-1542000,-4919000,-1542000,0,-926000,-1283000,-329000,1916000,-31454000,-33916000,-31091000,0,1592000,0,0,-165000,0,1939000,1511000.0,0,0,0,8.6,10.7
4,2019-06-30,EUR,7062000,142921235.31,422000,6640000,-132913515.13,-79810000,86966468.40,0,-79802000,0,33246000,0,-79327000,-544500.0,-1618526.33,8000,-475000,None,0,0,0,4000.0,-794183.73,0,-133721102.80,-39905000.0,0,EUR,186662000,23000,None,3350.96,70335000,116327000,0,13238000,3616000,-79810000,2493000,0,6143000,107265000,45801000,0,825000,-412702000,42965000,137531000,555000,116304000,0,76097544.74,1003000,2082000,22308000,0,0,0,0,0,0,0,4225000,0,49131000,24200000,21038000,873000,24534000,0,0,0,605223000,0,107265000,0,0,EUR,26807.89,-2972500,-1050000,17000,-1153500,63710000,-274000,-1062000,-79810000,-15505000,-38585000,0,2437000,0,66565000,-864554.42,100529.60,4394000,2117000.0,0,0,0,8.22,8.6
5,2019-03-31,EUR,9386157.51,134044638.17,0,9386157.51,-124658480.62,-125415910.37,81565127.56,0,-125403338.95,0,54190799.05,0,-124658480.62,-544500.0,-1518002.41,None,None,None,0,0,0,4000.0,-744858.29,0,-125415910.37,-39905000.0,0,EUR,586652917.29,72285.85,None,3142.86,221053202.78,365599714.52,0,20494603.45,3616000,-79810000,2493000,0,6143000,337119098.54,143946225.08,0,1797717.11,-412702000,42965000,432240961.56,19309744.49,116304000,0,71371254.47,3152290.60,6543438.80,70110966.75,0,0,0,0,0,0,0,0,0,0,0,0,0,0,0,0,0,0,0,0,0,0,EUR,25142.88,-2972500,-1050000,0,-1153500,100115870.81,-274000,-1062000,-125415910.37,-24365038.10,-38585000,0,3829577.43,0,0,-810858.43,94285.85,4394000,3326719.51,0,0,0,7.71,8.22
6,2018-12-31,EUR,7254000,73982937.73,581000,6673000,-69951840.30,-94002000,41870741.79,0,-93987000,0,42465000,0,-92676000,-1442803.87,-996077.99,15000,-1311000,None,0,0,0,11319.06,-971176.04,0,-70934335.40,-94002000.0,0,EUR,171749000,29000,None,1000,50463000,121286000,0,11216441.80,3016000,-421022000,8514957.56,0,9105058.32,45534000,43543000,0,1812560.08,-384766815.04,20219000,145468000,999999999999999999.99,183002163.95,0,25454320.14,1928769.18,1566000,43113575.44,0,0,0,0,0,0,0,0,0,0,0,0,0,0,0,0,0,539292000,0,122770000,0,0,EUR,-2806374.27,4741934.88,-8641000,-3890000,-869304.43,130676000,-1944000,4102030.25,-166076000,-15111000,-136621000,0,2830000,0,132620000,-1181710.70,-24901.95,7367204.06,4751000.0,0,0,0,6.42,7.71
7,2018-09-30,USD,2553831.91,53455661.03,0,2553831.91,-50901829.13,-50435285.95,30039360.96,0,-50435285.95,0,24308867.79,0,-50901829.13,-892567.72,-89141,None,None,None,0,0,0,2264367.74,466543.18,0,-50435285.95,-50435285.95,0,USD,51853661504.80,8755546.89,None,301917.10,15235554911.30,36618106594.56,0,2243834969.24,910576731.13,-50140895657.32,1703406472.68,0,1821455377.30,37066148990.84,13146300608.10,0,362600349.57,-76972113875.30,6104426704.41,43919023878.79,999999999999999999.99,36609351046.64,0,5092104494.03,385847835.37,472799456.33,8624816144.66,0,0,0,0,0,0,0,0,0,0,0,0,0,0,0,0,0,0,0,0,0,0,USD,-4222042.14,-2168326,-8075943.51,-1157.68,-666821.02,172493.63,-11576.75,-2728640.89,-50435285.95,-55927297.99,-47372076.87,0,1036119.47,0,0,-1032646.45,-4981602.47,7956702.94,3828432.51,0,0,0,22.46,6.42
8,2018-06-30,USD,3400837.99,72819771.39,0,3400837.99,-42787476.72,-41942504.66,28503840.78,0,-41942504.66,0,18521880.82,0,-42787476.72,-837406.89,-209497.21,None,None,None,0,0,0,0.0,844972.07,0,-41942504.66,-41942504.66,0,USD,291282588.45,30260.71,None,13943787017.06,52777001.86,238505586.59,0,4135242.09,3492783.99,-83885009.31,10329376.16,0,2962057.73,235387569.83,40643621.97,0,2383612.66,-308043528.86,20272346.37,268017923.65,0,238475325.88,0,29330772.81,1804003.72,0,25138500.93,0,0,0,0,0,0,0,0,0,0,0,0,0,0,0,0,0,0,0,0,0,None,USD,-99511.17,1635824.02,-395135.01,0,-377094.97,76621275.61,-77979.52,-8449720.67,-41942504.66,37456354.75,-37924813.78,0,94273.74,0,0,-911312.85,734404.10,10002909.68,289804.47,0,0,0,19.29,22.46
9,2018-03-31,USD,3594538.07,90882003.05,0,3594538.07,-45224504.86,-44331406.08,30127321.93,0,-44331406.08,0,19576823.72,0,-45224504.86,-885102.72,-221429.45,None,None,None,0,0,0,0.0,893098.78,0,-44331406.08,-44331406.08,0,USD,307873047.12,31984.25,None,0,55782999.14,252090047.98,0,4370771.31,3691721,-88662812.15,10917702.05,0,3130766.39,248794439.66,42958543.49,0,2519375.08,-325588633.29,21426989.79,283283306.68,0,252058063.72,0,31001353.18,1906753.60,0,26570303.85,0,0,0,0,0,0,0,0,0,0,0,0,0,0,0,0,0,0,0,0,0,None,USD,-105178.99,1728994.96,-417640.55,0,-398573.01,80985361.05,-82420.96,-8930987.82,-44331406.08,39589740.44,-40084881.29,0,99643.25,0,0,-963218.11,776233.24,10572641.16,306310.74,0,0,0,23.07,19.29
10,2017-12-31,USD,5626000,116052000,0,8000000,-108052000,-110117000,66586000,0,-110116000,0,96606000,None,-108052000,-1762500.0,1843000,None,None,None,0,0,0,1000.0,-2064000,0,-110117000,-110117000.0,None,USD,213760000,148000,None,2469000,57567000,156193000,None,22314000,3004000,-147693000,14372000,None,3769000,165758000,43195000,2325000,2325000,-131592000,21408000,156865000,None,129800000,None,16932000,1825000,None,20366000,None,None,None,None,None,None,None,None,None,None,None,None,None,None,None,None,None,None,None,None,None,None,USD,-289000,4007000,-7834000,-706000,-578000,344000,318000,-4024000,-147693000,-118593000,-114314000,None,2926000,None,1004000,-1566000,4000,31141000,8712000.0,None,None,None,24.6,23.07
11,2017-09-30,USD,7090000,77297500,0,4800000,-72497500,-73846500,-34077000,0,-73846000,0,-75345500,None,-72497500,-1154500.0,-2867000,None,None,None,0,0,0,-2000.0,-1348500,0,-73846500,-73846500.0,None,USD,177807000,123000,None,-1000,47884000,129923000,None,4570000,2499000,-147693000,10129000,None,3011000,137880000,35930000,2325000,2325000,-131592000,17808000,156865000,None,129800000,None,16932000,1825000,None,16941000,None,None,None,None,None,None,None,None,None,None,None,None,None,None,None,None,None,None,None,None,None,None,USD,6000,860000,-1783500,None,-182000,7500,138200,1069500,-37576000,-30403000,-29415000,None,905000,None,54300,None,-630000,5956500,1742000.0,None,None,None,42.44,24.6
12,2017-06-30,USD,8691000,-77507000,0,-6398000,71109000,72541000,59923000,0,72540000,0,88589000,None,71109000,1218000.0,2154000,None,None,None,0,0,0,2000.0,1431000,0,72541000,72541000.0,None,USD,271479000,178000,None,3539000,52750000,218729000,None,19248000,2820000,-72541000,15656000,None,3592000,226718000,37094000,4465000,4465000,-144638000,17572000,219363000,None,191527000,None,17576000,3737000,None,17419000,None,None,None,None,None,None,None,None,None,None,None,None,None,None,None,None,None,None,None,None,None,None,USD,-150500,1841000,-2133500,None,-107000,309000,-5500,-3081500,-36270500,-28894000,-27742000,None,558000,None,257500,None,1441000,9614000,4293000.0,None,None,None,35.71,42.44
13,2017-03-31,USD,3199000,38753500,0,3199000,-35554500,-36270500,25761000,0,-36270000,0,13601500,None,-35554500,-609000.0,-944000,None,None,None,0,0,0,500.0,-715500,0,-36270500,-36270500.0,None,USD,237910000,156000,None,1000,46227000,191683000,None,3474000,2471000,-72541000,9983000,None,2991000,198685000,32507000,4465000,4465000,-144638000,15400000,219363000,None,191527000,None,17576000,3737000,None,15266000,None,None,None,None,None,None,None,None,None,None,None,None,None,None,None,None,None,None,None,None,None,None,USD,-150500,806500,-2133500,None,-107000,135500,-5500,-3081500,-36270500,-28894000,-27742000,None,558000,None,257500,None,631500,9614000,1881000.0,None,None,None,35.22,35.71
14,2016-12-31,USD,4345000,115697500,-275000,8259500,-107713000,-106987000,46893000,0,-81737000,0,71574000,None,-107713000,-932500.0,324000,None,None,None,0,0,0,250000.0,976000,0,-81987000,-81987000.0,None,USD,303370000,101000,None,2875000,47116000,256254000,None,15595000,2601000,-114531000,16513000,None,2998000,270630000,30603000,591000,591000,-50967000,13171000,272177000,None,242753000,None,12979000,4049000,None,14476000,None,None,None,None,None,None,None,None,None,None,None,None,None,None,None,None,None,None,None,None,None,None,USD,-93000,3846000,-8300000,-325000,-275000,1758000,556000,16633000,-114531000,-66908000,-59538000,None,1349000,None,2069000,-1566000,-1250000,34616000,8433000.0,None,None,None,35.13,35.22
15,2016-09-30,USD,5693500,34874500,275000,1271500,-33328000,-32544000,-14065500,0,-32794000,0,-46024500,None,-33328000,-620500.0,-330000,None,None,None,0,0,0,-802000.0,534000,0,-32544000,-32544000.0,None,USD,287500000,96000,None,None,44651000,242849000,None,3897000,2465000,-114531000,11600000,None,2745000,256473000,29002000,4640000,4640000,-50967000,12482000,272177000,None,242753000,None,12979000,4049000,None,13720000,None,None,None,None,None,None,None,None,None,None,None,None,None,None,None,None,None,None,None,None,None,None,USD,18000,572000,-1346500,None,-105500,294000,283050,3729500,-32544000,-16143500,-14707500,None,363000,None,143450,None,4383500,8788500,1368000.0,None,None,None,36.33,35.13
16,2016-06-30,USD,5240000,-54000000,0,-4000000,50000000,50000000,36286000,0,0,0,59024000,None,50000000,0.0,0,None,None,None,0,0,0,552000.0,0,0,0,0.0,None,USD,361918000,252000,None,1317000,41452000,320466000,None,12132000,2711000,-49000000,14397000,None,3265000,318561000,27055000,5000000,5000000,None,11368000,315000000,None,None,None,25000000,4000000,None,13807000,None,None,None,None,None,None,None,None,None,None,None,None,None,None,None,None,None,None,None,None,None,None,USD,None,2759000,-3000000,None,None,1189000,None,5000000,-25000000,-17000000,-15000000,None,None,None,None,None,-5000000,None,5798000.0,None,None,None,32.62,36.33
17,2016-03-31,USD,2000000,27000000,0,2000000,-25000000,-25000000,0,0,0,0,0,None,-25000000,0.0,0,None,None,None,0,0,0,0.0,0,0,0,0.0,None,USD,328000000,None,None,None,38000000,None,None,4000000,407000000,-49000000,None,None,None,289000000,25000000,5000000,5000000,None,None,315000000,None,None,None,25000000,4000000,None,13000000,None,None,None,None,None,None,None,None,None,None,None,None,None,None,None,None,None,None,None,None,None,None,USD,None,None,-3000000,None,None,1000000,None,5000000,-25000000,-17000000,-15000000,None,None,None,None,None,-5000000,None,3000000.0,None,None,None,32.55,32.62
18,2015-12-31,USD,3160000,51721000,35639000,5961000,-45555000,-44674000,23233000,0,-44674000,0,18453000,None,-45555000,-1553000.0,65000,None,None,None,0,0,0,0.0,881000,0,-44674000,-44674000.0,None,USD,372768000,102000,None,2009000,23025000,349743000,None,6080000,2629000,-44674000,5628000,None,3047000,351159000,17397000,149000,149000,-39581000,6061000,334893000,None,321982000,None,9662000,4693000,None,10896000,None,None,None,None,None,None,None,None,None,None,None,None,None,None,None,None,None,None,None,None,None,None,USD,-839000,8943000,-5347000,-1072000,673000,261717000,708000,-2498000,-44674000,208826000,-26763000,None,1073000,None,261108000,135000,136000,10840000,4734000.0,None,None,None,36.31,32.55
