,fiscalDateEnding,reportedCurrency_x,totalRevenue,totalOperatingExpense,costOfRevenue,grossProfit,ebit,netIncome_x,researchAndDevelopment,effectOfAccountingCharges,incomeBeforeTax,minorityInterest,sellingGeneralAdministrative,otherNonOperatingIncome,operatingIncome,otherOperatingExpense,interestExpense,taxProvision,interestIncome,netInterestIncome,extraordinaryItems,nonRecurring,otherItems,incomeTaxExpense,totalOtherIncomeExpense,discontinuedOperations,netIncomeFromContinuingOperations,netIncomeApplicableToCommonShares,preferredStockAndOtherAdjustments,reportedCurrency_y,totalAssets,intangibleAssets,earningAssets,otherCurrentAssets,totalLiabilities,totalShareholderEquity,deferredLongTermLiabilities,otherCurrentLiabilities,commonStock,retainedEarnings,otherLiabilities,goodwill,otherAssets,cash,totalCurrentLiabilities,shortTermDebt,currentLongTermDebt,otherShareholderEquity,propertyPlantEquipment,totalCurrentAssets,longTermInvestments,netTangibleAssets,shortTermInvestments,netReceivables,longTermDebt,inventory,accountsPayable,totalPermanentEquity,additionalPaidInCapital,commonStockTotalEquity,preferredStockTotalEquity,retainedEarningsTotalEquity,treasuryStock,accumulatedAmortization,otherNonCurrrentAssets,deferredLongTermAssetCharges,totalNonCurrentAssets,capitalLeaseObligations,totalLongTermDebt,otherNonCurrentLiabilities,totalNonCurrentLiabilities,negativeGoodwill,warrants,preferredStockRedeemable,capitalSurplus,liabilitiesAndShareholderEquity,cashAndShortTermInvestments,accumulatedDepreciation,commonStockSharesOutstanding,reportedCurrency,investments,changeInLiabilities,cashflowFromInvestment,otherCashflowFromInvestment,netBorrowings,cashflowFromFinancing,otherCashflowFromFinancing,changeInOperatingActivities,netIncome_y,changeInCash,operatingCashflow,otherOperatingCashflow,depreciation,dividendPayout,stockSaleAndPurchase,changeInInventory,changeInAccountReceivables,changeInNetIncome,capitalExpenditures,changeInReceivables,changeInExchangeRate,changeInCashAndCashEquivalents,clossingVal,nextClossingVal
0,2018-06-30,USD,111044000,75565000,68203000,110069000,41561000,24116000,0,None,25428000,1172000,39131000,12759000,28802000,42136000,16133000,None,None,None,None,None,None,140000,-10165000,None,25288000,24116000,None,USD,4083146000,23267000,None,16379000,2006962000,1980737000,0,35184000,941000,-1015254000,90308000,0,3964764000,35656000,502552000,324000000,1774756000,-5036000,3848562000,127677000,3944860000,1957470000,15813000,82726000,1450756000,0,141898000,2076184000,3000086000,941000,0,-1015254000,0,None,19904000,None,3964764000,None,1450756000,53654000,1504410000,None,None,None,3000086000,4083146000,35656000,None,None,USD,-105000,5422000,-102460000,1004000,23890000,-13004000,-2973000,None,24116000,27271000,27271000,None,41080000,-67700000,10963000,0,6619000,1983000,0,None,None,27271000,66.73,
1,2018-03-31,USD,110918000,75659000,68566000,109807000,67444000,48823000,0,None,51023000,2119000,34427000,33301000,34888000,41232000,16050000,None,None,None,None,371000,None,81000,15798000,None,50942000,48823000,None,USD,4055841000,24796000,None,3146000,1972819000,1987459000,0,35182000,941000,-1005434000,91691000,0,3892877000,80984000,431376000,264000000,1750926000,-7352000,3760286000,174049000,3858773000,1962663000,68613000,81980000,1486926000,0,130202000,2083022000,2999304000,941000,0,-1005434000,0,None,30958000,None,3889731000,None,1486926000,54517000,1541443000,None,None,None,2999304000,4055841000,80984000,None,None,USD,256000,-10601000,4513000,-1737000,28306000,2155000,-3335000,None,48823000,55691000,49023000,None,40492000,-33779000,10963000,0,-2385000,1869000,0,None,None,52811000,56.34,66.73
2,2017-12-31,USD,110038000,76420000,69860000,83219000,33610000,21120000,None,None,24335000,1095000,6843000,None,33335000,42766000,20024000,None,None,None,None,283000,None,2120000,-9275000,None,22215000,21120000,None,USD,4010672000,27049000,None,62681000,1961209000,1951561000,None,35070000,937000,-1022605000,88035000,None,3905263000,25290000,419166000,234000000,1722354000,-11893000,3717562000,172511000,3816842000,1924512000,14768000,80119000,1634107000,None,150220000,None,None,937000,None,-1022605000,None,None,25740000,None,3842582000,None,1488354000,53689000,1542043000,None,None,None,2985122000,4010672000,25290000,None,None,USD,-252000,-3525000,-112390000,-2654000,26332000,59879000,-2409000,None,21120000,-20416000,244674000,None,42087000,-114608000,36579000,None,6043000,-5394000,140439000,None,None,None,58.78,56.34
3,2017-09-30,USD,106161000,74771000,67633000,105180000,42946000,25781000,0,None,26924000,1199000,32344000,12537000,31390000,42427000,16022000,None,None,None,None,283000,None,-56000,-4467000,None,26980000,25781000,None,USD,3952003000,30275000,None,1521000,1930775000,1922429000,0,34481000,930000,-1009962000,90766000,0,3826804000,45715000,384173000,206000000,1696317000,-14985000,3695559000,129011000,3798057000,1892154000,32269000,79484000,1490317000,0,143692000,2021228000,2946446000,930000,0,-1009962000,0,None,27226000,None,3825283000,None,1490317000,56285000,1546602000,None,None,None,2946446000,3952003000,45715000,None,None,USD,31030000,8685000,-92850000,-888000,71359000,28236000,-4273000,None,25781000,-9726000,184343000,None,41689000,-85749000,60694000,0,-6450000,-24826000,0,None,None,None,57.92,58.78
4,2017-06-30,USD,107251000,74023000,67140000,104521000,61304000,41634000,0,None,43561000,1858000,32576000,30806000,32290000,41447000,16805000,None,None,None,None,938000,None,69000,0,None,43492000,41634000,None,USD,3866949000,0,None,6246000,1842590000,1924389000,0,34745000,930000,-1006485000,92224000,0,3732732000,55568000,293381000,133000000,1624730000,-16291000,0,140463000,3704962000,1891908000,38339000,78649000,1624730000,0,125636000,2024359000,2946235000,930000,0,-1006485000,0,None,21524000,None,3726486000,None,1491730000,57479000,1549209000,None,None,None,2946235000,3866949000,55568000,None,None,USD,-5121000,1104000,-91542000,0,-34816000,-10009000,-6153000,None,41634000,41552000,139464000,None,0,-56908000,60694000,0,0,-4352000,0,None,None,None,53.44,57.92
5,2017-03-31,USD,107407000,0,67833000,0,31162000,14959000,0,None,15923000,830000,7192000,None,32382000,41605000,19440000,None,None,None,None,283000,None,134000,0,None,14959000,14959000,None,USD,3824843000,0,None,2082000,1861654000,1861832000,0,29745000,918000,0,93377000,0,3729241000,12353000,0,141745000,141745000,-16166000,0,0,None,1861832000,1651000,81598000,1659369000,0,79163000,1963189000,2896351000,918000,0,0,0,None,None,None,None,None,None,None,None,None,None,None,None,None,None,None,None,USD,-3224000,-4703000,-65338000,0,30986000,9501000,-608000,None,14959000,-3639000,52198000,None,0,-28402000,10729000,0,0,-743000,0,None,None,None,48.12,53.44
6,2016-12-31,USD,103335000,73163000,65348000,102230000,35880000,19691000,None,None,20810000,1038000,32386000,7948000,29697000,41090000,16205000,None,None,None,None,None,None,81000,6813000,None,20729000,19691000,None,USD,3808142000,None,None,None,1843355000,1862049000,None,32884000,915000,-1005728000,90908000,None,3710621000,17632000,230603000,75000000,107884000,-17944000,3589700000,97521000,3685306000,1862049000,7346000,79889000,1511849000,None,122719000,None,None,915000,None,-1005728000,None,None,25315000,None,3710621000,None,1553928000,58824000,1612752000,None,None,None,2884806000,3808142000,17632000,None,None,USD,-2394000,6727000,-119976000,16497000,73280000,59796000,-486000,None,19691000,22781000,22781000,None,41090000,-104004000,20080000,None,3676000,2052000,134079000,None,None,22781000,47.88,48.12
7,2016-09-30,USD,101456000,69072000,64142000,100274000,31220000,15560000,0,None,16611000,829000,31239000,1182000,29944000,40273000,15773000,None,None,None,None,None,None,222000,0,None,15560000,15560000,None,USD,3724166000,0,None,10138000,1782693000,1837761000,0,31772000,909000,-997015000,93440000,0,3637873000,9490000,165386000,31772000,31772000,-27756000,0,96431000,3604491000,1837761000,2417000,76803000,1555639000,0,133614000,1941473000,2861623000,909000,0,-997015000,0,None,23244000,None,3627735000,None,1555639000,61668000,1617307000,None,None,None,2861623000,3724166000,9490000,None,None,USD,22123000,16560000,-164520000,0,-8692000,-5190000,-1664000,None,15560000,18115000,18115000,None,0,-77610000,81769000,0,0,1726000,0,None,None,18115000,48.55,47.88
8,2016-06-30,USD,96885000,71461000,63941000,95902000,37444000,21418000,0,None,22744000,1154000,31560000,13938000,25586000,39901000,15635000,None,None,None,None,None,None,172000,0,None,21418000,21418000,None,USD,3698106000,0,None,None,1779351000,1808247000,0,30890000,899000,-986185000,89676000,0,3542241000,83873000,287472000,133000000,163890000,-29172000,0,155865000,3527034000,1808247000,50470000,71992000,1566093000,0,123582000,1918755000,2822705000,899000,0,-986185000,0,None,15207000,None,3542241000,None,1433093000,58786000,1491879000,None,None,None,2822705000,3698106000,83873000,None,None,USD,-25275000,4765000,-84115000,0,-30134000,1978000,79000,None,21418000,68464000,19212000,None,0,-51497000,49223000,0,0,35188000,0,None,None,68464000,48.04,48.55
9,2016-03-31,USD,95769000,70982000,64720000,94370000,54000000,36391000,0,None,38462000,1955000,30912000,31496000,24787000,40070000,16422000,None,None,None,None,None,None,116000,0,None,36391000,36391000,None,USD,3680445000,0,None,None,1801307000,1765051000,0,27185000,886000,-981489000,81134000,0,3535506000,77828000,313781000,161000000,189882000,-27452000,0,144939000,3519999000,1765051000,63598000,67111000,1435274000,0,123899000,0,2773106000,886000,0,-981489000,0,None,15507000,None,3535506000,None,1435274000,52252000,1487526000,None,None,None,2773106000,3680445000,77828000,None,None,USD,-1802000,955000,-64011000,21166000,39825000,14759000,-275000,None,36391000,-4182000,45070000,-2477000,40070000,-25634000,2871000,0,0,-31824000,83375000,None,None,-4182000,39.47,48.04
10,2015-12-31,USD,90262000,72975000,63724000,89294000,80226000,38549000,None,None,66762000,2035000,32341000,63907000,16873000,38720000,13464000,None,None,None,None,1914000,None,24000,None,None,40584000,38549000,None,USD,3632355000,None,None,26199000,1763198000,1751984000,None,29663000,883000,-992010000,70200000,None,3522399000,49599000,235389000,70000000,None,-23082000,None,136155000,3480236000,1751984000,31187000,60357000,1556472000,None,135726000,None,None,883000,None,-992010000,None,None,15964000,None,3496200000,None,1486472000,41337000,1527809000,None,None,None,2766193000,3632355000,49599000,None,None,USD,-296000,-3021000,-43380000,76544000,31438000,1204000,-1989000,None,38549000,6629000,48805000,3877000,39134000,-28893000,648000,None,None,-31769000,119628000,None,None,6629000,37.37,39.47
11,2015-09-30,USD,92876000,70478000,62758000,88425000,22398000,8457000,0,None,9320000,622000,30676000,4451000,17947000,39431000,13078000,None,None,None,None,371000,None,241000,0,None,9079000,8457000,None,USD,3572211000,0,None,1046000,1721540000,1736431000,0,31311000,882000,-1004937000,71055000,0,3500076000,14788000,334851000,186000000,None,-24745000,0,73181000,3472306000,1736431000,3005000,57347000,1346945000,0,117540000,1850671000,1850671000,882000,1850671000,-1004937000,-1850671000,None,17623000,None,9101000,None,1346945000,39744000,1386689000,None,None,None,2765231000,3572211000,14788000,None,None,USD,8474000,11722000,-66922000,871000,35113000,4222000,-181000,None,8457000,-11131000,51569000,-5658000,39431000,-30710000,105015000,0,0,-3005000,76267000,None,None,-11131000,33.66,37.37
12,2015-06-30,USD,89563000,70234000,60378000,88538000,34261000,18297000,0,None,20652000,4704000,31785000,15957000,19329000,38449000,13609000,None,None,None,None,None,None,278000,0,None,23001000,18297000,None,USD,3533061000,0,None,None,1662922000,1752003000,0,30584000,882000,-988679000,70777000,0,3449971000,28338000,273166000,149000000,None,-25428000,0,83090000,3429198000,1752003000,5424000,54752000,1349563000,0,93582000,1870139000,1870139000,882000,1870139000,-988679000,-1870139000,None,11127000,None,9646000,None,1349563000,40193000,1389756000,None,None,None,2765228000,3533061000,28338000,None,None,USD,-445000,3016000,-61922000,47945000,38141000,8135000,-2841000,None,23001000,12175000,65962000,16701000,38449000,-27165000,86928000,0,0,-15205000,109422000,None,None,12175000,31.44,33.66
13,2015-03-31,USD,89229000,70985000,63649000,88440000,18244000,28745000,0,None,4340000,1556000,31989000,789000,18244000,38996000,13904000,None,None,None,None,None,None,193000,0,None,30301000,28745000,None,USD,3506373000,0,None,None,1635141000,1756428000,0,28805000,882000,-982251000,70394000,0,3435028000,14341000,201399000,69000000,None,-26505000,0,71345000,3412118000,1756428000,3602000,57004000,1461153000,0,103594000,1871232000,1871232000,882000,1871232000,-982251000,-1871232000,None,15424000,None,7486000,None,1392153000,41589000,1433742000,None,None,None,2764302000,3506373000,14341000,None,None,USD,619000,-3332000,-46261000,84802000,29747000,3197000,-402000,None,28745000,-8892000,34172000,-6033000,38996000,-24673000,44251000,0,0,-25760000,131682000,None,None,-8892000,34.66,31.44
14,2014-12-31,USD,86167000,None,60054000,None,None,29637000,None,None,31199000,1661000,8020000,None,18093000,None,17899000,None,None,None,None,None,None,40000,None,None,None,29498000,None,USD,3451534000,None,None,None,1586118000,1749832000,None,30539000,880000,-986289000,66657000,None,3373941000,23410000,177055000,37000000,None,-27190000,None,77593000,3351263000,1749832000,3779000,54183000,1409045000,None,109516000,None,None,880000,None,-986289000,None,None,14652000,None,8026000,None,1372045000,37018000,1409063000,None,None,None,2762431000,3451534000,23410000,None,None,USD,None,None,None,6954000,None,77038000,None,None,29637000,None,169994000,None,None,-92200000,None,None,None,None,0,None,None,None,35.66,34.66
15,2014-09-30,USD,87076000,None,61702000,0,None,12409000,0,None,12785000,787000,6727000,None,18647000,None,18238000,None,None,None,None,None,None,0,0,None,None,12071000,None,USD,3439133000,0,None,None,1715575000,1606886000,0,24807000,3351000,0,64416000,0,3358293000,26326000,0,None,None,None,0,0,None,None,3526000,None,1540856000,0,85496000,1723558000,1723558000,1723558000,1723558000,1723558000,-1723558000,None,None,None,None,None,None,None,None,None,None,None,None,None,None,None,None,USD,None,None,-242940000,6574000,None,107931000,None,None,12409000,None,129109000,None,0,-68705000,104733000,0,0,None,0,None,None,None,7.51,35.66
16,2014-06-30,USD,84284000,-67948000,-9433000,92735000,16359000,6801000,0,None,32541000,-469000,-7498000,697000,15996000,-37270000,-16182000,None,None,None,None,-376000,None,0,0,5215000,1683000,6801000,None,USD,3341976000,85699000,None,43725000,1627263000,1598509000,0,24648000,3328000,980153000,60752000,0,3258748000,20335000,158630000,73000000,None,-29078000,905871000,117103000,3192212000,1512810000,9850000,53043000,1122512000,0,61623000,1667192000,1667192000,3328000,1667192000,980153000,-1667192000,None,13667000,None,9144000,None,1122512000,10877000,1133389000,None,None,None,2604412000,3341976000,20335000,None,None,USD,None,None,-153494000,0,None,62359000,None,None,6801000,7270000,7270000,None,0,-48085000,75920000,0,0,None,0,None,None,7270000,8.21,7.51
17,2014-03-31,USD,87024000,-73225000,-12402000,95021000,13771000,317000,0,None,29827000,-151000,-6834000,3613000,10158000,-36433000,-16056000,None,None,None,None,-4359000,None,57000,0,9000,459000,308000,None,USD,3267003000,83704000,None,22869000,1578864000,1568695000,0,24265000,3270000,963617000,56718000,0,3196893000,17025000,120272000,34000000,None,-29688000,892927000,90490000,3148460000,1484991000,2489000,50596000,1122459000,0,61640000,1667192000,1667192000,3270000,1667192000,963617000,-1667192000,None,15860000,None,9704000,None,1122459000,6257000,1128716000,None,None,None,2558730000,3267003000,17025000,None,None,USD,None,None,-11101000,6920000,None,8535000,None,None,468000,468000,468000,None,0,-22440000,27942000,0,0,None,0,None,None,468000,7.88,8.21
18,2013-12-31,USD,67807000,57828000,56102000,67807000,10663000,13939000,None,None,-5403000,1013000,26963000,684000,9979000,30865000,16066000,None,None,None,None,None,None,None,None,20003000,-5051000,13939000,None,USD,3265963000,None,None,8196000,1598771000,1543806000,None,28820000,3203000,-941019000,58531000,None,3174869000,44847000,154893000,39000000,None,-30402000,None,99290000,3141877000,1543806000,12621000,46247000,1122407000,None,87073000,None,None,3203000,None,-941019000,None,None,14545000,None,10251000,None,1122407000,321471000,1443878000,None,None,None,2512024000,3265963000,44847000,None,None,USD,-456000,7934000,-46493000,142777000,14471000,9444000,-6152000,None,13939000,12864000,49913000,19257000,35527000,-24213000,25338000,None,None,-27757000,188814000,None,None,12864000,7.13,7.88
19,2013-09-30,USD,74572000,58703000,52655000,74352000,16408000,-10157000,0,None,1267000,-626000,26007000,759000,15797000,32696000,15141000,None,None,None,None,None,None,0,0,-12192000,1409000,-10157000,None,USD,3233606000,0,None,122197000,1585238000,1519262000,0,23556000,3159000,-932504000,51620000,0,3163334000,23708000,168912000,52000000,None,-31537000,0,192469000,3010121000,1519262000,4346000,46564000,1075000000,0,91890000,1473559000,1473559000,3159000,1473559000,-932504000,-1473559000,None,22556000,None,8460000,None,1075000000,341326000,1416326000,None,None,None,2480144000,3233606000,23708000,None,None,USD,-234000,8393000,-111527000,-5385000,-67277000,68812000,None,None,-10783000,9739000,41998000,-8946000,34732000,-22203000,158292000,0,0,18602000,95452000,None,None,9739000,7.19,7.13
