,fiscalDateEnding,reportedCurrency_x,totalRevenue,totalOperatingExpense,costOfRevenue,grossProfit,ebit,netIncome_x,researchAndDevelopment,effectOfAccountingCharges,incomeBeforeTax,minorityInterest,sellingGeneralAdministrative,otherNonOperatingIncome,operatingIncome,otherOperatingExpense,interestExpense,taxProvision,interestIncome,netInterestIncome,extraordinaryItems,nonRecurring,otherItems,incomeTaxExpense,totalOtherIncomeExpense,discontinuedOperations,netIncomeFromContinuingOperations,netIncomeApplicableToCommonShares,preferredStockAndOtherAdjustments,reportedCurrency_y,totalAssets,intangibleAssets,earningAssets,otherCurrentAssets,totalLiabilities,totalShareholderEquity,deferredLongTermLiabilities,otherCurrentLiabilities,commonStock,retainedEarnings,otherLiabilities,goodwill,otherAssets,cash,totalCurrentLiabilities,shortTermDebt,currentLongTermDebt,otherShareholderEquity,propertyPlantEquipment,totalCurrentAssets,longTermInvestments,netTangibleAssets,shortTermInvestments,netReceivables,longTermDebt,inventory,accountsPayable,totalPermanentEquity,additionalPaidInCapital,commonStockTotalEquity,preferredStockTotalEquity,retainedEarningsTotalEquity,treasuryStock,accumulatedAmortization,otherNonCurrrentAssets,deferredLongTermAssetCharges,totalNonCurrentAssets,capitalLeaseObligations,totalLongTermDebt,otherNonCurrentLiabilities,totalNonCurrentLiabilities,negativeGoodwill,warrants,preferredStockRedeemable,capitalSurplus,liabilitiesAndShareholderEquity,cashAndShortTermInvestments,accumulatedDepreciation,commonStockSharesOutstanding,reportedCurrency,investments,changeInLiabilities,cashflowFromInvestment,otherCashflowFromInvestment,netBorrowings,cashflowFromFinancing,otherCashflowFromFinancing,changeInOperatingActivities,netIncome_y,changeInCash,operatingCashflow,otherOperatingCashflow,depreciation,dividendPayout,stockSaleAndPurchase,changeInInventory,changeInAccountReceivables,changeInNetIncome,capitalExpenditures,changeInReceivables,changeInExchangeRate,changeInCashAndCashEquivalents,clossingVal,nextClossingVal
0,2020-06-30,USD,379000,4648000,168000,211000,-4016000,-4275000,2223000,None,-4275000,None,2257000,None,-4269000,None,52000,None,None,-52000,None,None,None,None,46000,None,-4275000,-4330000,None,USD,20443000,None,None,None,12741000,7702000,None,None,35000,-383307000,2613000,None,None,16011000,8111000,None,None,92000,1389000,19054000,None,7702000,None,147000,2000000,723000,2174000,None,None,None,None,None,None,None,None,None,1389000,525000,None,None,4630000,None,None,None,None,None,None,None,None,USD,-41000,-4918000,-41000,None,-12000,19366000,None,496000,-4275000,11471000,-7853000,None,207000,None,None,66000,-77000,648000,41000,None,None,None,10.25,
1,2020-03-31,USD,294000,5368000,78000,216000,-7585000,-7861000,2974000,None,-7861000,None,2316000,-2731000,-5074000,None,56000,None,-2888000,-56000,None,None,None,None,-2731000,None,-7861000,-7861000,None,USD,9777000,None,None,2642000,17782000,-8005000,2672000,622000,1000,-379032000,2672000,None,None,4540000,13043000,None,None,93000,1555000,8222000,None,-8005000,None,69000,2000000,790000,4997000,None,None,1000,None,-379032000,None,None,688000,None,1555000,689000,2000000,67000,4739000,None,None,None,370933000,9777000,4721000,None,72773,USD,-180000,713000,-180000,None,-11000,-117000,-106000,-1041000,-7861000,-5462000,-5229000,-1005000,220000,None,-106000,-136000,-48000,2924000,180000,-48000,None,-5526000,10.0,10.25
2,2019-12-31,USD,517000,5055000,279000,238000,12589000,12492000,2701000,None,12492000,None,2075000,17037000,-4538000,None,11000,None,17032000,-11000,None,None,None,None,17041000,None,12492000,12492000,None,USD,14212000,None,None,1759000,20569000,-6357000,2860000,3368000,1000,-371171000,2860000,None,None,10002000,15512000,3368000,None,28000,1595000,12617000,None,-6357000,None,21000,2000000,654000,4533000,None,None,1000,None,-371171000,None,None,860000,None,1595000,861000,2000000,197000,5057000,None,None,None,364785000,14212000,10183000,None,67091,USD,-22000,-621000,-22000,None,10000,-25000,-106000,-462000,12492000,-5332000,-5368000,-453000,86000,None,150000,119000,-67000,-16915000,22000,-67000,None,-5415000,21.25,10.0
3,2019-09-30,USD,380000,5952000,172000,208000,-5819000,-7519000,1778000,None,-7519000,None,4002000,-1276000,-5572000,None,671000,None,-1951000,-671000,None,None,None,None,-1276000,None,-7519000,-7519000,None,USD,18895000,None,None,864000,37720000,-18825000,2890000,20410000,183000,-383664000,2890000,None,None,15334000,32474000,20410000,None,89000,1768000,17127000,None,-18825000,None,12000,2000000,736000,4871000,None,None,183000,None,-383664000,None,None,1012000,None,1768000,1012000,2000000,356000,5246000,None,None,None,364567000,18895000,15515000,None,18277807,USD,0,-8236000,-22000,None,-49000,26461000,-106000,-1260000,-7519000,14101000,-12360000,2962000,1029000,None,150000,-58000,160000,2500000,2000,160000,None,14101000,0.1,21.25
4,2019-06-30,USD,412000,4539000,172000,240000,-3513000,-5959000,1714000,None,-5959000,None,2653000,5000,-4127000,None,1837000,None,-1833000,-1837000,None,None,None,None,5000,None,-5959000,-5959000,None,USD,5636000,None,None,664000,35365000,-29729000,3143000,9000,183000,-357907000,3265000,None,None,352000,31252000,10370000,10361000,-23000,805000,2945000,None,-29729000,None,180000,None,687000,10713000,None,None,183000,None,-357907000,None,None,1886000,None,2691000,1898000,None,122000,4113000,None,None,None,328018000,5636000,1414000,None,18277807,USD,0,883000,-22000,None,3319000,3319000,-106000,-242000,-5959000,88000,-3192000,311000,609000,None,150000,82000,-119000,264000,2000,-119000,None,127000,0.12,0.1
5,2019-03-31,USD,270000,5847000,96000,174000,-5664000,-7893000,3298000,None,-7893000,None,2549000,9000,-5673000,None,2229000,None,-2222000,-2229000,None,None,None,None,9000,None,-7893000,-7893000,None,USD,6164000,None,None,1003000,29941000,-23777000,3223000,1024000,144000,-351947000,3389000,None,None,1326000,25435000,5783000,5757000,57000,861000,3166000,None,-23777000,None,62000,1117000,775000,18628000,None,None,144000,None,-351947000,None,None,2137000,None,2998000,None,None,1283000,4506000,None,None,None,327969000,6164000,1326000,None,14434454,USD,-2000,2440000,-2000,None,400000,550000,None,-570000,-7893000,-2222000,-2770000,-174000,2225000,None,150000,61000,523000,48000,2000,523000,None,-2222000,0.2399,0.12
6,2018-12-31,USD,1023000,8706000,409000,614000,-6313000,-10869000,5764000,None,-10869000,None,2533000,1369000,-7683000,None,4558000,None,None,None,None,None,None,None,-3186000,None,-10869000,-10869000,None,USD,6844000,None,None,898000,21783000,-14939000,3405000,217000,103000,-344054000,4033000,None,None,3578000,17750000,2071000,None,50000,925000,5919000,None,-14939000,None,585000,None,858000,15679000,None,None,103000,None,-344054000,None,None,None,None,925000,None,None,628000,4033000,None,None,None,328962000,6844000,3578000,None,10229954,USD,None,2594000,-17000,None,-4933000,-4288000,None,-296000,-10869000,-6397000,-1838000,3115000,4293000,None,8232000,96000,-233000,-833000,17000,-233000,None,-6143000,0.2801,0.2399
7,2018-09-30,USD,824000,6385000,233000,591000,-4606000,-8880000,4106000,None,-7757000,None,2279000,1188000,-5794000,None,3151000,None,None,None,None,None,None,None,-3086000,None,-7757000,-8880000,None,USD,12832000,None,None,527000,17697000,-4865000,None,1664000,57000,-333185000,534000,None,None,9975000,17047000,4139000,2664000,105000,1012000,11820000,None,-4865000,1062000,364000,116000,954000,12908000,None,None,57000,None,-333185000,-51000,None,None,None,1012000,None,116000,534000,650000,None,None,None,328209000,12832000,9975000,None,5694436,USD,None,1772000,-20000,None,3292000,10879000,11797000,-52000,-8880000,7242000,-3617000,1056000,3249000,None,None,246000,103000,-1163000,20000,103000,None,7242000,1.84,0.2801
8,2018-06-30,USD,858000,6730000,220000,638000,-6410000,-6658000,4089000,None,-6658000,None,2641000,-318000,-6092000,None,248000,None,None,None,None,None,None,None,-566000,None,-6658000,-6658000,None,USD,5473000,None,None,382000,18563000,-13090000,None,7076000,9000,-324305000,439000,None,None,2345000,18097000,7270000,387000,-36000,1099000,4374000,None,-13090000,1062000,397000,27000,1250000,10827000,None,None,9000,None,-324305000,-51000,None,None,None,1099000,None,27000,439000,466000,None,None,None,311293000,5473000,2345000,None,932158,USD,None,3251000,-33000,None,2197000,2154000,25000,260000,-6660000,-713000,-2834000,48000,3180000,None,-43000,19000,-139000,-2533000,33000,-139000,None,-701000,2.78,1.84
9,2018-03-31,USD,702000,8058000,147000,555000,7189000,7187000,5692000,None,7187000,None,2366000,14692000,-7503000,None,2000,None,None,None,None,None,None,0,14690000,None,7187000,7187000,None,USD,6418000,None,None,554000,12620000,-6202000,None,4366000,9000,-317645000,345000,None,None,3116000,12275000,4169000,None,8000,1188000,5230000,None,-6202000,1087000,280000,None,1280000,8106000,None,None,9000,None,-317645000,-51000,None,None,None,1188000,None,None,345000,345000,None,None,None,311477000,6418000,3116000,None,896994,USD,None,778000,-6000,None,238000,4491000,238000,102000,7187000,-1958000,-6443000,148000,120000,None,4253000,24000,-24000,-14676000,6000,-24000,-12000,-1970000,0.0103,2.78
10,2017-12-31,USD,704000,5254000,175000,529000,9105000,-19246000,3377000,None,7726000,None,1877000,13830000,-4725000,None,1379000,None,None,None,None,None,None,0,-13142000,None,7726000,-19246000,None,USD,8887000,None,None,700000,8209000,678000,None,3968000,1141000,-324832000,395000,None,None,5324000,7814000,560000,None,42000,1298000,7589000,None,678000,1325000,317000,None,1248000,7254000,None,None,1141000,None,-324832000,-51000,None,None,None,1298000,None,None,395000,395000,None,None,None,324378000,8887000,5324000,None,114054851,USD,None,1332000,-152000,None,5219000,5251000,590000,-269000,-19244000,1360000,-3739000,26716000,1341000,None,-558000,-205000,108000,-13881000,152000,202000,144000,1504000,0.092,0.0103
11,2017-09-30,USD,684000,5139000,172000,512000,-4602000,-12596000,2279000,None,-9644000,None,2860000,25000,-4627000,None,5042000,None,None,None,None,None,None,0,-2927000,None,-9644000,-12596000,None,USD,14486000,None,None,914000,16336000,-1850000,None,494000,14000,-305587000,444000,None,None,10857000,15892000,9752000,9736000,-34000,1253000,13233000,None,-1850000,8362000,298000,None,1164000,5646000,None,None,14000,None,-305587000,-51000,None,None,None,1253000,None,None,444000,444000,None,None,None,303808000,14486000,10857000,None,1425862,USD,None,1089000,-96000,None,1947000,4225000,2360000,75000,-12597000,607000,-3522000,3012000,5109000,None,-82000,-130000,202000,-5000,96000,None,72000,679000,0.0718,0.092
12,2017-06-30,USD,584000,5050000,135000,449000,4973000,-1943000,2518000,None,-1943000,None,2532000,9574000,-4601000,None,6916000,None,None,None,None,None,None,0,9574000,None,-1943000,-1943000,None,USD,18603000,None,None,1270000,17736000,867000,32000,3622000,4245000,-292464000,526000,None,None,14677000,17210000,12641000,12598000,-49000,1232000,17371000,None,867000,12861000,384000,None,1040000,4569000,None,None,4245000,None,-292464000,-51000,None,None,None,1232000,None,None,494000,526000,None,None,None,289186000,18603000,14677000,None,424408256,USD,None,176000,-218000,None,-137000,-122000,7876000,84000,-1944000,-4660000,-4320000,87000,6967000,None,-7861000,-93000,202000,-9513000,218000,None,72000,-4588000,0.197,0.0718
13,2017-03-31,USD,743000,4736000,219000,524000,-2966000,-11332000,2321000,None,-11332000,None,2415000,1246000,-4212000,None,8366000,None,None,None,None,None,None,0,1246000,None,-11332000,-11332000,None,USD,31039000,None,None,1573000,31625000,-586000,30000,21061000,1186000,-290520000,575000,None,None,27141000,31050000,26803000,9290000,-63000,1066000,29973000,None,-586000,20737000,386000,None,873000,4247000,None,None,1186000,None,-290520000,-51000,None,None,None,1066000,None,None,545000,575000,None,None,None,288862000,31039000,27141000,None,118457971,USD,None,342000,-58000,None,6091000,6091000,6091000,117000,-11332000,2216000,-3817000,115000,8437000,None,15000,-115000,-94000,-1170000,58000,-94000,-221000,1995000,0.0877,0.197
14,2016-12-31,USD,676000,4882000,177000,499000,-13449000,-8486000,2473000,None,-8486000,None,2409000,-9066000,-4383000,None,7744000,None,None,None,None,None,None,0,-10687000,None,-8486000,-8486000,None,USD,35239000,None,None,1397000,36729000,-1490000,30000,22158000,41000,-279188000,634000,None,None,31696000,36095000,32094000,13343000,-41000,1083000,34156000,None,-1490000,27287000,403000,None,660000,4001000,None,None,41000,None,-279188000,-51000,None,None,None,1083000,None,None,604000,634000,None,None,None,277749000,35239000,31696000,None,4112417,USD,None,1164000,-13000,None,2790000,4469000,None,-350000,-8486000,840000,-3616000,-381000,7774000,None,1679000,-95000,-44000,-3548000,13000,-44000,-120000,720000,0.92,0.0877
15,2016-09-30,USD,435000,5047000,112000,323000,3958000,-1005000,2686000,None,-1005000,None,2361000,8682000,-4724000,None,4963000,None,None,None,None,None,None,None,None,None,-1005000,-1005000,None,USD,36980000,None,None,799000,32494000,4486000,31000,25203000,15000,-270703000,696000,None,6672000,27426000,25385000,22502000,None,-20000,1141000,29167000,None,4486000,23737000,342000,6413000,600000,2883000,None,None,15000,None,-270703000,-51000,None,6550000,None,122000,None,6413000,665000,7109000,None,None,None,275245000,36980000,27426000,None,1521933,USD,None,303000,-175000,-25000,-87000,-87000,None,None,-1005000,-3891000,-3629000,453000,5062000,None,None,176000,None,-8618000,150000,None,96000,-3795000,2.475,0.92
16,2016-06-30,USD,511000,4232000,150000,361000,-6667000,-6667000,1945000,None,-6667000,None,2287000,-2796000,-3871000,None,1604000,None,None,None,None,None,None,None,None,None,-6667000,-6667000,None,USD,41388000,None,None,1245000,35958000,5430000,19000,33216000,15000,-269698000,735000,None,13326000,24646000,33655000,31181000,None,-18000,1062000,27000000,None,5430000,17162000,363000,1568000,746000,2474000,None,None,15000,None,-269698000,-51000,None,13100000,None,226000,None,1568000,716000,2303000,None,None,None,275182000,41388000,24646000,None,1521906,USD,None,603000,-1142000,-1062000,2323000,2260000,None,None,-6667000,-2033000,-3151000,103000,1650000,None,-63000,85000,None,1253000,80000,-178000,-28000,-2061000,0.2501,2.475
17,2016-03-31,USD,370000,3721000,111000,259000,-1813000,-1813000,1344000,None,-1813000,None,2377000,1649000,-3462000,None,17000,None,None,None,None,None,None,None,None,None,-1813000,-1813000,None,USD,12527000,None,None,880000,4669000,7858000,None,3774000,247000,-263030000,767000,None,None,9545000,3902000,2051000,None,None,1070000,11457000,None,7858000,None,197000,None,835000,1851000,None,None,247000,None,-263030000,-51000,None,None,None,1070000,None,None,767000,767000,None,None,None,270692000,12527000,9545000,None,24118491,USD,None,-749000,-15000,None,None,767000,None,None,-1813000,-3065000,-3817000,84000,87000,None,767000,-71000,84000,-1439000,15000,84000,3000,-3062000,0.2875,0.2501
18,2015-12-31,USD,438000,4565000,102000,336000,-5095000,-5095000,2374000,None,-5095000,None,2191000,-866000,-4229000,None,None,None,None,None,None,None,None,None,None,None,-5095000,-5095000,None,USD,15733000,None,None,960000,7132000,8601000,None,6028000,223000,-261217000,820000,None,None,12607000,6312000,3785000,None,-8000,1132000,14601000,None,8601000,None,277000,None,757000,2527000,None,None,223000,None,-261217000,-51000,None,None,None,1132000,None,None,820000,820000,None,None,None,269654000,15733000,12607000,None,21763817,USD,None,244000,137000,178000,None,-19000,None,None,-5093000,-4114000,-4232000,-297000,113000,None,-19000,-358000,None,1076000,41000,83000,55000,-4059000,0.5,0.2875
19,2015-09-30,USD,399000,3959000,90000,309000,-2422000,-2422000,1683000,None,-2422000,None,2276000,1228000,-3650000,None,None,None,None,None,None,None,None,None,None,None,-2422000,-2422000,None,USD,19567000,None,None,665000,6052000,13515000,None,4957000,223000,-256125000,874000,None,None,16666000,5178000,2935000,None,8000,1402000,18165000,None,13515000,None,432000,None,402000,2243000,None,None,223000,None,-256125000,-51000,None,None,None,1402000,None,None,874000,874000,None,None,None,269460000,19567000,16666000,None,21763864,USD,None,-399000,-42000,None,None,6018000,None,None,-2422000,2745000,-3231000,431000,141000,None,6018000,-121000,None,-1011000,42000,150000,-132000,2613000,0.45,0.5
