,fiscalDateEnding,reportedCurrency_x,totalRevenue,totalOperatingExpense,costOfRevenue,grossProfit,ebit,netIncome_x,researchAndDevelopment,effectOfAccountingCharges,incomeBeforeTax,minorityInterest,sellingGeneralAdministrative,otherNonOperatingIncome,operatingIncome,otherOperatingExpense,interestExpense,taxProvision,interestIncome,netInterestIncome,extraordinaryItems,nonRecurring,otherItems,incomeTaxExpense,totalOtherIncomeExpense,discontinuedOperations,netIncomeFromContinuingOperations,netIncomeApplicableToCommonShares,preferredStockAndOtherAdjustments,reportedCurrency_y,totalAssets,intangibleAssets,earningAssets,otherCurrentAssets,totalLiabilities,totalShareholderEquity,deferredLongTermLiabilities,otherCurrentLiabilities,commonStock,retainedEarnings,otherLiabilities,goodwill,otherAssets,cash,totalCurrentLiabilities,shortTermDebt,currentLongTermDebt,otherShareholderEquity,propertyPlantEquipment,totalCurrentAssets,longTermInvestments,netTangibleAssets,shortTermInvestments,netReceivables,longTermDebt,inventory,accountsPayable,totalPermanentEquity,additionalPaidInCapital,commonStockTotalEquity,preferredStockTotalEquity,retainedEarningsTotalEquity,treasuryStock,accumulatedAmortization,otherNonCurrrentAssets,deferredLongTermAssetCharges,totalNonCurrentAssets,capitalLeaseObligations,totalLongTermDebt,otherNonCurrentLiabilities,totalNonCurrentLiabilities,negativeGoodwill,warrants,preferredStockRedeemable,capitalSurplus,liabilitiesAndShareholderEquity,cashAndShortTermInvestments,accumulatedDepreciation,commonStockSharesOutstanding,reportedCurrency,investments,changeInLiabilities,cashflowFromInvestment,otherCashflowFromInvestment,netBorrowings,cashflowFromFinancing,otherCashflowFromFinancing,changeInOperatingActivities,netIncome_y,changeInCash,operatingCashflow,otherOperatingCashflow,depreciation,dividendPayout,stockSaleAndPurchase,changeInInventory,changeInAccountReceivables,changeInNetIncome,capitalExpenditures,changeInReceivables,changeInExchangeRate,changeInCashAndCashEquivalents,clossingVal,nextClossingVal
0,2020-06-30,USD,12874000,12281000,894000,11980000,2189000,14274000,None,None,18594000,None,10732000,1596000,593000,-11325000,-84000,4320000,None,-84000,None,None,None,4320000,18085000,None,14274000,14274000,None,USD,197964000,None,None,700000,88106000,109858000,25886000,None,14000,108089000,26748000,None,12968000,9867000,29237000,131000,131000,None,10580000,174172000,None,109858000,153390000,10164000,1610000,51000,3458000,None,None,14000,None,108089000,None,None,13212000,None,23792000,None,1610000,31373000,58869000,None,None,None,1755000,197964000,163257000,-9956000,None,USD,0,397000,None,None,968000,968000,None,520000,14274000,4045000,3077000,107000,128000,None,None,2000,-3055000,57730000,0,3055000,None,4045000,270.0,
1,2020-03-31,USD,12356000,13454000,1538000,10818000,199000,-56326000,None,None,-77186000,None,10917000,1297000,-1098000,-9819000,-174000,-20860000,1297000,-174000,None,None,None,-20860000,-75914000,None,-56326000,-56326000,None,USD,174735000,None,None,2786000,79151000,95584000,21816000,None,14000,93815000,22372000,None,13472000,5822000,25599000,129000,129000,None,10708000,150173000,None,95584000,136901000,6817000,1644000,40000,3061000,None,None,14000,None,93815000,None,None,11661000,None,22369000,None,1644000,30092000,53552000,None,None,None,1755000,174735000,142723000,-9828000,1000000,USD,-71000,-796000,-71000,None,-31000,-31000,None,434000,-56326000,-1554000,-1452000,-165000,128000,None,None,9000,1185000,-77211000,71000,-1185000,None,-1554000,228.3,270.0
2,2019-12-31,USD,11677000,13195000,1248000,10429000,162000,14210000,None,None,19490000,None,11153000,1680000,-1518000,-9635000,-206000,5280000,1680000,-206000,None,None,None,5280000,21214000,None,14210000,14210000,None,USD,254859000,None,None,1148000,102949000,151910000,42611000,19675000,14000,150141000,43112000,None,13805000,7376000,28668000,128000,128000,None,10765000,229899000,None,151910000,214112000,7604000,1676000,49000,3857000,None,None,14000,None,150141000,None,None,13805000,None,24570000,None,1676000,29994000,74281000,None,None,None,1755000,254859000,221488000,None,1000000,USD,-97000,-663000,-97000,None,-31000,-31000,None,-745000,14210000,-3254000,-3126000,250000,128000,None,None,9000,-496000,19531000,97000,496000,None,-3254000,290.42,228.3
3,2019-09-30,USD,12997000,27153000,1418000,11579000,-12815000,-12524000,None,None,-13804000,None,10251000,1341000,-14156000,-9495000,-119000,-1280000,1341000,-212000,None,13400000,None,-1280000,-12836000,None,-12524000,-12524000,None,USD,237376000,None,None,14140000,99676000,137700000,37241000,20849000,14000,135931000,37806000,0,13632000,10630000,30668000,126000,126000,None,10796000,212948000,None,137700000,194581000,7189000,1709000,40000,4520000,None,None,14000,None,135931000,None,None,24428000,None,10796000,None,1709000,30058000,69008000,None,None,None,1755000,237376000,205211000,None,1000000,USD,-68000,219000,-68000,None,-31000,-31000,None,-64000,-12524000,2122000,2221000,274000,145000,None,None,-1000,1508000,30329000,68000,-1508000,None,2122000,247.56,290.42
4,2019-06-30,USD,14518000,13394000,848000,13670000,2492000,3823000,None,None,5443000,None,11660000,1368000,1124000,-12784000,-273000,1620000,1368000,-273000,None,None,None,1620000,4592000,None,3823000,3823000,None,USD,249755000,None,None,13634000,99531000,150224000,37566000,20976000,14000,148455000,37882000,13400000,12652000,8508000,30415000,125000,125000,None,10873000,212830000,None,150224000,195367000,8680000,1741000,41000,4301000,None,None,14000,None,148455000,None,None,12652000,None,23525000,None,1741000,29809000,69116000,None,None,None,1755000,249755000,203875000,None,1000000,USD,-13000,-270000,-13000,None,-30000,-30000,None,840000,3823000,2726000,2769000,-155000,140000,None,None,-2000,-1202000,3214000,13000,1202000,None,2726000,238.0,247.56
5,2019-03-31,USD,10712000,13383000,1430000,9282000,-1530000,5018000,None,None,6735000,None,10761000,1141000,-2671000,-8090000,-241000,1717000,9397000,-241000,None,None,None,1717000,9647000,None,5018000,5018000,None,USD,243463000,None,None,13789000,97062000,146401000,36606000,19941000,14000,144632000,36833000,13400000,13091000,5782000,28963000,123000,123000,None,11000000,205972000,None,146401000,192153000,7605000,1773000,43000,4571000,None,None,14000,None,144632000,None,None,13091000,None,24091000,None,1773000,29720000,68099000,None,None,None,1755000,243463000,197935000,None,1000000,USD,0,535000,-84000,None,-31000,-31000,None,626000,5018000,-909000,-878000,-102000,151000,None,None,-12000,-309000,8497000,84000,309000,None,-909000,214.1,238.0
6,2018-12-31,USD,10428000,12949000,8831000,1597000,-991000,-21533000,0,None,-29850000,None,11675000,1530000,-2521000,-9154000,-229000,-8317000,None,None,None,None,None,-8317000,-27329000,None,-21533000,-21533000,None,USD,235116000,None,None,491000,93733000,141383000,34174000,20013000,14000,139614000,34460000,13400000,12581000,6691000,27976000,123000,123000,None,11151000,197984000,None,127983000,183656000,7091000,1804000,55000,4036000,None,None,14000,None,139614000,None,None,12581000,None,37132000,None,1804000,29779000,65757000,None,None,None,1755000,235116000,190347000,None,1000000,USD,None,1216000,-84000,None,-29000,-29000,None,-567000,-21533000,-2610000,-2497000,-21000,153000,None,None,9000,-2230000,-28640000,84000,2230000,None,-2610000,234.0,214.1
7,2018-09-30,USD,-5692000,13639000,8796000,-5692000,-2447000,-5334000,0,0,-7214000,0,11600000,1086000,-3533000,-18319000,-216000,None,None,None,0,0,0,-1880000,-3681000,0,-5334000,-5334000,None,USD,263998000,13400000,None,23181000,101082000,162916000,42151000,19914000,14000,45361000,42497000,13400000,12150000,9301000,27257000,121000,121000,115786000,11220000,227228000,None,162916000,212296000,5073000,1835000,46000,2820000,0,0,14000,0,45361000,-4000,None,2881000,None,14101000,None,1835000,29839000,73825000,None,None,None,1755000,263998000,221597000,-9828000,1000000,USD,None,-796000,-13000,0,-29000,-29000,None,939000,-5334000,4327000,4369000,25000,656000,0,0,-7000,3509000,13975000,13000,-3509000,None,4327000,241.0,234.0
8,2018-06-30,USD,11007000,13716000,8661000,2346000,-1494000,-972000,0,0,-1682000,0,11613000,1215000,-2709000,-8904000,-197000,None,None,None,0,0,0,-710000,1027000,0,-972000,-972000,None,USD,258168000,499000,None,3341000,96801000,161367000,39683000,18104000,14000,50695000,40130000,13400000,10072000,4974000,25312000,119000,119000,108903000,11364000,222833000,None,147967000,207499000,9820000,1866000,53000,3616000,0,0,14000,0,50695000,0,None,7717000,None,32481000,None,1866000,29940000,71489000,None,None,None,1755000,258168000,212473000,-9721000,1000000,USD,None,718000,-124000,0,-29000,-29000,None,666000,-972000,-2250000,-2097000,-125000,905000,0,0,7000,-4073000,-145000,124000,4073000,None,-2250000,230.2,241.0
9,2018-03-31,USD,9338000,13711000,8746000,592000,-3349000,-232000,0,0,-332000,0,11577000,1024000,-4373000,-7204000,-173000,None,None,None,0,0,0,-100000,4041000,0,-232000,-232000,None,USD,266742000,1248000,None,1860000,96790000,169952000,42861000,16457000,14000,51667000,42996000,13400000,9921000,7224000,22405000,118000,118000,116516000,11395000,230778000,None,156552000,217803000,5093000,1896000,46000,2898000,0,0,14000,0,51667000,0,None,9921000,None,34716000,None,1896000,29628000,74385000,None,None,None,1755000,266742000,225027000,-9584000,1000000,USD,8125000,-53000,8084000,0,-29000,-29000,None,550000,-232000,4716000,-3339000,-29000,899000,0,0,6000,-47000,-234000,41000,47000,None,4716000,228.49,230.2
10,2017-12-31,USD,10252000,13697000,8409000,10252000,-1962000,14739000,0,0,-2111000,0,11228000,1483000,-3445000,2469000,-160000,None,None,None,0,0,0,-16850000,1334000,0,14739000,14739000,None,USD,289890000,1996000,None,10328000,103292000,186598000,48720000,17539000,14000,71889000,715000,13400000,25083000,2508000,23018000,117000,117000,112940000,11505000,253302000,None,171202000,244934000,5179000,1926000,40000,2951000,0,0,14000,0,71889000,0,None,None,None,26901000,None,1926000,29628000,80274000,None,None,None,1755000,289890000,247442000,-9433000,1000000,USD,8125000,-98000,-34000,0,-28000,-28000,None,-544000,14739000,-876000,-814000,-157000,1218000,0,0,-6000,1166000,-16778000,34000,-1166000,None,-876000,230.22,228.49
11,2017-09-30,USD,10914000,14329000,8099000,10914000,-2043000,-1075000,0,0,-2210000,0,11364000,1372000,-3415000,2965000,677000,None,None,None,0,0,0,-1135000,5099000,0,-1075000,-1075000,None,USD,280200000,16458000,None,3856000,120459000,159741000,759000,17798000,14000,57150000,894000,13400000,28819000,3384000,88116000,115000,115000,100822000,11627000,239754000,None,146341000,229265000,6267000,1956000,40000,3049000,0,0,14000,0,57150000,-4000,None,None,None,12361000,None,1956000,29628000,32343000,None,None,None,1755000,280200000,232649000,None,1000000,USD,-5013000,-2345000,-2000,0,-28000,-28000,None,-141000,-1075000,749000,779000,-150000,1379000,0,0,-7000,-651000,-1227000,2000,-1593000,None,749000,218.61,230.22
12,2017-06-30,USD,10201000,13834000,8350000,10201000,-2681000,-1351000,0,0,-2816000,0,11071000,952000,-3633000,2763000,-139000,None,None,None,0,0,0,-1465000,0,0,-1351000,-1351000,None,USD,261403000,4282000,None,933000,111988000,149415000,543000,17101000,14000,58225000,625000,13400000,28845000,2635000,79885000,114000,31592000,89421000,11783000,220775000,None,131733000,210553000,17768000,1985000,49000,2914000,0,0,14000,0,58225000,0,None,None,None,29465000,None,1985000,29575000,32103000,None,None,None,1755000,261403000,213188000,-9134000,1000000,USD,8125000,-244000,-57000,0,-28000,-28000,None,272000,-1351000,-1415000,-1330000,188000,1423000,0,0,-1000,942000,-1232000,57000,364000,None,-1415000,209.94,218.61
13,2017-03-31,USD,10279000,13545000,8327000,10279000,-1898000,2979000,0,0,-1261000,0,10839000,1368000,-3266000,2706000,-121000,None,None,None,0,0,0,-4240000,0,0,2979000,2979000,None,USD,255159000,18906000,None,6251000,108651000,146508000,143000,17029000,14000,59576000,215000,13400000,28677000,4050000,76929000,113000,113000,85163000,11924000,214558000,None,133108000,203778000,5935000,2014000,50000,3158000,0,0,14000,0,59576000,0,None,None,None,9771000,None,2014000,29565000,31722000,None,None,None,1755000,255159000,207828000,-9056000,1000000,USD,None,496000,-7000,0,-27000,-27000,None,-1713000,2979000,-823000,-789000,-50000,1389000,0,0,9000,578000,-1198000,7000,-313000,None,-823000,214.29,209.94
14,2016-12-31,USD,9990000,12843000,7850000,9990000,-1667000,-1471000,0,0,-1781000,0,10262000,1186000,-2853000,2581000,105000,None,None,None,0,0,0,-310000,0,0,-1471000,-1471000,None,USD,248761000,20129000,None,7524000,109870000,138891000,161000,18369000,14000,56597000,3642000,13400000,28630000,4873000,74692000,111000,111000,80525000,12084000,208047000,None,125491000,196486000,5843000,2043000,50000,2662000,0,0,14000,0,56597000,0,None,None,None,8501000,None,2043000,32974000,35178000,None,None,None,1755000,248761000,201359000,None,1000000,USD,-5013000,18000,-5200000,0,-27000,-27000,None,1009000,-1471000,-6538000,-1311000,-5000,1392000,0,0,9000,891000,-917000,187000,891000,None,-6538000,241.8,214.29
15,2016-09-30,USD,9017000,12337000,7077000,9017000,-2233000,-962000,0,0,-2372000,0,9544000,1087000,-3320000,2793000,102000,None,None,None,0,0,0,-1410000,3662000,0,-962000,-962000,None,USD,225446000,7953000,None,800000,100103000,125343000,149000,18022000,14000,58068000,3679000,13400000,28899000,11411000,64860000,110000,110000,65506000,12064000,184483000,None,103990000,166634000,5597000,2071000,41000,2644000,0,0,14000,0,58068000,-4000,None,None,None,7546000,None,2071000,33023000,35243000,None,None,None,1755000,225446000,178045000,-8849000,1000000,USD,6000,-15000,-103000,0,-27000,-27000,None,-325000,-962000,1049000,1179000,186000,1421000,0,0,-6000,966000,-1125000,109000,-1023000,None,1049000,219.0,241.8
16,2016-06-30,USD,10338000,12120000,7103000,10338000,-489000,-338000,0,0,-623000,0,9519000,1293000,-1782000,2601000,108000,None,None,None,0,0,0,-285000,0,0,-338000,-338000,None,USD,219922000,22613000,None,23227000,96756000,123166000,92000,16411000,14000,59030000,3652000,13400000,29135000,10362000,61512000,109000,109000,62367000,12116000,178671000,None,123166000,161250000,6398000,2099000,47000,2659000,0,0,14000,0,59030000,0,None,None,None,6522000,None,2099000,33053000,35244000,None,None,None,1755000,219922000,171612000,None,1000000,USD,6000,42000,-42000,108000,-26000,-26000,None,-417000,-338000,1134000,1202000,-50000,1445000,0,0,9000,57000,-14000,42000,-393000,None,1134000,236.99,219.0
17,2016-03-31,USD,11442000,12018000,7248000,11442000,271000,207000,0,0,152000,0,9558000,847000,-576000,2460000,94000,None,None,None,0,0,0,-55000,0,0,207000,207000,None,USD,221962000,23872000,None,24536000,97236000,124726000,234000,16420000,14000,59368000,3884000,13400000,30766000,9228000,61732000,107000,107000,63589000,12260000,178936000,None,124726000,162531000,13369000,2127000,38000,2617000,0,0,14000,0,59368000,0,None,None,None,12260000,None,2127000,33143000,35504000,None,None,None,1755000,221962000,171759000,None,1000000,USD,6000,41000,-87000,0,-26000,-26000,None,-147000,207000,345000,458000,-69000,1428000,0,0,-12000,0,-333000,87000,895000,None,345000,195.69,236.99
18,2015-12-31,USD,10815000,11777000,6865000,10815000,-43000,50000,0,0,-135000,0,9281000,919000,-962000,2496000,68000,None,None,None,0,0,0,-185000,0,0,50000,50000,None,USD,238496000,25131000,None,25864000,103919000,134577000,380000,16828000,14000,59161000,4014000,13400000,31586000,8883000,68258000,106000,None,73647000,12342000,194568000,None,134577000,178984000,5918000,2154000,50000,2576000,0,0,14000,0,59161000,0,None,None,None,6455000,None,2154000,33127000,35661000,None,None,None,1755000,238496000,187867000,-8473000,1000000,USD,-3838000,-1636000,-7379000,0,2260000,2260000,None,None,50000,-6734000,-1615000,49000,1415000,0,0,2000,445000,-165000,3541000,-445000,None,-6734000,202.0,195.69
19,2015-09-30,USD,10766000,11812000,6560000,10384000,-52000,-160000,0,0,-520000,0,9069000,1000000,-1052000,2743000,89000,None,None,None,0,0,0,-360000,3202000,0,-160000,-160000,None,USD,228196000,26390000,None,27074000,99596000,128600000,551000,18109000,14000,59111000,4222000,13400000,30411000,15617000,65881000,29493000,29493000,67720000,8957000,188828000,None,128600000,166041000,6438000,29493000,48000,47772000,0,0,14000,0,59111000,-4000,None,None,None,4021000,None,None,33164000,33715000,None,None,None,1755000,228196000,181658000,-8335000,1000000,USD,10977000,98000,-182000,50000,2181000,2181000,None,-537000,-160000,3044000,3226000,-15000,1438000,0,0,-15000,2893000,-914000,998000,-981000,None,3044000,186.2,202.0
