,fiscalDateEnding,reportedCurrency_x,totalRevenue,totalOperatingExpense,costOfRevenue,grossProfit,ebit,netIncome_x,researchAndDevelopment,effectOfAccountingCharges,incomeBeforeTax,minorityInterest,sellingGeneralAdministrative,otherNonOperatingIncome,operatingIncome,otherOperatingExpense,interestExpense,taxProvision,interestIncome,netInterestIncome,extraordinaryItems,nonRecurring,otherItems,incomeTaxExpense,totalOtherIncomeExpense,discontinuedOperations,netIncomeFromContinuingOperations,netIncomeApplicableToCommonShares,preferredStockAndOtherAdjustments,reportedCurrency_y,totalAssets,intangibleAssets,earningAssets,otherCurrentAssets,totalLiabilities,totalShareholderEquity,deferredLongTermLiabilities,otherCurrentLiabilities,commonStock,retainedEarnings,otherLiabilities,goodwill,otherAssets,cash,totalCurrentLiabilities,shortTermDebt,currentLongTermDebt,otherShareholderEquity,propertyPlantEquipment,totalCurrentAssets,longTermInvestments,netTangibleAssets,shortTermInvestments,netReceivables,longTermDebt,inventory,accountsPayable,totalPermanentEquity,additionalPaidInCapital,commonStockTotalEquity,preferredStockTotalEquity,retainedEarningsTotalEquity,treasuryStock,accumulatedAmortization,otherNonCurrrentAssets,deferredLongTermAssetCharges,totalNonCurrentAssets,capitalLeaseObligations,totalLongTermDebt,otherNonCurrentLiabilities,totalNonCurrentLiabilities,negativeGoodwill,warrants,preferredStockRedeemable,capitalSurplus,liabilitiesAndShareholderEquity,cashAndShortTermInvestments,accumulatedDepreciation,commonStockSharesOutstanding,reportedCurrency,investments,changeInLiabilities,cashflowFromInvestment,otherCashflowFromInvestment,netBorrowings,cashflowFromFinancing,otherCashflowFromFinancing,changeInOperatingActivities,netIncome_y,changeInCash,operatingCashflow,otherOperatingCashflow,depreciation,dividendPayout,stockSaleAndPurchase,changeInInventory,changeInAccountReceivables,changeInNetIncome,capitalExpenditures,changeInReceivables,changeInExchangeRate,changeInCashAndCashEquivalents,clossingVal,nextClossingVal
0,2020-06-30,USD,5194725,5373763,656849,4537876,-1388446,-2943601,None,None,-2943601,None,4220453,None,-179038,None,1058694,None,None,-1058694,None,None,None,None,-1705869,None,-2943601,-2943601,None,USD,49746571,7530549,None,187504,30207126,19539445,None,5330256,474142,-96902603,1955559,18072825,239746,12560206,18363819,None,5485470,None,7425192,15983684,220000,-6339504,None,2521885,4228654,None,966096,None,None,None,None,None,None,None,274575,None,33762887,7174552,None,570000,11843307,None,None,None,None,None,None,None,None,USD,252809,1232,252809,None,2674107,9358921,-959536,-7989,-2943601,10679462,1067732,None,496461,None,None,None,838119,3049605,0,None,None,None,0.87,
1,2020-03-31,USD,6633800,7504659,688977,5944823,3219132,2073847,None,None,2073847,None,6294679,None,-870859,None,624282,0,1169430,-624282,None,None,None,None,3568988,None,2073847,1704290,None,USD,41191552,7930627,None,540387,28575254,12616298,None,8141328,300562,-93959002,1283972,18072825,144632,1880744,17277722,1480740,3571798,None,7984035,6600156,220000,-13627431,None,3464936,4036583,None,809620,None,None,None,None,None,None,None,239277,None,34591396,7581241,4036580,570000,11297532,None,None,None,106273740,None,1880740,None,None,USD,-260532,193363,-260532,-250000,671693,296693,-375000,-112931,2073847,-315505,-351666,None,521003,None,-375000,None,28680,-3481449,10532,None,None,None,0.5355,0.87
2,2019-12-31,USD,6450931,7096675,1037097,5413834,330842,-73287,None,None,-491486,None,5558786,None,-645744,None,321536,-418199,236360,-321536,None,None,None,-418199,475794,None,-73287,-374979,None,USD,42571726,8361539,None,372872,32882911,9688815,None,8253212,268402,-96024243,1024144,17947989,502045,2196249,22490861,6119460,8860658,None,8472752,6864365,220000,-16824749,None,3581155,2981697,None,832089,None,None,None,None,None,None,None,203036,None,35707361,7996231,2981700,570000,10392050,None,None,None,105443660,None,2196250,None,21000000,USD,-842412,-121212,-842412,-794990,827530,2238335,-440908,2628,-73287,645523,-750400,None,500792,None,-413790,None,-267512,-878959,47423,None,None,None,0.7,0.5355
3,2019-09-30,USD,5948056,7360227,1540711,4407345,430690,-350831,None,None,-350831,None,5333551,None,-1412171,None,295556,0,352240,-295556,None,None,None,None,1356896,None,-350831,-350831,None,USD,37607630,7696885,None,576799,29890000,7717630,None,7339715,219624,-95649264,805646,15996977,502399,1550799,21590506,6119460,9127261,None,7101861,5865484,220000,-16201256,None,3023870,2224609,None,769608,None,None,None,None,None,None,None,224024,None,31742146,6674177,2224610,None,8299494,None,None,None,103146270,None,1550800,None,20000000,USD,-18141,118647,-18141,None,482740,-131803,-614543,76440,-350831,-1027472,-877528,None,485965,None,-1890500,None,-546114,-725769,18141,None,None,None,0.84,0.7
4,2019-06-30,USD,6273983,7476061,1279657,4994326,-112167,-891867,None,None,-891867,None,5717844,None,-1202078,None,301139,0,310210,-301139,None,None,None,None,611350,None,-891867,-891867,None,USD,39578509,8086773,None,614301,31088898,8489611,None,10140669,215918,-95298433,1137911,15996977,534735,2559367,22529372,5120720,7393138,None,7569098,6385887,220000,-16380178,None,2479299,1813570,None,769974,None,None,None,None,None,None,None,785039,None,33192622,7016165,1813570,None,8559526,None,None,None,103571130,None,2559370,None,19000000,USD,-18308,-358839,-18308,None,880743,-150290,-1031033,228158,-891867,-1057614,-889016,None,478561,None,-1275960,None,381258,-768175,18308,None,None,None,1.05,0.84
5,2019-03-31,USD,6328900,7142250,1126560,5202340,892220,122610,0,0,122610,0,5545860,None,-846450,0,287970,0,969060,-287970,0,0,0,271163,1235739,0,122608,122610,None,USD,41843250,9211610,None,1562580,31938160,9905090,None,10301006,216410,-94406570,1985324,16016900,495860,3616981,23417850,5130720,7770304,None,8015580,7883290,220000,-15324422,None,2703730,591120,None,701825,None,None,None,None,None,None,None,735585,None,33959959,7344127,591120,250000,8520311,None,None,None,104094250,None,3616980,None,19000000,USD,-19621,-145568,-19620,None,91405,-1516860,-1133260,-111350,122610,-1924740,-388260,None,481640,None,-475000,None,428334,-1194698,19620,None,None,None,1.65,1.05
6,2018-12-31,USD,5826720,7549780,777803,5048917,-1723060,-3578466,0,0,-4130249,0,6138594,None,-1723060,0,-239957,-551780,None,None,0,0,0,-551783,-2407189,0,-3578466,-3715825,None,USD,37989594,10119800,None,1230562,27213067,10775527,None,9176073,211849,-94529174,3286865,15922601,475956,5542272,21936919,3036828,3036828,None,1182520,10068717,220000,-15266874,None,3295883,1989283,None,944232,None,None,None,None,None,None,None,None,None,None,None,1989280,None,None,None,None,None,105092850,None,5542270,None,16000000,USD,None,261281,-614781,-1506350,-344564,-657062,-312498,-19553,-3578466,-1514970,-243127,None,633383,None,2939970,None,266635,2162824,19149,None,None,None,0.77,1.65
7,2018-09-30,USD,5720264,6059104,333041,5387223,-338840,180145,0,0,-639306,0,5126985,None,-338840,371181,-277122,None,None,None,0,459580,0,-819451,-300466,0,180145,159500,None,USD,40322728,10374803,None,1044917,25922640,14399088,0,6688752,209003,-90813349,4065148,16614335,475958,7112256,20511337,3381392,3381392,None,1067874,11569758,220000,-12590050,677000,3412585,1346155,0,877240,0,0,0,1000,0,0,None,None,None,None,None,1346160,None,None,None,None,None,105003430,None,7112260,None,15000000,USD,None,138360,-931404,0,1368506,7054928,-1062782,-66882,180145,5755742,-367782,None,599078,0,500000,0,-274286,-456534,20691,None,None,None,2.21,0.77
8,2018-06-30,USD,5219448,5150181,295765,4923683,69267,170474,0,0,398490,0,4479253,None,69267,-371181,-265992,None,None,None,0,-459580,0,228016,329223,0,170474,170474,None,USD,28637427,8784725,None,512329,23345573,5290854,0,5429699,166360,-91896248,4271530,12778860,445289,2033868,18999043,3437886,3437886,None,1020851,5387702,220000,-16272731,0,2841505,75000,0,733940,0,0,0,1000,0,0,None,None,None,None,None,None,None,None,None,None,None,None,None,None,None,14000000,USD,None,-600825,-29309,20000,-470000,-2460000,-1990000,80748,170474,-2504254,-14945,None,375162,0,500000,0,279745,-374110,29309,None,None,None,3.5,2.21
9,2018-03-31,USD,5784925,5883849,571336,5213589,-98924,832959,0,0,885563,0,4941332,None,-98924,371181,-267426,None,None,None,0,459580,0,52604,984487,0,832959,832959,None,USD,31792796,9134389,None,525155,26548110,5243686,0,7468723,168437,-92066721,4864629,12778860,445289,4538122,21208481,3748492,3748492,None,1063402,8150856,220000,-16669563,0,3087579,475000,0,928265,0,0,0,1000,0,0,None,None,None,None,None,None,None,None,None,None,None,None,None,None,None,13000000,USD,None,237759,-40504,-20000,-219339,-719386,-525000,-951584,832959,-758751,1139,None,371181,0,0,0,586789,-1225663,20504,None,None,None,3.52,3.5
10,2017-12-31,USD,7240000,8180892,6137000,5799078,-940365,-2662780,0,0,-2323913,0,1906000,None,-940365,-1263913,322000,None,None,None,0,2036507,0,339000,-1383548,0,-2662780,-2662780,None,USD,33597000,21286000,None,422000,27521000,6076000,0,11482000,158000,-92899680,6533000,12779000,23066000,5297000,20125000,4787220,4787220,None,1111000,9419609,220000,-16285893,0,3700618,675000,0,1097000,0,0,0,1000,0,0,None,None,None,None,None,None,None,None,None,None,None,None,None,None,None,11000000,USD,None,631000,851000,-20000,-1602619,1711119,-150000,1117513,-2662780,3339638,8360000,None,605795,0,500000,0,1344000,1604111,227000,None,None,None,3.6,3.52
11,2017-09-30,USD,6808000,-10516023,4231000,0,17902508,6172000,0,0,6172000,0,907000,None,1348000,5032477,424000,None,None,None,0,973730,0,0,4902702,0,24174312,6172000,None,USD,33762000,22962000,None,451000,31028000,2734000,0,9065000,141000,-99812204,10716000,14351000,26263000,1957000,19837000,5063846,5063846,None,1112000,8246973,None,-22667171,0,3978865,475000,0,1423000,-31867797,92829088,140506,1000,-90236900,0,None,None,None,None,None,None,None,None,None,None,None,None,None,None,None,10000000,USD,None,894000,912000,0,-2387490,14166361,-375000,1603849,6172000,885422,6671000,None,0,0,0,0,1311000,-6127269,167000,None,None,None,nan,3.6
12,2017-06-30,USD,7832000,7987405,6096000,0,-16397528,45033,0,0,-4962000,0,1587000,None,696992,-3768564,397000,None,None,None,0,-2116766,0,0,3672425,0,-16443549,-16443761,None,USD,35545000,23198000,None,512000,38570000,0,0,8119000,280000,-99812204,12112000,14337000,26896000,1072000,26058000,16711203,16711203,None,1072000,8246973,None,-28849607,0,5992899,400000,0,1627000,-31867797,93103658,280363,1000,-96409581,0,None,None,None,None,None,None,None,None,None,None,None,None,None,None,None,9000000,USD,None,1008000,1209000,0,2266651,4858676,-700000,-402410,1558185,486470,2726000,None,0,0,0,0,-870550,1232356,55000,None,None,None,nan,nan
13,2017-03-31,USD,533000,0,837000,0,5413925,4962000,0,0,4962000,0,562000,None,-985185,1254643,452000,None,None,None,0,912977,0,0,-2463663,0,4961788,4962000,None,USD,34279000,23106000,None,383000,35674000,0,0,7412000,271000,-99812204,11488000,13996000,28769000,585000,24186000,15469552,15469552,None,1119000,8246973,None,-24501479,0,3422863,0,0,1305000,-31867797,93183286,270988,1000,-94850416,0,None,None,None,None,None,None,None,None,None,None,None,None,None,None,None,9000000,USD,None,593000,1264000,0,-5627157,941795,-481546,2370814,4962000,-77203,3751000,None,0,0,1500000,0,1952000,-6823325,0,None,None,None,nan,nan
14,2016-12-31,USD,8224000,25022889,12154000,809384,-15627264,-37869200,0,0,-37189679,-2000,1055000,None,-16504442,20225,473000,None,None,None,0,2405754,0,0,-21562415,0,-37189679,-42436906,None,USD,14197000,4654013,None,605000,46065000,-31868797,0,19267000,216000,-99812204,6394000,0,5915000,663000,39671000,18743069,18743069,None,35000,8246973,None,-36522810,1250000,5729529,0,0,677000,-32863918,0,0,1000,0,0,None,None,None,None,None,None,None,None,None,None,None,None,None,None,None,4000000,USD,None,-2764983,-1250000,-1250000,6942305,14442000,50000,3931849,-37189679,-1730139,-14972444,None,20225,0,0,0,-3668646,16876241,227040,None,None,None,nan,nan
15,2016-09-30,USD,1146000,0,11005000,0,0,2807760,0,0,0,2000,1061000,None,2299757,0,614000,None,None,None,0,0,0,0,0,0,0,0,None,USD,22681000,0,None,4494000,39611000,-35841726,0,7056000,160000,-62615428,None,0,15916000,982000,39611000,None,None,None,39000,5745863,None,None,1250000,None,0,0,747000,-32863918,65023567,160113,331000,-85415193,0,None,None,None,None,None,None,None,None,None,None,None,None,None,None,None,5000000,USD,None,None,-2550,0,None,14167000,None,None,-1448718,None,-6081778,None,0,0,0,0,0,None,2550,None,None,None,nan,nan
16,2016-06-30,USD,8000,0,359000,0,0,-2128239,0,0,0,1000,923000,None,-1422579,0,1778000,None,None,None,0,0,0,0,0,0,0,0,None,USD,23110000,0,None,2413000,28491000,-35841726,0,6541000,160000,-62615428,None,0,15688000,4965000,28491000,None,None,None,44000,5745863,None,None,0,None,0,0,699000,-32863918,65023567,160113,331000,-73868465,0,None,None,None,None,None,None,None,None,None,None,None,None,None,None,None,4000000,USD,None,None,-3137,0,None,4859000,None,None,-2128239,None,-4902460,None,0,0,0,0,0,None,3137,None,None,None,nan,nan
17,2016-03-31,USD,17000,0,384000,0,0,0,0,0,0,4000,613000,None,0,0,1377000,None,None,None,0,0,0,0,0,0,0,0,None,USD,20712000,0,None,2333000,46721000,0,0,7112000,1776000,0,None,0,15565000,2764000,45221000,None,None,None,50000,0,None,None,0,None,1500000,0,657000,0,0,0,331000,0,0,None,None,None,None,None,None,None,None,None,None,None,None,None,None,None,2000000,USD,None,None,0,0,None,942000,None,None,0,None,0,None,0,0,0,0,0,None,0,None,None,None,nan,nan
18,2015-12-31,USD,3100834,7825441,1938732,1162102,-4724607,-8853802,0,0,-8836362,2977808,5886709,None,-4724607,20225,-3559532,None,None,None,0,2392556,0,0,-4111755,0,-8836362,-8853802,None,USD,21369113,15170768,None,3280660,54233031,-36073769,0,2645606,61419,-62615428,None,0,397069,2392685,49086764,37331008,37331008,None,55413,5745863,None,-51244537,0,453529,5146267,0,2070545,0,0,0,0,0,0,None,None,None,None,None,None,None,None,None,None,None,None,None,None,None,2000000,USD,None,784829,-2549,-1250000,9067661,9067661,50000,-1572740,-8853802,1999610,-7065502,None,24826,0,0,0,-3668646,879265,2549,None,None,None,nan,nan
19,2015-09-30,USD,0,0,0,0,0,0,0,0,0,0,0,None,0,0,0,None,None,None,0,0,0,0,0,0,0,0,None,USD,0,0,None,None,0,0,0,None,0,0,None,0,0,0,0,None,None,None,0,0,None,None,0,None,0,0,0,0,0,0,0,0,0,None,None,None,None,None,None,None,None,None,None,None,None,None,None,None,2000000,USD,None,None,0,0,None,0,None,None,0,None,0,None,0,0,0,0,0,None,0,None,None,None,nan,nan
