,fiscalDateEnding,reportedCurrency_x,totalRevenue,totalOperatingExpense,costOfRevenue,grossProfit,ebit,netIncome_x,researchAndDevelopment,effectOfAccountingCharges,incomeBeforeTax,minorityInterest,sellingGeneralAdministrative,otherNonOperatingIncome,operatingIncome,otherOperatingExpense,interestExpense,taxProvision,interestIncome,netInterestIncome,extraordinaryItems,nonRecurring,otherItems,incomeTaxExpense,totalOtherIncomeExpense,discontinuedOperations,netIncomeFromContinuingOperations,netIncomeApplicableToCommonShares,preferredStockAndOtherAdjustments,reportedCurrency_y,totalAssets,intangibleAssets,earningAssets,otherCurrentAssets,totalLiabilities,totalShareholderEquity,deferredLongTermLiabilities,otherCurrentLiabilities,commonStock,retainedEarnings,otherLiabilities,goodwill,otherAssets,cash,totalCurrentLiabilities,shortTermDebt,currentLongTermDebt,otherShareholderEquity,propertyPlantEquipment,totalCurrentAssets,longTermInvestments,netTangibleAssets,shortTermInvestments,netReceivables,longTermDebt,inventory,accountsPayable,totalPermanentEquity,additionalPaidInCapital,commonStockTotalEquity,preferredStockTotalEquity,retainedEarningsTotalEquity,treasuryStock,accumulatedAmortization,otherNonCurrrentAssets,deferredLongTermAssetCharges,totalNonCurrentAssets,capitalLeaseObligations,totalLongTermDebt,otherNonCurrentLiabilities,totalNonCurrentLiabilities,negativeGoodwill,warrants,preferredStockRedeemable,capitalSurplus,liabilitiesAndShareholderEquity,cashAndShortTermInvestments,accumulatedDepreciation,commonStockSharesOutstanding,reportedCurrency,investments,changeInLiabilities,cashflowFromInvestment,otherCashflowFromInvestment,netBorrowings,cashflowFromFinancing,otherCashflowFromFinancing,changeInOperatingActivities,netIncome_y,changeInCash,operatingCashflow,otherOperatingCashflow,depreciation,dividendPayout,stockSaleAndPurchase,changeInInventory,changeInAccountReceivables,changeInNetIncome,capitalExpenditures,changeInReceivables,changeInExchangeRate,changeInCashAndCashEquivalents,clossingVal,nextClossingVal
0,2020-05-03,USD,109917000,128891000,57585000,52332000,-12226000,-15135000,None,None,-20265000,-2210000,71306000,None,-18974000,None,1350000,-5086000,None,-1350000,None,None,None,-5086000,59000,None,-15179000,-15135000,None,USD,505612000,None,None,167000,344761000,163061000,None,5665000,91451000,72454000,8302000,None,1169000,8854000,82590000,None,573000,-330000,301052000,196990000,5701000,162361000,None,3459000,112396000,175037000,34421000,None,None,None,None,None,-514000,None,1869000,None,308622000,153544000,149757000,None,262171000,None,None,None,None,None,8854000,None,None,USD,-4102000,-1842000,-4102000,-43000,44910000,44653000,-150000,9003000,-15135000,7060000,-33491000,None,6689000,None,None,-27188000,-1989000,199000,4133000,None,None,None,nan,
1,2020-04-30,USD,109917000,128891000,57585000,52332000,-12226000,-15135000,None,None,-20265000,-2210000,71306000,None,-18974000,None,1350000,-5086000,None,-1350000,None,None,None,-5086000,59000,None,-15179000,-15135000,None,USD,505612000,None,None,None,344761000,163061000,None,5665000,91451000,72454000,8302000,None,1169000,8854000,82590000,None,573000,-330000,301052000,196990000,5701000,162361000,None,3459000,112396000,175037000,34421000,None,None,None,None,None,None,None,1869000,None,308622000,153544000,None,None,262171000,None,None,None,None,None,None,None,None,USD,-4102000,-1842000,-4102000,None,44910000,44653000,-150000,9003000,-15135000,7060000,-33491000,None,6689000,None,None,-27188000,-1989000,199000,4133000,None,None,None,4.01,nan
2,2020-02-02,USD,259649000,226500000,122587000,137062000,39335000,24374000,None,None,31846000,-2166000,103913000,None,33149000,None,1340000,7638000,None,-1340000,None,None,None,7638000,37000,None,24208000,24374000,None,USD,474050000,None,None,1181000,297944000,178272000,None,5685000,90902000,87589000,8505000,400000,847000,538000,78775000,557000,557000,188000,304179000,162192000,6432000,177872000,None,3121000,67110000,147849000,33053000,None,None,None,None,None,-407000,None,1247000,None,311858000,155828000,104544000,None,219169000,None,None,None,None,None,538000,None,32000000,USD,-6146000,-22298000,-6146000,-6252000,-51634000,-51548000,87000,5610000,24374000,-3374000,54320000,None,6149000,None,None,35266000,1830000,-477000,6178000,None,None,None,nan,4.01
3,2020-01-31,USD,259649000,226500000,122587000,137062000,39335000,24374000,None,None,31846000,-2166000,103913000,None,33149000,None,1340000,7638000,None,-1340000,None,None,None,7638000,37000,None,24208000,24374000,None,USD,474050000,None,None,None,297944000,178272000,None,5685000,90902000,87589000,8505000,None,847000,538000,78775000,None,557000,188000,304179000,162192000,6432000,177872000,None,3121000,67110000,147849000,33053000,None,None,None,None,None,None,None,1247000,None,311858000,155828000,None,None,219169000,None,None,None,None,None,None,None,None,USD,-6146000,-22298000,-6146000,None,-51634000,-51548000,87000,5610000,24374000,-3374000,54320000,None,6149000,None,None,35266000,1830000,-477000,6178000,None,None,None,8.45,nan
4,2019-11-03,USD,119768000,118440000,54403000,65365000,7915000,182000,None,None,-114000,-495000,64037000,None,1328000,None,1500000,-203000,None,-1500000,None,None,None,-203000,58000,None,89000,182000,None,USD,518117000,287000,None,892000,365139000,153473000,None,6094000,90451000,63214000,8732000,402000,2896000,2187000,95522000,541000,541000,214000,303770000,204263000,6499000,152784000,None,340000,118350000,183115000,55351000,None,None,None,None,None,-406000,None,2896000,None,313854000,154415000,156533000,None,269617000,None,None,None,None,None,2187000,None,32000000,USD,-7828000,19096000,-7828000,-32000,45092000,45214000,123000,3907000,182000,-2193000,-39579000,None,6529000,None,None,-68266000,32000,-1371000,7825000,None,None,None,nan,8.45
5,2019-10-31,USD,119768000,118440000,54403000,65365000,7915000,182000,None,None,-114000,-495000,64037000,None,1328000,None,1500000,-203000,None,-1500000,None,None,None,-203000,58000,None,89000,182000,None,USD,518117000,287000,None,None,365139000,153473000,None,6094000,90451000,63214000,8732000,402000,2896000,2187000,95522000,None,541000,214000,303770000,204263000,6499000,152784000,None,340000,118350000,183115000,55351000,None,None,None,None,None,None,None,2896000,None,313854000,154415000,None,None,269617000,None,None,None,None,None,None,None,None,USD,-7828000,19096000,-7828000,-32000,45092000,45214000,123000,3907000,182000,-2193000,-39579000,None,6529000,None,None,-68266000,32000,-1371000,7825000,None,None,None,9.24,nan
6,2019-08-04,USD,121963000,118228000,57159000,64804000,8740000,1936000,None,None,2524000,-402000,61069000,None,3735000,None,1203000,678000,None,-1203000,None,None,None,678000,-8000,None,1846000,1936000,None,USD,434095000,292000,None,568000,280795000,153702000,None,5360000,91075000,63032000,9028000,402000,5336000,3468000,71370000,525000,525000,None,284352000,137474000,6239000,153008000,None,372000,73016000,114849000,36255000,None,None,None,None,None,-405000,None,5336000,None,296621000,138278000,99224000,None,209425000,None,None,None,None,None,3468000,None,32000000,USD,-6951000,9545000,-6951000,4000,5403000,5471000,104000,-928000,1936000,3586000,5066000,None,5013000,None,None,-10560000,-13000,-192000,6983000,None,None,None,nan,9.24
7,2019-07-31,USD,121963000,118228000,57159000,64804000,8740000,1936000,None,None,2524000,-402000,61069000,None,3735000,None,1203000,678000,None,-1203000,None,None,None,678000,-8000,None,1846000,1936000,None,USD,434095000,292000,None,None,280795000,153702000,None,5360000,91075000,63032000,9028000,402000,5336000,3468000,71370000,None,525000,None,284352000,137474000,6239000,153008000,None,372000,73016000,114849000,36255000,None,None,None,None,None,None,None,5336000,None,296621000,138278000,None,None,209425000,None,None,None,None,None,None,None,None,USD,-6951000,9545000,-6951000,4000,5403000,5471000,104000,-928000,1936000,3586000,5066000,None,5013000,None,None,-10560000,-13000,-192000,6983000,None,None,None,12.15,nan
8,2019-05-05,USD,114244000,123935000,53326000,60918000,-5095000,-7572000,None,None,-10328000,-312000,70609000,None,-9691000,None,841000,-2683000,None,-841000,None,None,None,-2683000,204000,None,-7645000,-7572000,None,USD,418930000,None,None,202000,268099000,151143000,None,4276000,90416000,61096000,9420000,402000,3932000,992000,62718000,510000,510000,None,282218000,126111000,6267000,150741000,None,359000,68816000,104289000,26710000,None,None,None,None,None,-369000,None,3932000,None,292819000,137563000,77486000,None,205381000,None,None,None,None,None,992000,None,32000000,USD,-9762000,1221000,-9762000,-1747000,22542000,22358000,-184000,-4098000,-7572000,-515000,-13111000,None,4392000,None,None,-6604000,-331000,-115000,9803000,None,None,None,nan,12.15
9,2019-01-31,USD,250541000,101146000,119290000,131251000,34727000,20620000,0,0,28009000,-239000,101146000,None,30105000,0,2311000,7537000,None,None,0,0,0,7537000,215000,0,20472000,20620000,None,USD,295305000,306000,None,2503000,134956000,160349000,None,6163000,89849000,70592000,14725000,402000,2995000,731000,52611000,500000,500000,None,167109000,118198000,6295000,159947000,None,28000,44825000,97685000,25363000,None,None,None,None,None,-92000,None,178561000,None,4755000,None,67859000,None,84038000,None,None,None,None,None,731000,None,32000000,USD,-7418000,-8844000,-53735000,-699000,-47470000,18642000,235000,-4389000,23165000,-3998000,31095000,None,12594000,None,None,33763000,296000,8426000,53036000,None,None,None,23.88,nan
10,2018-10-28,USD,106701000,109264000,45730000,60971000,-2563000,-3150000,0,0,-4143000,3436000,63534000,None,-2563000,0,-1583000,None,None,None,0,0,0,-1067000,-1580000,0,-3076000,-3150000,None,USD,324517000,402000,None,1137000,181866000,139215000,0,16206000,89335000,49972000,5465000,402000,1681000,2500000,65160000,80000,80000,None,165885000,150226000,6323000,138813000,0,3166000,66333000,131448000,34200000,0,0,0,0,49972000,-92000,None,None,None,None,None,None,None,None,None,None,None,None,None,None,None,32000000,USD,28000,18308000,-18992000,88000,29496000,29525000,29000,5288000,-3150000,-384000,-10917000,None,3118000,0,0,-32646000,-293000,694000,19080000,None,None,None,29.17,23.88
11,2018-07-29,USD,110653000,100757000,48413000,62240000,9896000,6377000,0,0,8664000,3362000,52344000,None,9896000,0,-1234000,None,None,None,0,0,0,2212000,-1232000,0,6452000,6377000,None,USD,270438000,402000,None,1213000,125145000,141931000,0,15290000,88901000,53122000,5499000,402000,2274000,2423000,42779000,85000,85000,None,144800000,116639000,6323000,141529000,0,382000,36382000,102365000,19455000,0,0,0,0,53122000,-92000,None,None,None,None,None,None,None,None,None,None,None,None,None,None,None,32000000,USD,28000,2259000,-13368000,-570000,14407000,14441000,34000,-6249000,6377000,-525000,-1598000,None,2760000,0,0,-1767000,-16000,161000,12798000,None,None,None,23.16,29.17
12,2018-04-29,USD,100207000,100464000,44267000,55940000,-257000,-691000,0,0,-915000,3287000,56197000,None,-257000,0,-821000,None,None,None,0,0,0,-232000,-658000,0,-683000,-691000,None,USD,249009000,402000,None,67000,110617000,135105000,0,21378000,88452000,46745000,5443000,402000,3502000,1179000,69567000,85000,85000,None,129221000,109561000,6323000,134703000,0,611000,1403000,97997000,14595000,0,0,0,0,46745000,-92000,None,None,None,None,None,None,None,None,None,None,None,None,None,None,None,32000000,USD,28000,-1441000,-13957000,43000,21974000,21963000,24000,-859000,-691000,-2981000,-10987000,None,2309000,0,0,-10363000,22000,457000,14000000,None,None,None,17.52,23.16
13,2018-01-28,USD,217805000,507708000,99553000,261019000,50044000,19528000,0,0,29003000,77000,86480000,None,29546000,0,789000,None,None,None,0,0,0,9398000,-1567000,0,32014000,19528000,None,USD,223102000,402000,None,9088000,83753000,136070000,0,25261000,88043000,48084000,3355000,402000,11571000,2865000,50296000,84000,84000,None,109705000,101826000,6323000,135668000,0,325000,28002000,89548000,17320000,0,0,0,0,48084000,-57000,None,None,None,None,None,None,None,None,None,None,None,None,None,None,None,32000000,USD,-6323000,6363000,-55805000,-3018000,4359000,4760000,458000,5570000,19528000,-21177000,29868000,None,7330000,0,0,-17553000,69000,2408000,46464000,None,None,None,18.68,17.52
14,2017-10-29,USD,83729000,-152170000,34478000,0,-17943000,-4284000,0,0,-7062000,70000,48039000,None,-7389000,0,661000,None,None,None,0,0,0,-2709000,0,0,-11675000,-12603000,None,USD,252947000,402000,None,13251000,133614000,116131000,0,25676000,0,28556000,3305000,402000,9381000,958000,58772000,84000,84000,None,98151000,0,None,115729000,0,1731000,70030000,129475000,30082000,0,0,0,0,28556000,-57000,None,None,None,None,None,None,None,None,None,None,None,None,None,None,None,32000000,USD,-6323000,12024000,0,0,39768000,56516000,432000,7652000,0,-453000,0,None,0,0,0,0,0,997000,37501000,None,None,None,20.24,18.68
15,2017-07-30,USD,86226000,78837000,35575000,0,4165000,4284000,0,0,7062000,69000,41534000,None,7389000,0,372000,None,None,None,0,0,0,2709000,0,0,2933000,4284000,None,USD,181697000,402000,None,9502000,61730000,116435000,0,17239000,0,29372000,2595000,402000,9851000,1411000,37807000,22610000,22610000,None,75746000,0,None,116033000,0,453000,20179000,84734000,17836000,0,0,0,0,29372000,0,None,None,None,None,None,None,None,None,None,None,None,None,None,None,None,32000000,USD,-6323000,6453000,0,0,15876000,17188000,815000,-7449000,4284000,-12173000,0,None,0,0,0,0,0,-34000,20054000,None,None,None,19.56,20.24
16,2017-04-30,USD,83687000,0,33492000,0,806000,355000,0,0,640000,60000,47894000,None,749000,0,166000,None,None,None,0,0,0,225000,0,0,355000,355000,None,USD,159990000,402000,None,5442000,45194000,111858000,0,19869000,0,25088000,2106000,402000,1637000,13584000,36737000,728000,728000,None,62480000,0,None,111456000,0,1131000,4806000,75716000,10662000,0,0,0,0,25088000,0,None,None,None,None,None,None,None,None,None,None,None,None,None,None,None,32000000,USD,-6323000,-2261000,0,640000,497000,773000,276000,1638000,355000,-10458000,0,None,0,0,0,0,0,253000,8327000,None,None,None,22.15,19.56
17,2017-01-29,USD,174653000,341115000,76385000,214146000,36054000,13993000,0,0,22853000,26000,73930000,None,22855000,0,86000,None,None,None,0,0,0,8834000,53000,0,22201000,13993000,None,USD,155967000,402000,None,6442000,42179000,111179000,0,19822000,86446000,24733000,2109000,402000,2289000,24042000,35119000,742000,742000,None,52432000,101246000,None,110777000,0,394000,3384000,70368000,9330000,0,0,0,0,24733000,0,None,None,None,None,None,None,None,None,None,None,None,None,None,None,None,32000000,USD,-6323000,-2962000,-30341000,-1669000,-4265000,-3743000,714000,4779000,13993000,-13831000,20253000,None,4698000,-192000,0,-14446000,-25000,2977000,28672000,None,None,None,22.97,22.15
18,2016-10-30,USD,67008000,0,26996000,0,9134000,462000,0,0,819000,52000,37929000,None,819000,0,33000,None,None,None,0,0,0,305000,0,0,5432000,462000,None,USD,155620000,402000,None,8266000,56106000,96931000,0,17384000,0,10740000,1249000,402000,2112000,173000,38778000,62000,62000,None,45275000,0,None,96529000,0,3113000,15897000,96681000,19277000,0,0,0,0,10740000,0,None,None,None,None,None,None,None,None,None,None,None,None,None,None,None,32000000,USD,None,2724000,0,0,11178000,11556000,714000,-389000,462000,-23129000,0,None,0,-192000,0,0,0,382000,21026000,None,None,None,26.69,22.97
19,2016-07-31,USD,65823000,0,25819000,0,-15598000,3619000,0,0,6009000,65000,32936000,None,5986000,0,37000,None,None,None,0,0,0,2325000,0,0,-9345000,3619000,None,USD,133442000,402000,None,5185000,35525000,96100000,0,11136000,0,10263000,1202000,402000,1665000,23302000,33576000,4132000,4132000,-15000,35926000,0,None,95698000,0,445000,747000,66919000,17994000,0,0,0,0,10278000,0,None,None,None,None,None,None,None,None,None,None,None,None,None,None,None,32000000,USD,None,8876000,0,0,-71000,0,7000,-877000,3619000,-7001000,1072000,None,0,-192000,0,0,0,-204000,14513000,None,None,None,24.8,26.69
