,fiscalDateEnding,reportedCurrency_x,totalRevenue,totalOperatingExpense,costOfRevenue,grossProfit,ebit,netIncome_x,researchAndDevelopment,effectOfAccountingCharges,incomeBeforeTax,minorityInterest,sellingGeneralAdministrative,otherNonOperatingIncome,operatingIncome,otherOperatingExpense,interestExpense,taxProvision,interestIncome,netInterestIncome,extraordinaryItems,nonRecurring,otherItems,incomeTaxExpense,totalOtherIncomeExpense,discontinuedOperations,netIncomeFromContinuingOperations,netIncomeApplicableToCommonShares,preferredStockAndOtherAdjustments,reportedCurrency_y,totalAssets,intangibleAssets,earningAssets,otherCurrentAssets,totalLiabilities,totalShareholderEquity,deferredLongTermLiabilities,otherCurrentLiabilities,commonStock,retainedEarnings,otherLiabilities,goodwill,otherAssets,cash,totalCurrentLiabilities,shortTermDebt,currentLongTermDebt,otherShareholderEquity,propertyPlantEquipment,totalCurrentAssets,longTermInvestments,netTangibleAssets,shortTermInvestments,netReceivables,longTermDebt,inventory,accountsPayable,totalPermanentEquity,additionalPaidInCapital,commonStockTotalEquity,preferredStockTotalEquity,retainedEarningsTotalEquity,treasuryStock,accumulatedAmortization,otherNonCurrrentAssets,deferredLongTermAssetCharges,totalNonCurrentAssets,capitalLeaseObligations,totalLongTermDebt,otherNonCurrentLiabilities,totalNonCurrentLiabilities,negativeGoodwill,warrants,preferredStockRedeemable,capitalSurplus,liabilitiesAndShareholderEquity,cashAndShortTermInvestments,accumulatedDepreciation,commonStockSharesOutstanding,reportedCurrency,investments,changeInLiabilities,cashflowFromInvestment,otherCashflowFromInvestment,netBorrowings,cashflowFromFinancing,otherCashflowFromFinancing,changeInOperatingActivities,netIncome_y,changeInCash,operatingCashflow,otherOperatingCashflow,depreciation,dividendPayout,stockSaleAndPurchase,changeInInventory,changeInAccountReceivables,changeInNetIncome,capitalExpenditures,changeInReceivables,changeInExchangeRate,changeInCashAndCashEquivalents,clossingVal,nextClossingVal
0,2020-06-30,USD,6795000,4253000,1350000,-1350000,-5603000,1192000,None,None,-5603000,629000,1313000,None,-5603000,2940000,None,None,None,None,None,None,None,None,None,None,-5603000,1252000,-60000,USD,97393000,None,None,None,5102000,92291000,None,2338000,91662000,None,None,None,None,11753000,3069000,None,None,92291000,80672000,15211000,None,92291000,None,3458000,None,None,2764000,None,None,None,None,None,None,None,None,None,80672000,2338000,None,None,2033000,None,None,None,None,97393000,11753000,-192000,None,USD,0,0,None,None,None,17045000,-472000,None,1192000,18237000,1192000,None,None,17045000,None,None,None,4500000,0,None,None,18237000,12.78,
1,2020-03-31,USD,15476000,5275000,1440000,-1440000,-6715000,8761000,None,None,-6715000,1041000,1918000,None,-6715000,3357000,None,None,None,None,None,None,None,None,None,None,-6715000,8999000,-238000,USD,113364000,None,None,None,5220000,108144000,None,308000,107103000,None,None,None,None,20226000,3111000,None,None,108144000,83612000,28181000,None,108144000,None,7955000,None,None,2803000,None,None,None,None,None,None,None,85183000,None,83612000,2417000,None,2109000,2109000,None,None,None,None,113364000,20226000,-169000,35000000,USD,0,0,None,None,None,12953000,-425000,None,8761000,21714000,8761000,None,None,12953000,None,None,None,5960000,0,None,None,21714000,9.31,12.78
2,2019-12-31,USD,19599000,8453000,-1177000,1177000,-7276000,12323000,None,None,-7276000,1228000,5017000,None,-7276000,3436000,None,None,None,None,None,None,None,None,None,None,-7276000,12692000,-369000,USD,116883000,None,None,None,4547000,112336000,None,2495000,111108000,None,None,None,None,15339000,2362000,None,None,112336000,86969000,28282000,None,112336000,None,12943000,None,None,2052000,None,None,None,None,None,None,None,88601000,None,86969000,2495000,None,None,2185000,None,None,None,None,116883000,15339000,-146000,34000000,USD,0,324000,1845000,1845000,None,-123870000,-623000,-248000,12323000,-96358000,25667000,8000,13301000,-123870000,None,None,-289000,-4080000,0,-289000,None,-96358000,19.51,9.31
3,2019-09-30,USD,19569000,5322000,1380000,-1380000,-6702000,12867000,None,None,-6702000,1482000,1694000,None,-6702000,3628000,None,None,None,None,None,None,None,None,None,None,-6702000,13330000,-463000,USD,123974000,None,None,None,6031000,117943000,None,309000,116461000,None,None,None,None,21916000,3770000,None,None,117943000,90376000,31903000,None,117943000,None,9987000,None,None,3461000,None,None,None,None,None,None,None,92071000,None,90376000,2570000,None,2261000,2261000,None,None,None,None,123974000,21916000,-123000,35000000,USD,89000,0,89000,1406000,None,18453000,-592000,-248000,12867000,31320000,12867000,None,3628000,18453000,None,None,-289000,3424000,0,None,None,31320000,18.65,19.51
4,2019-06-30,USD,20600000,5215000,1789000,-1789000,-7004000,13596000,None,None,-7004000,1611000,1285000,None,-7004000,3930000,None,None,None,None,None,None,None,None,None,None,-7004000,14051000,-455000,USD,128387000,None,None,None,4858000,123529000,None,305000,121918000,None,None,None,None,20824000,2519000,None,None,123529000,94093000,32535000,None,123529000,None,11711000,None,None,2214000,None,None,None,None,None,None,None,95852000,None,94093000,2644000,None,2339000,2339000,None,None,None,None,128387000,20824000,-100000,35000000,USD,587000,0,587000,1406000,None,17279000,-553000,-248000,13596000,30875000,13596000,None,3930000,17279000,None,None,-289000,540000,0,None,None,30875000,18.31,18.65
5,2019-03-31,USD,19031000,3440000,1612000,-1612000,-5052000,13979000,None,None,-5052000,1709000,1133000,None,-5052000,2307000,None,None,None,None,None,None,None,None,None,None,-5052000,14425000,-446000,USD,132187000,None,None,None,4975000,127212000,None,301000,125503000,None,None,None,None,19905000,2558000,301000,301000,127212000,98378000,31986000,None,127212000,None,12081000,2417000,None,2257000,None,None,None,None,None,None,None,1823000,None,98378000,2718000,None,2417000,2417000,None,None,None,None,132187000,19905000,-77000,32000000,USD,1169000,0,1169000,1169000,None,17238000,-563000,-248000,13979000,31217000,13979000,None,2307000,17238000,None,None,-289000,1849000,0,None,None,31217000,18.26,18.31
6,2018-12-31,USD,17950000,-7608000,-1206000,19156000,11576000,17301000,0,0,11576000,1826000,4156000,None,11576000,2083000,0,None,None,None,0,0,0,0,1635000,0,11576000,17956000,-655000,USD,87923000,None,None,None,1276000,86647000,790000,65000,84821000,None,790000,None,None,18285000,486000,None,None,86647000,57805000,30118000,None,86647000,None,11833000,None,None,421000,None,None,None,None,None,None,None,None,None,57805000,None,None,None,790000,None,None,None,None,87923000,18285000,-679000,32000000,USD,None,-178000,6000,6000,None,-13263000,-1922000,191000,53907000,2582000,15839000,153000,8947000,-13263000,None,None,-305000,-2598000,41000,-305000,None,2582000,14.64,18.26
7,2018-09-30,USD,13938000,3263000,1396000,-1396000,-4659000,9279000,0,0,-4659000,1690000,867000,None,-4659000,2396000,0,None,None,None,0,0,0,0,0,0,-4659000,9640000,-361000,USD,85472000,0,None,None,2863000,82609000,724000,65000,80919000,0,724000,0,0,15703000,2139000,None,None,82609000,958000,25584000,None,82609000,0,9881000,0,0,2074000,0,0,0,0,0,0,None,None,None,958000,None,None,None,724000,None,None,None,None,85472000,15703000,-656000,32000000,USD,None,0,6000,0,None,-17853000,-1922000,191000,8918000,-3905000,13948000,None,2396000,-17853000,0,0,-305000,2634000,41000,None,None,-3905000,20.4,14.64
8,2018-06-30,USD,21123000,3443000,1316000,-1316000,-4759000,16364000,0,0,-4759000,1839000,1159000,None,-4759000,2284000,0,None,None,None,0,0,0,0,0,0,-4759000,16940000,-576000,USD,93487000,0,None,None,2304000,91183000,659000,65000,89344000,0,659000,0,0,19608000,1645000,None,None,91183000,981000,31197000,None,91183000,0,11589000,0,0,1580000,0,0,0,0,0,0,None,None,None,981000,None,None,None,659000,None,None,None,None,93487000,19608000,-633000,32000000,USD,None,0,-84000,-77000,None,-13952000,-1922000,191000,15788000,4216000,18252000,None,2284000,-13952000,0,0,-305000,180000,7000,None,None,4216000,20.6,20.4
9,2018-03-31,USD,15883000,3664000,1256000,-1256000,-4920000,10963000,0,0,-4920000,1708000,1480000,None,-4920000,2184000,0,None,None,None,0,0,0,0,0,0,-4920000,11337000,-374000,USD,90829000,0,None,None,2058000,88771000,648000,54000,87063000,0,648000,0,0,15392000,1410000,None,None,88771000,989000,26255000,None,88771000,0,10863000,0,0,1356000,0,0,0,0,0,0,None,None,None,989000,None,None,None,648000,None,None,None,None,90829000,15392000,-625000,32000000,USD,52000,0,18000,52000,None,-12938000,-1922000,191000,10589000,1565000,14485000,None,2184000,-12938000,0,0,-305000,1712000,34000,None,None,1565000,16.1,20.6
10,2017-12-31,USD,19531000,6200000,-898000,20429000,14229000,14229000,0,0,14229000,1839000,3341000,None,14229000,2859000,0,None,None,None,0,0,0,0,0,0,14229000,14667000,-438000,USD,92047000,0,None,None,1301000,90746000,664000,38000,88964000,0,664000,0,0,13827000,637000,None,None,90746000,948000,25355000,None,90746000,0,11528000,0,0,599000,0,0,0,0,0,0,None,None,None,948000,None,None,None,664000,None,None,None,None,92047000,13827000,-625000,31000000,USD,440000,455000,-947000,440000,None,-9974000,-1368000,702000,38424000,1833000,12754000,679000,9302000,-9537000,0,0,-4832000,1318000,1162000,-4832000,None,2270000,15.2,16.1
11,2017-09-30,USD,12480000,3936000,1320000,11160000,7224000,7224000,0,0,7224000,1807000,1141000,None,7224000,2795000,0,None,None,None,0,0,0,0,0,0,7224000,7497000,-273000,USD,88305000,0,None,None,2251000,86054000,462000,15000,0,0,462000,0,31000,11557000,1789000,None,None,86054000,583000,19088000,None,86054000,0,7531000,0,0,1774000,0,0,0,0,0,0,None,31000,None,614000,None,None,None,462000,None,None,None,None,88305000,11557000,-625000,32000000,USD,-171000,0,-237000,437000,None,-10965000,-1368000,702000,7224000,-1208000,9994000,None,0,-10794000,-171000,0,0,248000,66000,None,None,-1037000,15.05,15.2
12,2017-06-30,USD,12553000,3053000,1051000,11502000,8449000,8449000,0,0,8449000,-3690000,1160000,None,8449000,1893000,0,None,None,None,0,0,0,0,0,0,8449000,8779000,-330000,USD,91341000,0,None,None,1717000,89624000,60000,None,0,0,60000,0,44000,12594000,1657000,None,None,89624000,100000,19818000,None,89624000,0,7224000,0,0,1657000,0,0,0,0,0,0,None,44000,None,144000,None,None,None,60000,None,None,None,None,91341000,12594000,-625000,31000000,USD,608000,0,568000,608000,None,-9168000,-1368000,702000,8449000,2594000,11194000,None,0,-9776000,608000,0,0,1182000,40000,None,None,1986000,14.45,15.05
13,2017-03-31,USD,12727000,3218000,987000,11740000,8522000,8522000,0,0,8522000,1826000,1463000,None,8522000,1755000,0,None,None,None,0,0,0,0,0,0,8522000,8822000,-300000,USD,68522000,0,None,None,754000,67768000,0,9000,0,0,None,0,56000,10608000,754000,None,None,67768000,9000,17798000,None,67768000,0,7190000,0,0,745000,0,0,0,0,0,0,None,56000,None,65000,None,None,None,None,None,None,None,None,68522000,10608000,-616000,31000000,USD,608000,0,0,0,None,-7690000,-1368000,702000,8522000,2396000,10086000,None,0,-7690000,0,0,0,109000,0,None,None,2396000,17.2,14.45
14,2016-12-31,USD,10743000,4319000,-447000,11190000,6871000,6871000,0,0,6871000,1809000,2383000,None,6871000,1936000,0,None,None,None,0,0,0,0,0,0,6871000,7116000,-245000,USD,67211000,0,None,None,275000,66936000,0,23000,65127000,0,None,0,19000,8212000,275000,None,None,66936000,23000,14769000,None,66936000,0,6557000,0,0,252000,0,0,0,0,0,0,None,19000,None,42000,None,None,None,None,None,None,None,None,67211000,8212000,-602000,31000000,USD,440000,-229000,-616000,0,None,-7999000,-923000,23000,20967000,-1284000,6715000,-54000,8507000,-7999000,0,0,-913000,682000,1056000,-913000,None,-1284000,17.55,17.2
15,2016-09-30,USD,10679000,3130000,902000,9777000,6647000,6647000,0,0,6647000,0,1050000,None,6647000,2080000,0,None,None,None,0,0,0,0,0,0,6647000,6877000,-230000,USD,69296000,0,None,None,1232000,68064000,0,36000,0,0,None,0,33000,9496000,1232000,None,None,68064000,54359000,14904000,None,68064000,0,5408000,0,0,1196000,0,0,0,0,0,0,None,33000,None,54392000,None,None,None,None,None,None,None,None,69296000,9496000,-589000,31000000,USD,608000,None,0,0,None,-8169000,None,None,6647000,-26000,8143000,None,0,-8169000,0,0,0,None,0,None,None,-26000,15.41,17.55
16,2016-06-30,USD,10009000,3287000,771000,9238000,5951000,5951000,0,0,5951000,0,1032000,None,5951000,2255000,0,None,None,None,0,0,0,0,0,0,5951000,6152000,-201000,USD,70738000,0,None,None,1152000,69586000,0,50000,0,0,None,0,47000,9522000,1152000,None,None,69586000,50000,14252000,None,69586000,0,4730000,0,0,1102000,0,0,0,0,0,0,None,47000,None,97000,None,None,None,None,None,None,None,None,70738000,9522000,-575000,31000000,USD,None,None,0,0,None,-4695000,None,None,5951000,4255000,8950000,None,0,-4695000,0,0,0,None,0,None,None,4255000,14.42,15.41
17,2016-03-31,USD,6126000,4121000,507000,5619000,1498000,1498000,0,0,1498000,0,1885000,None,1498000,2236000,0,None,None,None,0,0,0,0,0,0,1498000,1558000,-60000,USD,68946000,0,None,None,616000,68330000,0,63000,0,0,9000,0,49000,5267000,607000,None,None,68330000,63000,10203000,None,68330000,0,4936000,0,0,553000,0,0,0,0,0,0,None,49000,None,112000,None,None,None,None,None,None,None,None,68946000,5267000,-562000,31000000,USD,None,None,0,0,None,-6339000,None,None,1498000,-1869000,4470000,None,0,-6339000,0,0,0,None,0,None,None,-1869000,11.39,14.42
18,2015-12-31,USD,7392000,5029000,-360000,7752000,2725000,2725000,0,0,2725000,1996000,2815000,2000,2723000,2214000,0,None,None,None,0,0,0,0,0,0,2725000,2833000,-108000,USD,73729000,0,None,None,558000,73171000,0,77000,71175000,0,23000,0,19000,7136000,535000,None,None,73171000,60930000,12780000,None,73171000,0,5644000,0,0,481000,0,0,0,0,0,0,None,19000,None,60949000,None,None,None,None,None,None,None,None,73729000,7136000,-548000,31000000,USD,440000,-494000,140000,140000,None,-6195000,-1209000,77000,13255000,-979000,5216000,None,10022000,-6195000,0,0,4909000,467000,1056000,4909000,None,-977000,9.89,11.39
19,2015-09-30,USD,7387000,4113000,593000,6794000,2683000,2683000,0,0,2683000,0,1065000,2000,2681000,3048000,0,None,None,None,0,0,0,0,0,0,2683000,2786000,-103000,USD,78460000,0,None,63088000,1819000,76641000,36000,54000,0,0,36000,0,0,8113000,1783000,None,None,76641000,90000,15314000,None,76641000,0,7169000,0,0,1729000,0,0,0,0,0,0,None,None,None,90000,None,None,None,36000,None,None,None,None,78460000,8113000,None,31000000,USD,None,None,138000,0,None,-5338000,None,None,2683000,1065000,6403000,None,0,-5338000,0,0,0,None,0,None,None,1085000,14.46,9.89
