,fiscalDateEnding,reportedCurrency_x,totalRevenue,totalOperatingExpense,costOfRevenue,grossProfit,ebit,netIncome_x,researchAndDevelopment,effectOfAccountingCharges,incomeBeforeTax,minorityInterest,sellingGeneralAdministrative,otherNonOperatingIncome,operatingIncome,otherOperatingExpense,interestExpense,taxProvision,interestIncome,netInterestIncome,extraordinaryItems,nonRecurring,otherItems,incomeTaxExpense,totalOtherIncomeExpense,discontinuedOperations,netIncomeFromContinuingOperations,netIncomeApplicableToCommonShares,preferredStockAndOtherAdjustments,reportedCurrency_y,totalAssets,intangibleAssets,earningAssets,otherCurrentAssets,totalLiabilities,totalShareholderEquity,deferredLongTermLiabilities,otherCurrentLiabilities,commonStock,retainedEarnings,otherLiabilities,goodwill,otherAssets,cash,totalCurrentLiabilities,shortTermDebt,currentLongTermDebt,otherShareholderEquity,propertyPlantEquipment,totalCurrentAssets,longTermInvestments,netTangibleAssets,shortTermInvestments,netReceivables,longTermDebt,inventory,accountsPayable,totalPermanentEquity,additionalPaidInCapital,commonStockTotalEquity,preferredStockTotalEquity,retainedEarningsTotalEquity,treasuryStock,accumulatedAmortization,otherNonCurrrentAssets,deferredLongTermAssetCharges,totalNonCurrentAssets,capitalLeaseObligations,totalLongTermDebt,otherNonCurrentLiabilities,totalNonCurrentLiabilities,negativeGoodwill,warrants,preferredStockRedeemable,capitalSurplus,liabilitiesAndShareholderEquity,cashAndShortTermInvestments,accumulatedDepreciation,commonStockSharesOutstanding,reportedCurrency,investments,changeInLiabilities,cashflowFromInvestment,otherCashflowFromInvestment,netBorrowings,cashflowFromFinancing,otherCashflowFromFinancing,changeInOperatingActivities,netIncome_y,changeInCash,operatingCashflow,otherOperatingCashflow,depreciation,dividendPayout,stockSaleAndPurchase,changeInInventory,changeInAccountReceivables,changeInNetIncome,capitalExpenditures,changeInReceivables,changeInExchangeRate,changeInCashAndCashEquivalents,clossingVal,nextClossingVal
0,2020-06-30,USD,291659000,173924000,36119000,255540000,82142000,36450000,None,None,49492000,None,163240000,526000,81616000,10198000,32650000,13042000,312000,-32338000,None,486000,None,13042000,4011000,None,36450000,36450000,None,USD,3829333000,1293530000,None,74543000,4417065000,-587732000,500903000,442719000,82000,-1102284000,514410000,888263000,68932000,610917000,529025000,31150000,31150000,-25377000,218485000,848457000,152961000,-2769525000,None,162997000,2998875000,None,55156000,None,None,82000,None,-1102284000,None,None,427637000,None,2980876000,403889000,2998875000,388262000,3888040000,None,None,None,539847000,3829333000,610917000,None,82257776,USD,-4352000,53926000,-4352000,475000,-38000,-108471000,-115425000,79416000,36450000,-63847000,48976000,-12384000,13463000,0,6992000,None,None,2809000,4827000,-45288000,None,-63847000,65.23,
1,2020-03-31,USD,326810000,187851000,37647000,289163000,102697000,52113000,None,None,70660000,None,178804000,1385000,101312000,8973000,32037000,18547000,2055000,-29982000,None,74000,None,18547000,2922000,None,52113000,52113000,None,USD,3877269000,1298112000,None,88338000,4513556000,-636287000,517957000,362667000,82000,-1138697000,530401000,888253000,67571000,674019000,595016000,139400000,139400000,-26851000,222973000,882195000,151718000,-2822652000,None,119838000,3005415000,None,92949000,None,None,82000,None,-1138697000,-64000,None,434018000,None,2995074000,409951000,3005415000,395168000,3918540000,None,None,None,529179000,3877269000,674019000,None,82087373,USD,-6273000,-99214000,-6273000,-128000,-7787000,11235000,113120000,-105895000,52113000,-32293000,-37255000,-21541000,12738000,-33057000,-61041000,None,None,9085000,6145000,9564000,None,-32293000,53.1,65.23
2,2019-12-31,USD,340110000,-308624000,36296000,303814000,107784000,57714000,None,None,76131000,None,-317678000,2101000,105683000,8864000,31653000,18417000,2028000,-29625000,None,190000,None,18417000,4076000,None,57714000,57714000,None,USD,3920024000,1302721000,None,67312000,4508034000,-588010000,197673000,461863000,83000,-1129565000,533600000,888286000,72520000,706796000,582426000,31150000,31150000,-19809000,223120000,907301000,154812000,-2779017000,None,133193000,3004216000,None,89413000,None,None,83000,None,-1129565000,-64000,None,443784000,None,3012723000,416510000,3004216000,723719000,3925608000,None,None,None,561345000,3920024000,706796000,None,82834830,USD,-10095000,99397000,-10095000,152000,10149000,-40769000,-17769000,62516000,57714000,89091000,139955000,-15678000,11898000,-31062000,-2087000,None,-15712000,2336000,10247000,-15712000,62000,89153000,75.54,53.1
3,2019-09-30,USD,362549000,200317000,40889000,321660000,124081000,72365000,None,None,92294000,None,191179000,2738000,121343000,9102000,31787000,19929000,2996000,-28791000,None,36000,None,19929000,6373000,None,72365000,72365000,None,USD,3802181000,1307315000,None,63081000,4423040000,-620859000,516860000,391637000,83000,-1179502000,527820000,888280000,67285000,617242000,492528000,31150000,31150000,-28053000,218530000,799049000,146072000,-2816454000,None,118726000,3010785000,None,69741000,None,None,83000,None,-1179502000,-3291000,None,442935000,None,3003132000,420493000,3010785000,402867000,3930512000,None,None,None,586613000,3802181000,617242000,None,82821829,USD,-7565000,14096000,-7565000,-50000,-7787000,-42680000,-336000,-4098000,72365000,54457000,104702000,-2313000,11828000,-31042000,-3515000,None,13340000,-4614000,7515000,13340000,None,54457000,79.36,75.54
4,2019-06-30,USD,363764000,199397000,41715000,322049000,112609000,59622000,None,None,79767000,None,190883000,-10043000,122652000,8512000,32842000,20145000,3079000,-29763000,None,2000,None,20145000,-8697000,None,59622000,59622000,None,USD,3767947000,1311923000,None,21378000,4424748000,-656801000,520678000,38521000,83000,-1238190000,535902000,888286000,67544000,474265000,476594000,31150000,31150000,-22562000,215248000,764667000,145114000,-2857010000,None,87412000,3017360000,None,58308000,None,None,83000,None,-1238190000,-3291000,None,442709000,None,3003280000,421363000,3017360000,410116000,3948154000,None,None,None,603868000,3767947000,474265000,None,82755494,USD,-15582000,-4245000,-15582000,1472000,-1475000,-28948000,622000,2472000,59622000,24539000,69069000,8680000,11923000,-31010000,2915000,None,-18458000,11547000,17054000,-18458000,None,24539000,79.66,79.36
5,2019-03-31,USD,321321000,183834000,36115000,285206000,103199000,52323000,None,None,71070000,None,174294000,1827000,101372000,9217000,32129000,18747000,1831000,-30298000,None,323000,None,18747000,1903000,None,52323000,52323000,None,USD,3725373000,1316543000,None,17386000,4416666000,-691293000,523700000,35922000,83000,-1288758000,538946000,888276000,72100000,458708000,468682000,26900000,26900000,-20944000,204120000,721969000,142156000,-2896112000,None,78246000,3008745000,None,51552000,None,None,83000,None,-1288758000,-3291000,None,452309000,None,3003404000,426381000,3008745000,415539000,3947984000,None,None,None,618326000,3725373000,458708000,None,82601734,USD,-2250000,-94512000,-2250000,-304000,-7912000,-40251000,-5065000,-79186000,52323000,-58493000,-15992000,-11321000,11706000,-30975000,3701000,None,25222000,590000,1946000,25222000,None,-58493000,75.1,79.66
6,2018-12-31,USD,322862000,-303215000,31499000,291363000,98288000,53189000,0,0,66487000,0,-314613000,1729000,96559000,10959000,31801000,None,None,None,0,439000,0,13298000,-27273000,0,53189000,53189000,None,USD,3456581000,1334767000,None,76496000,4169378000,-712797000,204027000,427418000,82000,-1338709000,612173000,888265000,64479000,596602000,539581000,32126000,31650000,-15127000,209202000,813473000,146395000,-2935829000,None,140375000,3010626000,None,80037000,None,None,82000,None,-1338709000,-1060000,None,64479000,None,2643108000,6998000,3017624000,408146000,3629797000,None,None,None,642017000,3456581000,596602000,None,82560596,USD,None,119334000,-10405000,-304000,-7912000,-42825000,206000,91947000,53189000,89196000,142426000,-41658000,15282000,-28793000,-6326000,None,-7272000,3551000,10405000,-7272000,-538000,88658000,64.12,75.1
7,2018-09-30,USD,355798000,208130000,36076000,319722000,113421000,66067000,0,0,81489000,0,197729000,1829000,111592000,10346000,31932000,None,None,None,0,55000,0,15422000,-24371000,0,66067000,66067000,None,USD,3354153000,1340034000,None,20826000,4089711000,-735558000,554668000,43752000,82000,-1365010000,637213000,888293000,66650000,428179000,428440000,31650000,31650000,-16135000,205860000,710362000,142954000,-2963885000,79432000,79778000,3017281000,0,55862000,0,0,82000,0,-1365010000,-1060000,None,66650000,None,2643791000,6777000,3024058000,82545000,3661271000,None,None,None,645505000,3354153000,428179000,None,82441928,USD,None,-15939000,-8528000,20000,-7938000,4490000,-200000,20840000,66067000,54752000,58790000,7907000,11417000,-28596000,41224000,0,-5045000,-5617000,8548000,-5045000,None,54752000,73.72,64.12
8,2018-06-30,USD,354485000,203540000,37095000,317390000,115094000,60498000,0,0,82556000,0,191880000,1244000,113850000,11007000,32538000,None,None,None,0,653000,0,22058000,-28102000,0,60498000,60498000,None,USD,3298728000,1345309000,None,17754000,4116533000,-817805000,572105000,44175000,83000,-1313498000,655720000,888284000,66737000,367940000,430007000,31650000,31650000,-15769000,204011000,656477000,137910000,-3051398000,84970000,88790000,3023955000,0,68783000,0,0,83000,0,-1313498000,-1060000,None,66737000,None,2642251000,6851000,3030806000,83615000,3686526000,None,None,None,511379000,3298728000,367940000,None,83042905,USD,None,34960000,-27099000,20000,-7875000,-24587000,-170000,13521000,60498000,32256000,83942000,2159000,11694000,-28800000,12258000,0,-22990000,-2379000,27099000,-22990000,None,32256000,69.07,73.72
9,2018-03-31,USD,303375000,182700000,30844000,272531000,91146000,50152000,0,0,58669000,0,171796000,1315000,89831000,10403000,32477000,None,None,None,0,501000,0,8517000,-29630000,0,50152000,50152000,None,USD,3244108000,1351272000,None,88440000,4104389000,-860281000,572215000,316326000,83000,-1373996000,658851000,888293000,66798000,421066000,409290000,32113000,31500000,-8420000,180959000,615842000,140944000,-3099846000,82605000,106336000,3029232000,0,60851000,0,0,83000,0,-1373996000,-1060000,None,66798000,None,2628266000,7016000,3036248000,86636000,3695099000,None,None,None,522052000,3244108000,421066000,None,92089396,USD,None,-82233000,-5803000,20000,-7875000,-669438000,-731000,-96450000,50152000,-691444000,-16203000,-13765000,11657000,-28639000,-632193000,0,15531000,2455000,5803000,15531000,None,-691444000,59.69,69.07
10,2017-12-31,USD,229725000,74622000,34977000,194748000,115094000,195492000,0,0,84863000,0,63362000,-5032000,120126000,10286000,30231000,None,None,None,0,974000,0,-110629000,-67578000,0,195492000,195492000,None,USD,3937384000,1357157000,None,54574000,3928937000,8447000,326407000,365473000,90000,-705007000,98761000,888308000,2451544000,1159737000,471890000,32096000,31500000,-9690000,169005000,1316835000,140615000,-2237018000,94047000,102524000,3035857000,0,74321000,8447000,724114000,90000,0,-705007000,-1060000,None,65464000,None,2620549000,7180000,3043037000,87603000,3457047000,None,None,None,724114000,3937384000,1159737000,None,90377245,USD,None,99422000,-4755000,853000,664687000,619747000,-18925000,28117000,195492000,770371000,155379000,8635000,11658000,-29092000,3077000,0,-18496000,-134612000,5608000,-25216000,572000,770943000,64.47,59.69
11,2017-09-30,USD,229634000,72811000,34790000,194844000,122812000,52246000,0,0,98376000,0,61996000,779000,122033000,10279000,24436000,None,None,None,0,536000,0,46130000,775000,0,52246000,52246000,None,USD,3139326000,1362586000,None,43448000,3313414000,-174088000,470253000,268082000,90000,-900217000,94573000,888311000,2447204000,400995000,364017000,25584000,2420884000,-20013000,170269000,521853000,128633000,-2424985000,76141000,77410000,2388091000,0,70351000,0,0,90000,0,-900217000,-1060000,None,67674000,None,2617473000,7209000,2395300000,83844000,2949397000,None,None,None,746052000,3139326000,400995000,None,90263851,USD,None,-18294000,-5376000,-2000,-6562000,-48888000,585000,-11605000,52246000,3311000,57575000,937000,11891000,-29064000,-13847000,0,7712000,5779000,5374000,5016000,None,3311000,53.08,64.47
12,2017-06-30,USD,222849000,72813000,36486000,186363000,114003000,55704000,0,0,89118000,0,62382000,453000,113550000,10371000,24885000,None,None,None,0,60000,0,33414000,-69000,0,55704000,55704000,None,USD,3147918000,1368026000,None,51147000,3333319000,-185401000,464337000,275950000,90000,-929490000,93920000,888291000,2444332000,398421000,385935000,25618000,2425571000,-19056000,170013000,533573000,124679000,-2441718000,74952000,84005000,2392732000,0,84367000,0,0,90000,0,-929490000,-1060000,None,63336000,None,2614345000,7221000,2399953000,83094000,2947384000,None,None,None,763055000,3147918000,398421000,None,90485230,USD,None,24782000,-1468000,-1000,-6250000,-130509000,-154000,9942000,55704000,-58099000,73878000,-1778000,12028000,-29226000,-94879000,0,2696000,-5370000,1467000,-11488000,None,-58099000,55.12,53.08
13,2017-03-31,USD,193491000,71138000,31060000,162431000,91801000,47467000,0,0,66930000,0,61235000,508000,91293000,9856000,24871000,None,None,None,0,47000,0,19463000,-24363000,0,47467000,47467000,None,USD,3196051000,1373349000,None,56071000,3315048000,-118997000,469273000,259313000,92000,-899844000,95031000,888277000,2447558000,448772000,357706000,25608000,25608000,-15969000,172658000,575835000,123247000,-2380623000,74339000,70992000,2397358000,0,72785000,0,0,92000,0,-899844000,-1060000,None,62685000,None,2620216000,7385000,2404743000,83326000,2957342000,None,None,None,796724000,3196051000,448772000,None,92089396,USD,None,-75889000,-2255000,-98000,-6250000,-21709000,-645000,-7048000,47467000,-33888000,-9924000,-7048000,12021000,-29621000,14807000,0,14184000,-659000,2157000,14184000,None,-33888000,54.68,55.12
14,2016-12-31,USD,218109000,83820000,20409000,197700000,113429000,56120000,0,0,87033000,0,62786000,-451000,113880000,20989000,26396000,None,None,None,0,45000,0,30913000,-52695000,0,56120000,56120000,None,USD,3227382000,1378720000,None,49665000,3390640000,-163258000,473964000,333659000,91000,-945797000,95081000,888272000,2444362000,471509000,424201000,25589000,25000000,-23984000,176662000,606358000,114738000,-2430250000,69746000,85184000,2401998000,0,64953000,-163258000,807492000,91000,0,-945797000,-1060000,None,62632000,None,2621024000,7550000,2409548000,82927000,2966439000,None,None,None,807492000,3227382000,471509000,None,91437452,USD,None,87043000,-2764000,2052000,-6217000,-51619000,1265000,-151000,56120000,91486000,145869000,2515000,12148000,-27377000,-19290000,0,40535000,-9010000,4816000,-2947000,-291000,91195000,52.44,54.68
15,2016-09-30,USD,212566000,67259000,35947000,176619000,109397000,52712000,0,0,84794000,0,59374000,37000,109360000,7878000,24603000,None,None,None,0,7000,0,32082000,384000,0,52712000,52712000,None,USD,3145595000,1384122000,None,49928000,3312820000,-167225000,484282000,237628000,92000,-981458000,96877000,888283000,2454751000,380400000,332138000,25569000,25569000,-13565000,177137000,513707000,123174000,-2439630000,70734000,83379000,2406550000,0,68941000,-167225000,0,92000,0,-981458000,-1064000,None,59172000,None,2631888000,7468000,2414018000,82382000,2980682000,None,None,None,827706000,3145595000,380400000,None,91765034,USD,None,-20689000,4327000,7910000,-6227000,-32595000,103000,3127000,52712000,22025000,50293000,3416000,12013000,-27475000,1004000,0,43482000,-1207000,3583000,4048000,-1000,22024000,52.08,52.44
16,2016-06-30,USD,220026000,72147000,41738000,178288000,106163000,49590000,0,0,81191000,0,63459000,22000,106141000,8684000,24972000,None,None,None,0,4000,0,31601000,152000,0,49590000,49590000,None,USD,3130395000,1389893000,None,49567000,3334089000,-203694000,482064000,258928000,92000,-1034170000,93556000,889070000,2450382000,363074000,353543000,25551000,25551000,-19380000,179349000,500664000,112274000,-2482657000,72150000,88023000,2411234000,0,69064000,-203694000,0,92000,0,-1034170000,-1064000,None,59145000,None,2629731000,7617000,2418851000,79631000,2980546000,None,None,None,849764000,3130395000,363074000,None,91719371,USD,None,13458000,239000,3830000,-6194000,-28974000,1829000,-2251000,49590000,24783000,53518000,-6487000,12321000,-27451000,2847000,0,39434000,-1340000,3591000,-14024000,-101000,24682000,43.62,52.08
17,2016-03-31,USD,192740000,70484000,36923000,155817000,85112000,37154000,0,0,60231000,0,61195000,-221000,85333000,9196000,24881000,None,None,None,0,93000,0,23077000,-25102000,0,37154000,37154000,None,USD,3093934000,1395456000,None,51158000,3328526000,-234592000,485357000,253408000,91000,-1083760000,92954000,889131000,2455991000,331733000,339993000,25533000,25533000,-19207000,180699000,457244000,111690000,-2519179000,67665000,74353000,2415909000,0,61052000,0,0,91000,0,-1083760000,-1075000,None,59714000,None,2636690000,7763000,2423672000,79504000,2988533000,None,None,None,868284000,3093934000,331733000,None,91547793,USD,None,-76828000,-459000,2725000,-6256000,-63149000,-584000,4884000,37154000,-37083000,26525000,4884000,12453000,-27400000,-28914000,0,53458000,-4596000,3184000,53458000,177000,-36906000,47.17,43.62
18,2015-12-31,USD,151095000,96907000,10712000,140383000,43452000,-8938000,0,0,18778000,-9000,56174000,-24000,43476000,40841000,24720000,None,None,None,0,359000,0,27725000,-135118000,0,-8947000,-8938000,None,USD,3197119000,1401208000,None,58563000,3417862000,-220951000,492129000,324394000,92000,-1076479000,94463000,889588000,2456681000,370901000,418792000,25546000,25000000,-20046000,182614000,557824000,106878000,-2511747000,71917000,128360000,2428097000,0,68852000,0,0,92000,0,-1076479000,-1075000,None,59007000,None,2639295000,7497000,2428097000,78844000,2999070000,None,None,None,876557000,3197119000,370901000,None,97000000,USD,None,84809000,-10445000,-3899000,-6189000,-155816000,-176000,45163000,-8947000,-63932000,102329000,-1811000,12961000,-24503000,-124948000,0,-26316000,53410000,6546000,-38047000,-168000,-64100000,42.59,47.17
19,2015-09-30,USD,209807000,72932000,41171000,172695000,99400000,46216000,0,0,74614000,86000,61433000,-363000,95865000,11499000,24786000,None,None,None,0,0,0,28312000,-158000,0,46302000,46216000,None,USD,3348075000,1407428000,None,37027000,3413866000,-66008000,539520000,239446000,95000,-992837000,94926000,892094000,2549631000,435252000,325457000,25796000,None,-19726000,187272000,611172000,160022000,-2365530000,72131000,138893000,2470645000,0,60215000,0,0,95000,0,-992837000,0,None,90087000,None,2736903000,7168000,2470645000,78244000,3088409000,None,None,None,946460000,3348075000,435252000,None,96000000,USD,None,-22467000,-9359000,-21000,-6266000,-29893000,3806000,None,46216000,-3692000,35560000,646000,12865000,-25198000,-2235000,0,11731000,-1853000,9338000,67000,-374000,-4066000,49.0,42.59
