,fiscalDateEnding,reportedCurrency_x,totalRevenue,totalOperatingExpense,costOfRevenue,grossProfit,ebit,netIncome_x,researchAndDevelopment,effectOfAccountingCharges,incomeBeforeTax,minorityInterest,sellingGeneralAdministrative,otherNonOperatingIncome,operatingIncome,otherOperatingExpense,interestExpense,taxProvision,interestIncome,netInterestIncome,extraordinaryItems,nonRecurring,otherItems,incomeTaxExpense,totalOtherIncomeExpense,discontinuedOperations,netIncomeFromContinuingOperations,netIncomeApplicableToCommonShares,preferredStockAndOtherAdjustments,reportedCurrency_y,totalAssets,intangibleAssets,earningAssets,otherCurrentAssets,totalLiabilities,totalShareholderEquity,deferredLongTermLiabilities,otherCurrentLiabilities,commonStock,retainedEarnings,otherLiabilities,goodwill,otherAssets,cash,totalCurrentLiabilities,shortTermDebt,currentLongTermDebt,otherShareholderEquity,propertyPlantEquipment,totalCurrentAssets,longTermInvestments,netTangibleAssets,shortTermInvestments,netReceivables,longTermDebt,inventory,accountsPayable,totalPermanentEquity,additionalPaidInCapital,commonStockTotalEquity,preferredStockTotalEquity,retainedEarningsTotalEquity,treasuryStock,accumulatedAmortization,otherNonCurrrentAssets,deferredLongTermAssetCharges,totalNonCurrentAssets,capitalLeaseObligations,totalLongTermDebt,otherNonCurrentLiabilities,totalNonCurrentLiabilities,negativeGoodwill,warrants,preferredStockRedeemable,capitalSurplus,liabilitiesAndShareholderEquity,cashAndShortTermInvestments,accumulatedDepreciation,commonStockSharesOutstanding,reportedCurrency,investments,changeInLiabilities,cashflowFromInvestment,otherCashflowFromInvestment,netBorrowings,cashflowFromFinancing,otherCashflowFromFinancing,changeInOperatingActivities,netIncome_y,changeInCash,operatingCashflow,otherOperatingCashflow,depreciation,dividendPayout,stockSaleAndPurchase,changeInInventory,changeInAccountReceivables,changeInNetIncome,capitalExpenditures,changeInReceivables,changeInExchangeRate,changeInCashAndCashEquivalents,clossingVal,nextClossingVal
0,2019-12-31,USD,None,None,None,None,None,None,None,None,None,69440,None,None,None,None,None,None,None,None,None,None,None,52365,None,None,None,-191547,None,USD,71757074,2191073,None,None,11733188,59954446,None,None,51827,11274536,None,None,328605,1396520,10399071,None,4305420,-4714164,46823596,21169430,1244370,57763373,7290511,4701278,None,6202977,1325647,None,None,None,None,None,None,None,None,None,50587644,1525251,None,None,1334117,None,None,None,None,None,None,None,None,USD,None,391637,-2122029,None,669915,None,None,-202053,None,None,882592,None,None,None,None,None,None,354526,0,None,None,None,1.33,
1,2019-09-30,USD,None,None,None,None,None,None,None,None,None,69440,None,None,None,None,None,None,None,None,None,None,None,52365,None,None,None,-191547,None,USD,None,None,None,None,None,None,None,None,51827,11466252,None,None,328605,None,None,None,None,-4714164,46823596,None,None,57763373,None,None,None,None,None,None,None,None,None,None,None,None,None,None,None,None,None,None,None,None,None,None,None,None,None,None,None,USD,None,391637,-2122029,None,669915,None,None,-202053,None,None,882592,None,None,None,None,None,None,354526,0,None,None,None,2.48,1.33
2,2019-06-30,USD,13379860,6776405,8578450,4801410,-86473,695190,67226,None,727790,117486,4139910,None,527050,None,None,51200,193550,None,None,None,None,25600,450366,None,338293,347595,None,USD,69023927,6334348,None,1527397,8072423,60834018,None,3086385,51827,11657630,None,None,4363006,2550152,8072423,2914000,2914000,-3894300,35516368,25922624,995131,58607220,11073200,5409144,None,5362731,543158,None,None,None,None,None,None,None,43101303,None,43101303,None,None,None,0,None,None,None,52827150,None,13623350,None,None,USD,2931405,-415656,-1788215,15106900,-20841,-1648120,68355,343602,1403180,-4535080,1152487,None,1466520,None,None,-159178,466622,47685,16729540,None,None,None,2.886,2.48
3,2019-03-31,USD,6689932,6776405,4289225,2400707,-86473,347595,67226,None,363893,117486,2419954,None,-86473,None,None,None,None,None,None,None,None,25600,450366,None,338293,347595,None,USD,69023927,2226798,None,1527397,8072423,60834018,None,3086385,51827,11849346,None,None,4363006,2550152,8072423,None,None,-3894300,35516368,25922624,995131,58607220,11073200,5409144,None,5362731,543158,None,None,None,None,None,None,None,None,None,None,None,None,None,None,None,None,None,None,None,None,None,None,USD,2931405,-415656,-1788215,None,-20841,47514,68355,343602,347595,-326190,1152487,None,411372,None,None,-159178,466622,47685,4730635,None,None,None,3.5285,2.886
4,2018-12-31,USD,12836650,6012068,8208060,4628590,406258,726590,269340,None,1055690,117486,3977400,None,112510,None,None,329100,926850,None,None,None,None,164548,121586,None,363296,726590,None,USD,67608980,2313380,None,1203611,7664080,59944900,None,2744081,51830,11154160,None,None,4138480,3202532,7664080,2923500,None,-3747100,26843480,33842420,471224,57631519,17479325,6274710,None,5673260,1372014,None,None,None,None,None,None,None,None,None,None,None,None,None,None,None,None,None,52486020,None,20681860,None,None,USD,4622047,518370,1953790,9244090,-871574,-1743150,68355,-2389400,726590,-3882700,-3573930,None,643780,None,None,-518877,-439027,178294,7290300,None,None,None,3.9,3.5285
5,2018-09-30,USD,6418326,6012068,4104030,2314296,406258,363296,269340,None,527844,117486,1638698,None,406258,None,None,None,None,None,None,None,None,164548,121586,None,363296,363296,None,USD,67608981,2313381,None,1203611,7664081,59944900,None,2744081,51827,11154156,None,None,4138477,3202532,7664081,None,None,-3747101,26843483,33842416,471224,57631519,17479325,6283689,None,5673259,1372014,None,None,None,None,None,None,None,None,None,None,None,None,None,None,None,None,None,None,None,None,None,None,USD,4622047,518370,976896,None,-871574,-871574,68355,-2389400,363296,-1941352,-1786963,None,321889,None,None,-518877,-439027,178294,3634136,None,None,None,2.5,3.9
6,2018-06-30,USD,15302590,6544899,9182160,6120430,1106396,1712990,204996,0,2127350,0,3497650,None,2212790,0,388000,414360,-77530,None,0,0,0,207181,-42722,0,856493,1712990,None,USD,69708210,2390570,None,1105783,8968670,60739530,None,2656314,51830,10427570,None,None,22300,7085235,8968670,4835200,None,-1884750,20950690,46344650,None,58348961,28233035,5641500,None,4153580,351375,None,None,None,None,None,None,None,None,None,None,None,None,None,None,None,None,None,52144890,None,35318270,None,None,USD,-14368765,-713890,-44260970,-28737530,-465975,47612780,None,-1244778,4603710,5580640,3514390,None,1219890,None,50200290,541867,-288172,61885,15523440,None,None,None,4.05,2.5
7,2018-03-31,USD,7651295,6544899,4591079,3060216,1106396,856493,204996,0,1063674,0,1748824,None,1106396,0,229731,None,None,None,0,0,0,207181,-42722,0,856493,856493,None,USD,69582690,2390571,None,1105783,8843158,60739532,None,2656314,51827,10427565,None,None,22297,7085235,8843158,None,None,-1884751,20950685,46219137,None,58348961,28233035,5641501,None,4153583,351375,None,None,None,None,None,None,None,None,None,None,None,None,None,None,None,None,None,None,None,None,None,None,USD,-14368765,-713890,-21720831,None,-465975,-465975,None,-1244778,856493,-23134337,-314184,None,321568,None,None,541867,-288172,61885,6312200,None,None,None,4.07,4.05
8,2017-12-31,USD,14832710,5552137,8818550,6014160,1864216,2890720,85194,0,3401730,0,2115340,None,3728440,0,-76577,511010,-328200,None,0,0,0,255505,-163351,0,1445361,2890720,None,USD,73600290,82920,None,448058,12788100,60812190,None,2955856,51830,8714580,None,None,10,53353910,12788100,5179690,5179690,242020,9372920,64144450,None,60729273,None,4980120,None,5362360,1807845,None,None,None,None,None,None,None,None,None,None,None,None,None,None,None,None,None,51803760,None,53353910,None,None,USD,-14368765,555032,-819310,None,-827777,48544730,None,1118555,2890720,51849310,4142750,None,576760,None,50200290,-1159796,-442840,40613,819310,None,None,None,5.9,4.07
9,2017-09-30,USD,7416353,5552137,4409275,3007078,1864216,1445361,85194,0,1700866,0,1057668,None,1864216,0,-76577,None,None,None,0,0,0,255505,-163351,0,1445361,1445361,None,USD,73600291,82917,None,448058,12788101,60812190,None,2955856,51827,8714579,None,None,11,53353910,12788101,5179690,5179690,242020,9372915,64144448,None,60729273,None,4980118,None,5362362,1807845,None,None,None,None,None,None,None,None,None,None,None,None,None,None,None,None,None,None,None,None,None,None,USD,-14368765,555032,-409655,None,-827777,24272366,None,1118555,1445361,25924657,2071377,None,288378,None,25100143,-1159796,-442840,40613,409655,None,None,None,nan,5.9
10,2017-06-30,USD,12235000,14446060,6806000,7517062,5076753,3067000,143000,0,3674000,0,1347000,None,3637000,0,150000,943200,None,None,0,0,0,607000,82932,0,4351812,3067000,None,USD,17518000,86000,None,307000,10161000,7357000,None,785000,30000,5702000,None,None,96000,1505000,10161000,5871973,5871973,-122022,8753000,8669463,None,7271127,None,4001156,None,2857000,648000,None,None,None,None,None,None,None,None,None,None,None,None,None,None,None,None,None,1625310,None,1504600,None,None,USD,-28737530,57359,-3620512,None,716218,-2009665,-2725880,312618,3067000,120361,5508000,None,809313,-2726000,None,-434413,-743349,-331623,3621000,None,None,None,nan,nan
11,2017-03-31,USD,7287722,4298975,-4370532,2492623,1818687,-1285048,-25596,0,-1485723,0,-1132258,None,-1439335,0,-166417,None,None,None,0,0,0,-200675,18191,0,1533417,-1285048,None,USD,17518060,86014,None,307133,10160919,7357141,None,3280970,30000,5823857,None,None,9543,1504596,10160919,5871973,5871973,-122022,8753040,8669463,None,7271127,None,4001156,None,2856578,647867,None,None,None,None,None,None,None,None,None,None,None,None,None,None,None,None,None,None,None,None,None,None,USD,None,-84769,-1545913,None,244374,244374,None,295622,1533417,-148240,1098672,None,215930,None,25100143,-174537,-830018,-127993,1545913,None,None,None,nan,nan
12,2016-12-31,USD,8937000,-6764724,5202000,-3349626,-2172044,1879000,65000,0,2215000,0,1178000,None,2172000,0,182000,None,None,None,0,0,0,336000,-43160,0,-1878930,1879000,None,USD,12906952,97679,None,552589,8714870,4192082,None,1804342,30000,2796288,None,None,61680,1801076,8714870,5758840,5758840,-259512,5973950,6773643,None,4094403,None,2368765,None,2051213,796458,None,None,None,None,None,None,None,None,None,None,None,None,None,None,None,None,None,None,None,None,None,None,USD,None,113449,-264343,None,113735,-1249207,None,-139313,1879000,208421,1655324,None,188727,-1362942,None,-42670,458343,-37819,264343,None,None,None,nan,nan
13,2016-09-30,USD,4468384,3382362,2793571,1674813,1086022,939465,32410,0,1107602,0,556381,None,1086022,0,-90854,None,None,None,0,0,0,168137,21580,0,939465,939465,None,USD,12906952,97679,None,552589,8714870,4192082,None,1804342,30000,2796288,None,None,61680,1801076,8714870,5758840,5758840,-259512,5973950,6773643,None,4094403,None,2368765,None,2051213,796458,None,None,None,None,None,None,None,None,None,None,None,None,None,None,None,None,None,None,None,None,None,None,USD,None,113449,-264343,None,113735,-1249207,None,-139313,939465,208421,1655324,None,188727,-1362942,None,-42670,458343,-37819,264343,None,None,None,nan,nan
14,2016-06-30,USD,16095000,12451534,9699000,5558734,3643358,3483000,194000,0,4090000,0,1916000,None,3642000,0,355000,None,None,None,0,0,0,607000,446893,0,3483441,3483000,None,USD,13257000,109000,None,217000,8173000,5084000,None,308000,30000,3429000,None,None,173000,1384000,8173000,6021013,6021013,-264541,6093000,6990693,None,4974363,None,3331160,None,2058000,602000,None,None,None,None,None,None,None,None,None,None,None,None,None,None,None,None,None,None,None,None,None,None,USD,-28737530,-803387,-1219728,None,-3599146,-1642101,1957000,-149780,3483000,1106607,3949000,None,822842,-2725883,None,439000,-588364,70523,1220000,None,None,None,nan,nan
