,fiscalDateEnding,reportedCurrency_x,totalRevenue,totalOperatingExpense,costOfRevenue,grossProfit,ebit,netIncome_x,researchAndDevelopment,effectOfAccountingCharges,incomeBeforeTax,minorityInterest,sellingGeneralAdministrative,otherNonOperatingIncome,operatingIncome,otherOperatingExpense,interestExpense,taxProvision,interestIncome,netInterestIncome,extraordinaryItems,nonRecurring,otherItems,incomeTaxExpense,totalOtherIncomeExpense,discontinuedOperations,netIncomeFromContinuingOperations,netIncomeApplicableToCommonShares,preferredStockAndOtherAdjustments,reportedCurrency_y,totalAssets,intangibleAssets,earningAssets,otherCurrentAssets,totalLiabilities,totalShareholderEquity,deferredLongTermLiabilities,otherCurrentLiabilities,commonStock,retainedEarnings,otherLiabilities,goodwill,otherAssets,cash,totalCurrentLiabilities,shortTermDebt,currentLongTermDebt,otherShareholderEquity,propertyPlantEquipment,totalCurrentAssets,longTermInvestments,netTangibleAssets,shortTermInvestments,netReceivables,longTermDebt,inventory,accountsPayable,totalPermanentEquity,additionalPaidInCapital,commonStockTotalEquity,preferredStockTotalEquity,retainedEarningsTotalEquity,treasuryStock,accumulatedAmortization,otherNonCurrrentAssets,deferredLongTermAssetCharges,totalNonCurrentAssets,capitalLeaseObligations,totalLongTermDebt,otherNonCurrentLiabilities,totalNonCurrentLiabilities,negativeGoodwill,warrants,preferredStockRedeemable,capitalSurplus,liabilitiesAndShareholderEquity,cashAndShortTermInvestments,accumulatedDepreciation,commonStockSharesOutstanding,reportedCurrency,investments,changeInLiabilities,cashflowFromInvestment,otherCashflowFromInvestment,netBorrowings,cashflowFromFinancing,otherCashflowFromFinancing,changeInOperatingActivities,netIncome_y,changeInCash,operatingCashflow,otherOperatingCashflow,depreciation,dividendPayout,stockSaleAndPurchase,changeInInventory,changeInAccountReceivables,changeInNetIncome,capitalExpenditures,changeInReceivables,changeInExchangeRate,changeInCashAndCashEquivalents,clossingVal,nextClossingVal
0,2020-06-30,USD,1026201000,878670000,681725000,344476000,194139000,120407000,70093000,None,145114000,42509000,109612000,None,147531000,None,2417000,24707000,None,-2417000,None,None,None,24707000,None,None,120407000,120407000,None,USD,6384355000,185334000,None,None,2737188000,3604658000,None,176203000,3604658000,5250528000,552734000,2466991000,454284000,1194043000,1306957000,None,100000000,5934000,878449000,2399297000,None,952333000,None,769696000,643798000,None,181913000,None,None,None,None,None,None,None,454284000,None,3985058000,296248000,None,319587000,1430231000,None,None,None,None,None,None,None,None,USD,-72525000,-18722000,-72525000,-2017000,395685000,317286000,-2000,15591000,120407000,431441000,186680000,None,46608000,-43723000,-60014000,None,-1435000,45827000,41250000,None,None,None,60.88,
1,2020-03-31,USD,1047933000,891221000,683970000,363963000,205820000,127038000,68795000,None,154422000,42509000,119108000,None,156712000,None,2290000,27384000,-2290000,-2290000,None,None,None,27384000,None,None,127038000,127038000,None,USD,5905578000,195866000,None,28237000,2326766000,3536303000,None,206640000,4477000,5173689000,541582000,2460172000,455052000,762602000,1566793000,350000000,350000000,-9204000,843254000,1951234000,None,880265000,None,755393000,None,None,176513000,None,None,None,None,None,-5392457000,None,455052000,None,3954344000,278158000,None,312088000,759973000,None,None,None,3759798000,None,762602000,None,134000000,USD,-46985000,-101623000,-46985000,-815000,350000000,220844000,-232000,-46251000,127038000,276727000,102868000,None,49108000,-38357000,-120028000,None,54650000,13539000,46170000,None,None,None,54.97,60.88
2,2019-12-31,USD,1041957000,898380000,686312000,355645000,192576000,115932000,67311000,None,143225000,42509000,123467000,None,143577000,None,352000,27293000,-352000,-352000,None,None,None,27293000,-352000,None,115932000,115932000,None,USD,5632275000,184548000,None,10648000,2050471000,3539295000,None,173612000,4466000,5090374000,558321000,2460793000,456031000,485875000,1268486000,None,None,-2926000,819379000,1711524000,None,893954000,None,797184000,None,None,194121000,None,None,None,None,None,-5272429000,None,456031000,None,3920751000,281416000,None,325605000,781985000,None,None,None,3719810000,None,485875000,None,136000000,USD,-60993000,22592000,-60993000,-2458000,350000000,-88672000,-1417000,-7488000,115932000,14243000,163908000,None,48999000,-38413000,-90020000,None,-34693000,17120000,58535000,None,None,None,72.19,54.97
3,2019-09-30,USD,1030253000,886099000,667129000,363124000,196720000,122027000,70109000,None,146598000,42509000,125046000,None,144154000,None,-392000,24571000,2444000,10304000,None,None,None,24571000,2444000,None,122027000,122027000,None,USD,5292826000,205162000,None,14430000,1750360000,3499957000,None,180547000,4452000,5012799000,542430000,2462835000,423941000,471632000,1207930000,None,None,-2547000,353983000,1675574000,None,660629000,0,760797000,None,None,176508000,None,None,None,None,None,-5182409000,None,423941000,None,3617252000,None,None,334922000,542430000,None,None,None,3667662000,None,471632000,None,137000000,USD,-36802000,17527000,-36802000,-501000,350000000,-112979000,-5000,25371000,122027000,63844000,213625000,None,50514000,-38730000,-90021000,None,-16132000,3688000,34325000,None,None,None,66.11,72.19
4,2019-06-30,USD,1024704000,882384000,664862000,359842000,195725000,131448000,68376000,None,138361000,42353000,125088000,None,142320000,None,3959000,6913000,-3959000,-3959000,None,None,None,6913000,-3959000,None,131448000,131448000,None,USD,5234619000,195592000,None,9264000,1706934000,3485332000,None,171791000,4449000,4929185000,523906000,2452803000,447264000,407788000,1183028000,None,None,197000,492718000,1646242000,None,836937000,49919000,746606000,None,None,172093000,None,None,None,None,None,-5092388000,None,447264000,None,3588377000,None,None,321643000,523906000,None,None,None,3643889000,None,457707000,None,136000000,USD,-34702000,-29395000,-34702000,718000,350000000,-121178000,-7478000,4055000,131448000,8593000,164473000,None,53405000,-39085000,-88822000,None,7915000,-4990000,35833000,None,None,None,62.09,66.11
5,2019-03-31,USD,1019657000,869482000,660422000,359235000,200551000,124279000,66765000,None,148309000,42353000,120989000,None,150175000,None,-2730000,24030000,-1866000,-1866000,None,None,None,24030000,-1866000,None,124279000,123412000,None,USD,5233714000,219009000,None,8427000,1783280000,3450434000,None,186204000,4445000,4836467000,527288000,2452549000,436059000,399195000,1213639000,None,None,-7401000,487407000,1638690000,None,778876000,50501000,958854000,None,None,189638000,None,None,None,None,None,-5003566000,None,436059000,None,3595024000,None,None,316825000,527288000,None,None,None,3620891000,None,449696000,None,138000000,USD,28640000,-23775000,-15252000,42676000,None,-282615000,-5099000,-11993000,225971000,-19588000,278279000,None,101853000,-69801000,-207715000,None,41212000,19057000,57928000,None,None,None,54.11,62.09
6,2018-12-31,USD,1012055000,878958000,662568000,349487000,133097000,101692000,68686000,None,134619000,47129000,121860000,None,133097000,None,-2503000,None,None,None,None,None,None,32927000,1522000,None,101692000,101692000,None,USD,5296029000,242427000,None,4994000,1796869000,3452031000,None,585598000,4441000,4751272000,523172000,2447623000,437923000,358657000,1273697000,None,None,-28287000,486662000,1681394000,None,761981000,99993000,1008748000,None,None,168440000,None,None,None,None,None,-4883534000,None,None,None,None,None,None,None,None,None,None,None,3608139000,None,458650000,None,141000000,USD,860000,-62254000,-43892000,857000,None,-125884000,-35000,13672000,101692000,-60126000,109650000,None,51477000,-35046000,-90803000,None,-26406000,7582000,37309000,None,None,None,58.58,54.11
7,2018-09-30,USD,1002588000,878769000,654923000,347665000,123819000,44266000,70783000,0,65383000,43163000,125830000,None,123819000,0,-3436000,None,None,None,0,0,0,21117000,-58436000,0,44266000,44266000,None,USD,5347815000,417615000,None,2979000,1855773000,3448879000,None,583039000,4436000,4673901000,560816000,2444895000,420369000,418783000,1294957000,None,None,-32731000,344219000,1720717000,None,586369000,100433000,1026700000,None,None,194738000,None,None,None,None,None,-4784352000,None,None,None,None,None,None,None,None,None,None,None,None,None,None,None,143000000,USD,141000,-30597000,-37038000,-743000,None,-120089000,-135000,18199000,44266000,-41778000,115349000,None,53803000,-35363000,None,None,15239000,30047000,33893000,None,None,None,65.98,58.58
8,2018-06-30,USD,1002198000,866623000,650569000,351629000,135575000,91530000,72729000,0,102306000,43163000,116396000,None,135575000,0,-13963000,None,None,None,0,0,0,10776000,-33269000,0,91530000,91530000,None,USD,5443468000,290137000,None,10481000,1880599000,3519706000,None,578972000,4435000,4664681000,561842000,2461129000,435834000,460561000,1318757000,None,None,-24379000,476126000,1780242000,None,768440000,100480000,982213000,None,None,252596000,None,None,None,None,None,-4694717000,None,None,None,None,None,None,None,None,None,None,None,None,None,None,None,142000000,USD,95211000,31892000,61116000,1032000,-120000000,-235057000,-213000,-8115000,91530000,-10370000,163571000,None,54521000,-35635000,10605000,None,-4331000,22177000,35127000,None,None,None,66.19,65.98
9,2018-03-31,USD,992340000,860513000,646587000,345753000,131827000,101727000,64926000,0,131588000,43163000,120199000,None,131827000,0,-13963000,None,None,None,0,0,0,29861000,-239000,0,101727000,101727000,None,USD,5578991000,321731000,None,17164000,1972774000,3563054000,None,561853000,4432000,4608514000,582419000,2459225000,465270000,470931000,1390355000,120000000,120000000,6345000,471818000,1860947000,None,782098000,195912000,972279000,None,None,218574000,None,None,None,None,None,-4604903000,None,None,None,None,None,None,None,None,None,None,None,None,None,None,None,143000000,USD,127651000,-35985000,-285500000,-4153000,120000000,1919000,-1220000,-22748000,101727000,-169853000,113728000,None,53663000,-31558000,34578000,None,-8562000,17556000,110347000,None,None,None,66.72,66.19
10,2017-12-31,USD,977711000,855568000,611596000,334514000,122143000,116873000,68177000,0,122264000,38123000,186845000,None,130033000,0,-13963000,None,None,None,0,0,0,5391000,121000,0,116873000,116873000,None,USD,5401869000,2486885000,None,207288000,1773977000,3589769000,None,1040656000,4419000,4566522000,552281000,2265467000,2943769000,640784000,1221696000,None,None,24098000,364937000,2093163000,None,1102884000,325154000,919937000,None,None,144119000,None,None,None,None,None,-4485022000,None,None,None,None,None,None,None,None,None,None,None,None,None,None,None,145000000,USD,4050000,70632000,-100970000,707000,120000000,-72458000,48123000,-5116000,116873000,-8827000,164601000,None,49237000,-31736000,31053000,None,-68797000,4118000,51779000,None,None,None,65.48,66.72
11,2017-09-30,USD,979724000,2513039000,611402000,1021444000,387421000,107209000,64686000,0,129705000,5040000,184923000,None,132047000,110291000,0,None,None,None,0,0,0,22496000,-5573000,0,317562000,107209000,None,USD,5279380000,2398535000,None,203810000,1705310000,3574070000,219417000,1012389000,4410000,4475897000,532364000,2221209000,2875209000,649611000,1172946000,None,None,18790000,355685000,2048486000,None,1175535000,329997000,865068000,None,None,126414000,None,None,None,None,None,-4365124000,None,None,None,None,None,None,None,None,None,None,None,None,None,None,None,146000000,USD,-3917000,72049000,-185313000,-29940000,-200000000,-569848000,4666000,-27631000,107209000,-119049000,636112000,None,214885000,-121503000,87586000,None,-41075000,46433000,133392000,None,None,None,64.32,65.48
12,2017-06-30,USD,966695000,4555000,601173000,-6217000,-3869000,119264000,67118000,0,131064000,0,181115000,None,129912000,0,0,None,None,None,0,0,0,11800000,1620000,0,6704000,119264000,None,USD,5293617000,2395253000,None,228611000,1711928000,3581689000,None,963248000,4405000,4416604000,534759000,2197383000,2871790000,636526000,1177169000,None,None,34970000,336791000,2085036000,None,1186436000,326513000,893386000,None,None,176390000,None,None,None,None,None,-4274758000,None,None,None,None,None,None,None,None,None,None,None,None,None,None,None,145000000,USD,440000,75178000,-39912000,-11693000,-200000000,-308040000,3716000,4002000,119264000,-186202000,437104000,None,54495000,-89522000,13395000,None,-47941000,-349000,98565000,None,None,None,64.46,64.32
13,2017-03-31,USD,966009000,832228000,605665000,344272000,133781000,112560000,67303000,0,133313000,38123000,181768000,None,127090000,0,-1600000,None,None,None,0,0,0,20753000,-468000,0,112560000,112560000,None,USD,5415965000,2423886000,None,223838000,1863049000,3552916000,None,938905000,4401000,4321861000,512056000,2199006000,2866519000,822728000,1350993000,200000000,200000000,27510000,331523000,2217923000,None,1129030000,326726000,844631000,None,None,175213000,None,None,None,None,None,-4184759000,None,None,None,None,None,None,None,None,None,None,None,None,None,None,None,147000000,USD,-243000,25101000,-30475000,1671000,200000000,132061000,2929000,-28490000,112560000,208912000,275354000,None,51486000,-57299000,38663000,None,17463000,17878000,69906000,None,None,None,60.99,64.46
14,2016-12-31,USD,954727000,0,591513000,0,0,97793000,59990000,0,118830000,0,184069000,None,121593000,0,0,None,None,None,0,0,0,21037000,0,0,0,97793000,None,USD,5189342000,2453428000,None,193716000,1718856000,3470486000,None,1029637000,4388000,4207504000,497455000,2201164000,2868027000,613816000,1221401000,None,None,None,325275000,None,None,None,326508000,None,None,None,143593000,None,None,None,None,None,-4104746000,None,None,None,None,None,None,None,None,None,None,None,None,None,None,None,148000000,USD,None,68226000,None,3733000,None,None,None,None,97793000,None,168028000,None,None,-28693000,None,None,None,None,41736000,None,None,None,58.25,60.99
15,2016-09-30,USD,940656000,3235088000,592087000,1310189000,483141000,95709000,61043000,0,119146000,43163000,178073000,None,118497000,109873000,-1667000,None,None,None,0,0,0,23437000,1557000,0,409331000,95709000,None,USD,5331355000,2493166000,None,186137000,1877794000,3453561000,227099000,990905000,4377000,4150922000,511784000,2211639000,2899236000,768660000,1366010000,200000000,200000000,6095000,331728000,2100391000,None,960395000,327063000,818531000,None,None,136675000,None,None,None,None,None,-4024527000,None,None,None,None,None,None,None,None,None,None,None,None,None,None,None,150000000,USD,-8782000,59982000,-440851000,-18533000,-20000000,-446296000,6830000,15826000,95709000,-266913000,620234000,None,211791000,-109304000,89600000,None,-70859000,33879000,130086000,None,None,None,57.85,58.25
16,2016-06-30,USD,930133000,0,570722000,0,0,105060000,65051000,0,126075000,0,178882000,None,124962000,0,0,None,None,None,0,0,0,21015000,0,0,0,105060000,None,USD,4997759000,2251191000,None,188837000,1563976000,3433783000,None,907195000,4366000,4073177000,471853000,2055074000,2637122000,801187000,1092123000,None,None,None,308799000,None,None,None,323751000,None,None,None,139542000,None,None,None,None,None,-3934856000,None,None,None,None,None,None,None,None,None,None,None,None,None,None,None,149000000,USD,None,37261000,None,None,None,None,None,None,105060000,None,467526000,None,None,-80468000,None,None,None,12263000,101372000,None,None,None,57.72,57.85
17,2016-03-31,USD,925935000,0,574505000,0,0,107720000,63711000,0,121607000,0,178185000,None,120147000,0,0,None,None,None,0,0,0,13887000,0,0,0,107720000,None,USD,5091527000,2269272000,None,202144000,1616544000,3474983000,None,932185000,4363000,4010362000,474341000,2047782000,2672194000,823456000,1142203000,None,None,None,311723000,None,None,None,326629000,None,None,None,158000000,None,None,None,None,None,-3811713000,None,None,None,None,None,None,None,None,None,None,None,None,None,None,None,151000000,USD,None,27784000,None,None,None,None,None,None,107720000,None,316673000,None,None,-51262000,None,None,None,None,67289000,None,None,None,60.42,57.72
18,2015-12-31,USD,921505000,0,568808000,0,0,100842000,62487000,0,117870000,0,182035000,None,119535000,0,0,None,None,None,0,0,0,17028000,0,0,0,100842000,None,USD,5053605000,2269297000,None,183847000,1627021000,3426584000,None,985415000,4346000,3910452000,458216000,2040173000,2650625000,865893000,1168805000,None,None,None,305218000,None,None,None,319963000,None,None,None,114624000,None,None,None,None,None,-3711069000,None,None,None,None,None,None,None,None,None,None,None,None,None,None,None,152000000,USD,None,59354000,None,None,None,None,None,None,100842000,None,198843000,None,None,-25697000,None,None,None,None,38253000,None,None,None,54.57,60.42
19,2015-09-30,USD,926776000,3114590000,575325000,1294050000,528948000,91130000,65900000,0,108325000,43163000,177091000,None,122700000,70073000,-3142000,None,None,None,0,13000000,0,17195000,-15544000,0,446163000,91130000,None,USD,5324652000,2301610000,None,309366000,1917810000,3406842000,305985000,958051000,4331000,3831043000,553736000,2049093000,2637170000,1035573000,1363503000,220000000,220000000,-16753000,309320000,2378162000,None,1105232000,318439000,714784000,571000,None,111974000,None,None,None,None,None,-3611105000,None,None,None,None,None,None,None,None,None,None,None,None,None,None,None,155000000,USD,2634000,63894000,-379654000,1408000,10000000,-460664000,5940000,9833000,91130000,-67696000,772622000,None,174795000,-100790000,78206000,None,39829000,12200000,120503000,None,None,None,56.88,54.57
