,fiscalDateEnding,reportedCurrency_x,totalRevenue,totalOperatingExpense,costOfRevenue,grossProfit,ebit,netIncome_x,researchAndDevelopment,effectOfAccountingCharges,incomeBeforeTax,minorityInterest,sellingGeneralAdministrative,otherNonOperatingIncome,operatingIncome,otherOperatingExpense,interestExpense,taxProvision,interestIncome,netInterestIncome,extraordinaryItems,nonRecurring,otherItems,incomeTaxExpense,totalOtherIncomeExpense,discontinuedOperations,netIncomeFromContinuingOperations,netIncomeApplicableToCommonShares,preferredStockAndOtherAdjustments,reportedCurrency_y,totalAssets,intangibleAssets,earningAssets,otherCurrentAssets,totalLiabilities,totalShareholderEquity,deferredLongTermLiabilities,otherCurrentLiabilities,commonStock,retainedEarnings,otherLiabilities,goodwill,otherAssets,cash,totalCurrentLiabilities,shortTermDebt,currentLongTermDebt,otherShareholderEquity,propertyPlantEquipment,totalCurrentAssets,longTermInvestments,netTangibleAssets,shortTermInvestments,netReceivables,longTermDebt,inventory,accountsPayable,totalPermanentEquity,additionalPaidInCapital,commonStockTotalEquity,preferredStockTotalEquity,retainedEarningsTotalEquity,treasuryStock,accumulatedAmortization,otherNonCurrrentAssets,deferredLongTermAssetCharges,totalNonCurrentAssets,capitalLeaseObligations,totalLongTermDebt,otherNonCurrentLiabilities,totalNonCurrentLiabilities,negativeGoodwill,warrants,preferredStockRedeemable,capitalSurplus,liabilitiesAndShareholderEquity,cashAndShortTermInvestments,accumulatedDepreciation,commonStockSharesOutstanding,reportedCurrency,investments,changeInLiabilities,cashflowFromInvestment,otherCashflowFromInvestment,netBorrowings,cashflowFromFinancing,otherCashflowFromFinancing,changeInOperatingActivities,netIncome_y,changeInCash,operatingCashflow,otherOperatingCashflow,depreciation,dividendPayout,stockSaleAndPurchase,changeInInventory,changeInAccountReceivables,changeInNetIncome,capitalExpenditures,changeInReceivables,changeInExchangeRate,changeInCashAndCashEquivalents,clossingVal,nextClossingVal
0,2020-06-30,USD,2668000,25805000,200000,2468000,-48774000,-51579000,5884000,None,-53506000,None,18954000,-25435000,-23339000,967000,4732000,None,331000,-4401000,None,None,None,None,-23839000,None,-53506000,-51579000,None,USD,329314000,None,None,9463000,271019000,58295000,None,34950000,109000,-1282998000,1910000,2103000,3398000,60485000,53222000,None,None,-2095000,30476000,265466000,None,56192000,140223000,903000,179656000,54392000,18272000,None,None,109000,None,-1282998000,None,None,31269000,None,63848000,39276000,179656000,38141000,217797000,None,None,None,1343279000,329314000,200708000,None,109503242,USD,-48697000,-1525000,-49383000,None,None,93482000,14000,-1301000,-51579000,22278000,-21821000,-845000,1058000,None,93468000,-6293000,None,30131000,686000,7232000,None,22278000,8.87,
1,2020-03-31,USD,10919000,27933000,2298000,8621000,-9790000,-12595000,4653000,None,-14521000,None,20926000,9522000,-19312000,2354000,4731000,None,590000,-4141000,None,None,None,None,10858000,None,-14521000,-12595000,None,USD,259256000,202000,None,8380000,247432000,11824000,None,9201000,88000,-1231419000,1598000,2061000,3513000,37899000,29279000,None,None,-2575000,30897000,194147000,None,9561000,91634000,8135000,179583000,48099000,20078000,None,None,88000,None,-1231419000,None,None,31949000,None,65109000,39923000,179583000,38570000,218153000,None,None,None,1245730000,259256000,129533000,None,87599440,USD,19915000,-5823000,10563000,-7000000,None,14539000,-1000,-5357000,-12595000,-1764000,-26866000,1227000,927000,None,14540000,-6767000,None,-4586000,2352000,751000,None,-1764000,3.53,8.87
2,2019-12-31,USD,10570000,31066000,6917000,3653000,-33618000,-36756000,12269000,None,-38484000,None,20318000,-6229000,-27389000,-2166000,4866000,None,766000,-4100000,None,642000,None,None,-5909000,None,-38484000,-36756000,None,USD,279068000,2500000,None,7380000,270778000,8290000,None,24847000,84000,-1218824000,1285000,2081000,3560000,39884000,53047000,None,None,-2387000,32022000,208653000,None,3709000,111171000,8886000,178601000,41332000,28200000,None,None,84000,None,-1218824000,None,None,33812000,None,70415000,37845000,178601000,39130000,217731000,None,None,None,1229417000,279068000,151055000,None,83871119,USD,-4350000,-3771000,21716000,60633000,None,0,565000,-4189000,-70215000,-1296000,-23012000,115825000,5155000,None,79536000,-4703000,-64000,38307000,25536000,-1304000,None,-1296000,5.72,3.53
3,2019-09-30,USD,10575000,38880000,2300000,8275000,-29571000,-33459000,12660000,None,-34350000,None,18459000,1058000,-30629000,3824000,4779000,None,890000,-3889000,None,3937000,None,None,-2878000,None,-34350000,-36726000,None,USD,301015000,4823000,None,5711000,261859000,39156000,None,17443000,84000,-1182068000,932000,2045000,4128000,37297000,46348000,None,None,-3088000,31461000,228835000,None,32288000,137649000,8822000,177615000,39356000,28905000,None,None,84000,None,-1182068000,None,None,33851000,None,72180000,36964000,177615000,37896000,215511000,None,None,None,1224228000,301015000,174946000,None,83865119,USD,-40219000,218000,-37084000,-60633000,None,65744000,1000,-5032000,-33459000,6683000,-21977000,-113268000,7662000,None,65743000,-2727000,-1240000,-11015000,14518000,None,None,6683000,3.575,5.72
4,2019-06-30,USD,8301000,47272000,4438000,8301000,-38115000,-42713000,16196000,None,-42713000,None,17861000,856000,-38971000,4441000,4598000,None,979000,-3619000,None,8777000,None,None,-8900000,None,-42713000,-42713000,None,USD,267081000,7147000,None,6745000,256493000,10588000,None,8296000,65000,-1148609000,643000,2131000,2427000,34225000,44573000,None,None,-1983000,34393000,191450000,None,1310000,106269000,7582000,176636000,36629000,36277000,None,None,65000,None,-1148609000,None,None,31960000,None,75631000,34641000,176636000,35284000,211920000,None,None,None,1161115000,267081000,140494000,None,65154729,USD,-34526000,2697000,-42027000,-9031000,None,345000,19000,4157000,-42713000,-78043000,-36361000,2894000,942000,None,326000,-9060000,-1791000,10670000,7501000,-1791000,None,-78043000,3.99,3.575
5,2019-03-31,USD,5773000,43627000,4073000,5773000,-36938000,-39672000,21206000,None,-39672000,None,18348000,916000,-37854000,4073000,2734000,None,-1999000,-1999000,None,None,None,None,181000,None,-39672000,-39672000,None,USD,296600000,9445000,None,5948000,253441000,43159000,None,8369000,65000,-1105896000,441000,2102000,3719000,112133000,42251000,1884000,1884000,-2431000,25305000,222524000,None,31612000,71083000,5791000,175673000,27569000,33882000,None,None,65000,None,-1105896000,None,None,37224000,None,74076000,35076000,175673000,35517000,211190000,None,None,None,1151421000,296600000,183216000,None,65020320,USD,25495000,-3454000,14613000,-7000000,74250000,88262000,-18000,-5958000,-39672000,62973000,-39902000,5495000,1379000,None,14030000,-8547000,-2087000,6984000,3882000,-2087000,None,62973000,7.31,3.99
6,2018-12-31,USD,5318000,43279000,24517000,5318000,-37218000,-39969000,22892000,0,-39969000,0,16438000,743000,-37961000,3972000,2751000,None,None,None,0,0,0,0,-2008000,0,-39969000,-39969000,None,USD,210884000,11717000,None,6102000,147819000,63065000,None,7000000,63000,-1066224000,8915000,2144000,5595000,49348000,38033000,None,None,-2015000,17064000,174364000,None,49204000,96188000,3704000,100871000,19022000,31033000,None,None,63000,None,-1066224000,None,None,5595000,None,36520000,None,100871000,8915000,109786000,None,None,None,1131241000,210884000,145536000,None,62862478,USD,45761000,7473000,44412000,70653000,74250000,6000,6000,3793000,-39969000,10788000,-33630000,-316000,697000,None,-523000,-6570000,-2197000,7252000,1349000,-2197000,None,10788000,9.15,7.31
7,2018-09-30,USD,1461000,40358000,20747000,1461000,-37793000,-40528000,16820000,0,-40528000,0,15788000,1104000,-38897000,7727000,2735000,None,None,None,0,0,0,0,-1631000,0,-40528000,-40528000,None,USD,236388000,14041000,None,4604000,139375000,97013000,0,7000000,63000,-1026255000,7458000,2174000,4456000,38712000,31598000,None,None,-1687000,16933000,198784000,None,80798000,141509000,1507000,100319000,12452000,24598000,0,0,63000,0,-1026255000,0,None,4456000,None,37604000,None,100319000,7458000,107777000,None,None,None,1124892000,236388000,180221000,None,62691478,USD,46263000,5588000,43564000,-1500000,74250000,359000,20000,2383000,-40528000,10051000,-33872000,1372000,388000,0,339000,-7340000,-203000,6851000,1199000,-203000,None,10051000,12.4,9.15
8,2018-06-30,USD,1254000,39401000,21450000,1254000,-36753000,-39444000,16273000,0,-39444000,0,15653000,1394000,-38147000,7475000,2691000,None,None,None,0,0,0,0,-1297000,0,-39444000,-39444000,None,USD,263863000,16364000,None,3883000,132550000,131313000,0,7000000,63000,-985727000,7257000,2189000,2728000,28726000,25522000,99771000,99771000,-1510000,16240000,226342000,None,112760000,187317000,1304000,99771000,5112000,18522000,0,0,63000,0,-985727000,0,None,2728000,None,37521000,None,99771000,7257000,107028000,None,None,None,1118487000,263863000,216043000,None,62607947,USD,27917000,2328000,27175000,0,74250000,-123000,-123000,-363000,-39444000,-6875000,-33927000,3298000,-2087000,0,0,-4562000,-541000,7081000,742000,-541000,None,-6875000,15.25,12.4
9,2018-03-31,USD,165000,38479000,19171000,165000,-37797000,-38958000,18966000,0,-38958000,0,16891000,517000,-38314000,2622000,1161000,None,None,None,0,0,0,0,-644000,0,-38958000,-38958000,None,USD,295333000,18662000,None,3303000,129446000,165887000,0,7000000,62000,-946283000,6672000,2309000,1902000,36067000,23542000,99232000,99232000,-213000,17064000,255396000,None,144916000,214713000,763000,99232000,550000,16542000,0,0,62000,0,-946283000,0,None,1902000,None,39937000,None,99232000,6672000,105904000,None,None,None,1112321000,295333000,250780000,None,62254091,USD,-49288000,625000,-59685000,-9500000,99000000,98829000,-426000,673000,-38958000,9272000,-29872000,397000,3064000,0,255000,-238000,91000,5147000,897000,91000,None,9272000,19.85,15.25
10,2017-12-31,USD,21000,27862000,25880000,21000,-27421000,-27421000,17412000,0,-27421000,0,9256000,420000,-27841000,1194000,-9338000,None,None,None,0,-25047000,0,0,-1932000,0,-27421000,-27421000,None,USD,218785000,2244000,None,5003000,19236000,199549000,0,14054000,62000,-907325000,643000,2244000,4143000,26584000,18593000,None,None,-881000,16619000,198023000,None,197305000,165270000,854000,0,312000,18593000,0,0,62000,0,-907325000,0,None,1899000,None,20762000,None,None,643000,643000,None,None,None,1107693000,218785000,191854000,None,61532812,USD,6352000,4056000,6057000,0,None,18078000,1916000,432000,-27421000,6386000,-17749000,11000,1893000,0,16465000,-312000,488000,4095000,295000,-71000,102000,6488000,18.7,19.85
11,2017-09-30,USD,53000,22444000,21662000,53000,-22128000,-22128000,16417000,0,-22128000,0,6027000,263000,-22391000,11940000,0,None,None,None,0,41745000,0,0,0,0,-22128000,-22128000,None,USD,217827000,2213000,None,4633000,13393000,204434000,0,10646000,61000,-879904000,504000,2213000,4109000,20096000,12889000,None,None,-1156000,16622000,197096000,None,202221000,171584000,783000,0,0,12889000,0,0,61000,0,-879904000,0,None,1896000,None,20731000,None,None,504000,504000,None,None,None,1085433000,217827000,191680000,None,60587000,USD,-82216000,1825000,-82348000,0,99000000,81712000,303000,-826000,-22128000,-17763000,-17127000,-1216000,713000,0,81409000,0,559000,3652000,132000,27000,184000,-17579000,21.5,18.7
12,2017-06-30,USD,105000,20426000,19541000,105000,-20318000,-20318000,14814000,0,-20318000,0,5612000,3000,-20321000,-5970000,0,None,None,None,0,-16698000,0,0,0,0,-20318000,-20318000,None,USD,151968000,2140000,None,4434000,11441000,140527000,0,10407000,55000,-857776000,353000,2140000,3012000,37675000,11088000,None,None,-1929000,16751000,132205000,None,138387000,89286000,810000,0,0,11088000,0,0,55000,0,-857776000,0,None,872000,None,19763000,None,None,353000,353000,None,None,None,1000177000,151968000,126961000,None,54747656,USD,-25393000,-1125000,-25401000,0,99000000,58665000,303000,-916000,-20318000,15872000,-17392000,-824000,860000,0,58665000,0,532000,3360000,8000,655000,331000,16203000,9.65,21.5
13,2017-03-31,USD,148000,25600000,22028000,148000,-25287000,-25287000,16345000,0,-25287000,0,6472000,165000,-25452000,1194000,0,None,None,None,0,2783000,0,0,0,0,-25287000,-25287000,None,USD,110132000,2001000,None,2831000,12736000,97396000,0,10912000,45000,-837458000,358000,2001000,3847000,21472000,12378000,None,None,-3350000,16633000,89652000,None,95395000,63884000,1465000,0,0,12378000,0,0,45000,0,-837458000,0,None,1846000,None,20480000,None,None,358000,358000,None,None,None,938159000,110132000,85356000,None,45448022,USD,-6777000,-3473000,-7011000,0,None,29387000,-303000,-946000,-25287000,-2874000,-25250000,-946000,779000,0,29690000,0,0,3800000,234000,-123000,57000,-2817000,5.95,9.65
14,2016-12-31,USD,7292000,26613000,25930000,7292000,-21741000,-21741000,18442000,0,-21741000,0,8171000,-2420000,-19321000,1194000,-9338000,None,None,None,0,13915000,0,0,-1737000,0,-21741000,-21741000,None,USD,109680000,1971000,None,6842000,20479000,89201000,0,16240000,39000,-812171000,443000,1971000,2907000,24289000,20036000,None,None,-3624000,17174000,89599000,None,87230000,57126000,1342000,0,0,20036000,0,0,39000,0,-812171000,0,None,936000,None,20081000,None,None,443000,443000,None,None,None,904957000,109680000,81415000,None,38598618,USD,29363000,-10996000,28122000,0,None,-216000,-84000,-11302000,-21741000,1624000,-26282000,614000,706000,0,-132000,-312000,52000,4187000,1241000,948000,-356000,1268000,3.95,5.95
15,2016-09-30,USD,162000,35000000,34372000,162000,-34694000,-34694000,23234000,0,-34694000,0,11766000,144000,-34838000,0,0,None,None,None,0,-13915000,0,0,0,0,-34694000,-34694000,None,USD,139298000,2100000,None,5673000,31026000,108272000,0,26690000,39000,-790430000,541000,2100000,3045000,23021000,30485000,None,None,-2412000,18739000,117514000,None,106172000,86530000,2290000,0,0,30485000,0,0,39000,0,-790430000,0,None,945000,None,21784000,None,None,541000,541000,None,None,None,901075000,139298000,109551000,None,38526254,USD,27581000,1974000,25981000,0,None,387000,None,616000,-34694000,-1840000,-28208000,616000,660000,0,387000,0,0,3662000,1600000,-426000,74000,-1766000,10.49,3.95
16,2016-06-30,USD,2647000,31901000,31357000,2647000,-28986000,-28986000,22750000,0,-28986000,0,9151000,268000,-29254000,0,0,None,None,None,0,2783000,0,0,0,0,-28986000,-28986000,None,USD,167613000,2080000,None,6273000,28843000,138770000,0,23737000,38000,-755736000,620000,2080000,3039000,24787000,28223000,None,None,-2559000,17448000,147126000,None,136690000,114202000,1864000,0,0,28223000,0,0,38000,0,-755736000,0,None,959000,None,20487000,None,None,620000,620000,None,None,None,897027000,167613000,138989000,None,38497107,USD,13699000,-157000,11394000,0,None,24000,None,426000,-28986000,-14009000,-25427000,700000,592000,0,24000,0,0,3124000,2305000,-700000,-62000,-14071000,14.58,10.49
17,2016-03-31,USD,942000,28236000,27834000,942000,-27023000,-27023000,20067000,0,-27023000,0,8169000,271000,-27294000,0,0,None,None,None,0,0,0,0,0,0,-27023000,-27023000,None,USD,189644000,2127000,None,2728000,25213000,164431000,0,1759000,38000,-726750000,700000,2127000,3011000,38858000,24513000,None,None,-2135000,15894000,170739000,None,162304000,127989000,1164000,0,0,22754000,0,0,38000,0,-726750000,0,None,884000,None,18905000,None,None,700000,700000,None,None,None,893278000,189644000,166847000,None,38495502,USD,23363000,-4053000,20752000,0,None,336000,None,-337000,-27023000,-6046000,-27134000,-9000,477000,0,336000,0,230000,3244000,2611000,230000,92000,-5954000,19.24,14.58
18,2015-12-31,USD,685000,27631000,27224000,685000,-26862000,-26862000,20932000,0,-26862000,0,6699000,84000,-26946000,1194000,-634000,None,None,None,0,2783000,0,0,-1721000,0,-26862000,-26862000,None,USD,216633000,2043000,None,2427000,29554000,187079000,0,2654000,38000,-699727000,769000,2043000,2883000,44812000,28785000,None,None,-2930000,13804000,199946000,None,185036000,151313000,1394000,0,0,26131000,0,0,38000,0,-699727000,0,None,840000,None,16687000,None,None,769000,769000,None,None,None,889698000,216633000,196125000,None,38445995,USD,-33828000,1734000,-36552000,0,2000,300000,-84000,10437000,-26862000,-58098000,-21846000,62000,591000,0,298000,-312000,-667000,2860000,2724000,-231000,-121000,-58219000,24.16,19.24
19,2015-09-30,USD,1188000,29629000,29305000,1188000,-30062000,-30124000,24105000,0,-30124000,0,5524000,-1621000,-28441000,0,62000,None,None,None,0,0,0,0,0,0,-30124000,-30124000,None,USD,238907000,2106000,None,2489000,27719000,211188000,6988000,3558000,38000,-672865000,7989000,2106000,2952000,103031000,19730000,None,None,-2560000,11606000,224349000,None,209082000,117666000,1163000,0,0,16172000,0,0,38000,0,-672865000,0,None,846000,None,14558000,None,None,1001000,7989000,None,None,None,886575000,238907000,220697000,None,38425277,USD,-60929000,1805000,-63507000,0,-10990000,153006000,None,None,-30124000,66497000,-23002000,1158000,364000,0,163996000,0,436000,4301000,2578000,-506000,48000,66545000,24.54,24.16
