,fiscalDateEnding,reportedCurrency_x,totalRevenue,totalOperatingExpense,costOfRevenue,grossProfit,ebit,netIncome_x,researchAndDevelopment,effectOfAccountingCharges,incomeBeforeTax,minorityInterest,sellingGeneralAdministrative,otherNonOperatingIncome,operatingIncome,otherOperatingExpense,interestExpense,taxProvision,interestIncome,netInterestIncome,extraordinaryItems,nonRecurring,otherItems,incomeTaxExpense,totalOtherIncomeExpense,discontinuedOperations,netIncomeFromContinuingOperations,netIncomeApplicableToCommonShares,preferredStockAndOtherAdjustments,reportedCurrency_y,totalAssets,intangibleAssets,earningAssets,otherCurrentAssets,totalLiabilities,totalShareholderEquity,deferredLongTermLiabilities,otherCurrentLiabilities,commonStock,retainedEarnings,otherLiabilities,goodwill,otherAssets,cash,totalCurrentLiabilities,shortTermDebt,currentLongTermDebt,otherShareholderEquity,propertyPlantEquipment,totalCurrentAssets,longTermInvestments,netTangibleAssets,shortTermInvestments,netReceivables,longTermDebt,inventory,accountsPayable,totalPermanentEquity,additionalPaidInCapital,commonStockTotalEquity,preferredStockTotalEquity,retainedEarningsTotalEquity,treasuryStock,accumulatedAmortization,otherNonCurrrentAssets,deferredLongTermAssetCharges,totalNonCurrentAssets,capitalLeaseObligations,totalLongTermDebt,otherNonCurrentLiabilities,totalNonCurrentLiabilities,negativeGoodwill,warrants,preferredStockRedeemable,capitalSurplus,liabilitiesAndShareholderEquity,cashAndShortTermInvestments,accumulatedDepreciation,commonStockSharesOutstanding,reportedCurrency,investments,changeInLiabilities,cashflowFromInvestment,otherCashflowFromInvestment,netBorrowings,cashflowFromFinancing,otherCashflowFromFinancing,changeInOperatingActivities,netIncome_y,changeInCash,operatingCashflow,otherOperatingCashflow,depreciation,dividendPayout,stockSaleAndPurchase,changeInInventory,changeInAccountReceivables,changeInNetIncome,capitalExpenditures,changeInReceivables,changeInExchangeRate,changeInCashAndCashEquivalents,clossingVal,nextClossingVal
0,2020-06-30,USD,251401000,62943000,181705000,69696000,6620000,2142000,None,None,2690000,-62000,62943000,-133000,6753000,None,3930000,610000,None,-3930000,None,None,None,610000,-133000,None,2080000,2120000,22000,USD,783130000,50540000,None,36587000,425285000,356823000,10774000,42523000,175000,213260000,11801000,202502000,3710000,78678000,149219000,2500000,2500000,-19722000,62962000,402229000,None,103765000,None,155136000,220107000,131828000,104196000,None,None,175000,16000,213260000,None,None,64897000,None,380901000,60037000,220107000,45185000,276066000,None,None,None,163094000,783130000,78678000,None,17772603,USD,-1775000,4495000,-1775000,123000,-15625000,-16391000,-1886000,1490000,2080000,45210000,63376000,8827000,6434000,-22000,1142000,1280000,39599000,661000,1898000,39599000,None,45210000,19.91,
1,2020-03-31,USD,300983000,73070000,216998000,83985000,11749000,5710000,None,None,7372000,-62000,73070000,834000,10915000,None,4377000,1724000,-4377000,-4377000,None,None,None,1724000,834000,None,5648000,5687000,23000,USD,791691000,53324000,None,42656000,439471000,351136000,11468000,41018000,175000,211367000,12176000,202502000,3422000,32730000,144552000,2500000,2500000,-21117000,63867000,403308000,None,95294000,None,194901000,235263000,133021000,101034000,None,None,175000,16000,211367000,None,None,68690000,None,388383000,63406000,235263000,48188000,294919000,None,None,None,160695000,791691000,32730000,None,19000000,USD,-17388000,4413000,-17388000,-14153000,-625000,-742000,-94000,-3568000,5648000,-19742000,-1612000,-12641000,6493000,-23000,None,-2215000,-5183000,1873000,3235000,-5183000,None,-19742000,12.26,19.91
2,2019-12-31,USD,295279000,71591000,217135000,78333000,6914000,2176000,None,None,2327000,-88000,71591000,172000,6742000,None,4587000,239000,-4587000,-4587000,None,None,None,-21549000,172000,None,23876000,2154000,22000,USD,788220000,52582000,None,36678000,443272000,343802000,9872000,45821000,174000,205680000,11077000,194052000,3211000,54327000,148171000,2500000,2500000,-19954000,63703000,408481000,None,97152000,None,188112000,235419000,129364000,99850000,None,None,174000,16000,205680000,None,None,69402000,None,379739000,66208000,235419000,49810000,295101000,None,None,None,157886000,788220000,54327000,None,18000000,USD,-7873000,-9803000,-7873000,35000,-625000,-648000,-1000,9345000,2088000,25301000,33822000,9453000,6976000,-22000,None,2592000,23141000,-599000,7873000,23141000,None,25301000,39.81,12.26
3,2019-09-30,USD,327178000,70987000,234474000,92704000,21742000,13109000,None,None,16756000,41000,70987000,25000,21717000,None,4986000,3606000,-4986000,-4986000,None,None,None,3606000,25000,None,13150000,13086000,23000,USD,791554000,56072000,None,40350000,449163000,341157000,11056000,46062000,174000,203526000,12007000,194052000,3300000,28436000,151978000,2500000,2500000,-19985000,58516000,412318000,None,91017000,None,211616000,235576000,131916000,103416000,None,None,174000,16000,203526000,None,None,70596000,None,379236000,67313000,235576000,50553000,297185000,None,None,None,157426000,791554000,28436000,None,18000000,USD,-5662000,-4387000,-5662000,1000,-2016000,-2177000,-138000,-2684000,13150000,3106000,10945000,-2677000,6892000,-23000,None,-3925000,-179000,2071000,5663000,-179000,None,3106000,34.72,39.81
4,2019-06-30,USD,333318000,69140000,241331000,91987000,22662000,13459000,None,None,17777000,-109000,69140000,-185000,22847000,None,4885000,4427000,-4885000,-4885000,None,None,None,4427000,-185000,None,13350000,13437000,22000,USD,786607000,59953000,None,40337000,456397000,329017000,9662000,44836000,174000,190440000,10686000,194052000,3346000,25429000,158321000,3420000,3420000,-18704000,55534000,404628000,None,74996000,None,210850000,236202000,128012000,110065000,None,None,174000,16000,190440000,None,None,72440000,None,381979000,69075000,236202000,52212000,298076000,None,None,None,157091000,786607000,25429000,None,18000000,USD,-6267000,-4239000,-6267000,5000,-851000,-957000,-84000,-159000,13350000,-5374000,1850000,4321000,6533000,-22000,None,-6223000,-12367000,475000,6272000,-12367000,None,-5374000,37.89,34.72
5,2019-03-31,USD,311225000,69384000,227025000,84200000,14849000,7291000,None,None,9809000,-104000,69384000,33000,14816000,None,5040000,2622000,-5040000,-5040000,None,None,None,2622000,33000,None,7187000,7268000,23000,USD,775207000,63609000,None,43869000,458626000,315279000,9422000,45809000,174000,177003000,10410000,194052000,1795000,30606000,158632000,3414000,3414000,-18565000,51404000,393496000,None,57602000,None,197267000,236591000,121754000,109409000,None,None,174000,16000,177003000,None,None,72646000,None,381711000,70653000,236591000,53981000,299994000,None,None,None,156651000,775207000,30606000,None,18000000,USD,-2283000,-3696000,-2283000,29000,-849000,-2310000,-1438000,-1392000,7187000,-9903000,-5310000,-4859000,6674000,-23000,None,-6891000,-5035000,1310000,2312000,-5035000,None,-9903000,38.92,37.89
6,2018-12-31,USD,311006000,66148000,224429000,86577000,20303000,11122000,0,0,15325000,-20000,66148000,-126000,20429000,0,4978000,None,None,None,-81000,0,0,4223000,-5104000,0,11102000,11100000,22000,USD,699962000,67207000,None,298711000,391708000,306848000,8633000,31188000,174000,169735000,11452000,194052000,1783000,40519000,143277000,3407000,3407000,-19267000,51000000,385590000,None,306832000,None,194572000,236979000,114830000,108682000,None,None,174000,16000,169735000,None,None,None,None,51000000,None,236979000,2819000,248431000,None,None,None,156190000,699962000,40519000,None,18000000,USD,None,2801000,-1605000,13000,-847000,73000,-8000,-2173000,11102000,24466000,25998000,11541000,6874000,-22000,950000,1630000,-3361000,1326000,1618000,-9262000,None,24466000,27.84,38.92
7,2018-09-30,USD,308028000,67257000,223958000,84070000,16693000,8397000,0,0,11912000,-35000,67257000,-120000,16813000,0,4781000,None,None,None,0,0,0,3550000,-4901000,0,8362000,8374000,23000,USD,681832000,71783000,None,44468000,384470000,296885000,8048000,25133000,174000,158635000,10659000,194052000,1596000,15994000,136377000,3394000,3394000,-17611000,52617000,361784000,None,31034000,396000,184777000,237434000,116545000,107850000,297362000,0,174000,16000,158635000,0,None,1596000,None,320048000,None,237434000,2611000,248093000,None,None,None,155671000,681832000,15994000,None,18000000,USD,None,3476000,-2363000,-174000,-846000,-1065000,-196000,-864000,8362000,13397000,16825000,1116000,6911000,-23000,0,-5750000,754000,1466000,2189000,1244000,None,13568000,40.07,27.84
8,2018-06-30,USD,311227000,65056000,226111000,85116000,21476000,11562000,0,0,15339000,1000,65056000,1416000,20060000,0,6137000,None,None,None,0,0,0,3776000,-4721000,0,11563000,11540000,22000,USD,666932000,75682000,None,42693000,381567000,284854000,7966000,16602000,174000,150322000,10577000,194033000,1587000,2888000,133115000,3394000,3394000,-21001000,53035000,342595000,None,15123000,399000,186247000,237875000,110767000,113119000,285365000,0,174000,16000,150322000,0,None,1587000,None,324337000,None,237875000,2611000,248452000,None,None,None,155343000,666932000,2888000,None,18000000,USD,None,4117000,-2981000,1744000,-866000,-970000,-82000,2526000,11563000,-10126000,-6175000,-3568000,6960000,-22000,0,-7611000,-20831000,786000,4725000,-18422000,-31000,-10157000,38.2,40.07
9,2018-03-31,USD,285936000,65296000,209491000,76445000,11171000,4551000,0,0,6130000,-57000,65296000,22000,11149000,0,5041000,None,None,None,0,0,0,1636000,-5019000,0,4494000,4528000,23000,USD,654873000,80037000,None,4580000,380669000,273694000,8429000,18421000,173000,138710000,8429000,194074000,1707000,13045000,134023000,3387000,3387000,-19868000,52257000,326798000,None,-433000,399000,205979000,238217000,103194000,112215000,274204000,0,173000,16000,138710000,0,None,1707000,None,328075000,None,238217000,None,246646000,None,None,None,154663000,654873000,13045000,None,19000000,USD,None,-691000,-10627000,-9836000,-882000,-959000,-54000,699000,4494000,-12394000,-808000,-8019000,7176000,-23000,0,-9107000,-4689000,1386000,791000,3953000,-140000,-12534000,38.95,38.2
10,2017-12-31,USD,265627000,62680000,194460000,71167000,8619000,6654000,0,0,4138000,1000,62680000,132000,8487000,0,4481000,None,None,None,0,0,0,-2517000,-16776000,0,6655000,6632000,22000,USD,639083000,266116000,None,271412000,370537000,267979000,7069000,16220000,174000,134193000,7069000,187591000,267831000,25579000,124825000,3381000,3381000,-19491000,53337000,317915000,None,267963000,3532000,197342000,238643000,91413000,105224000,198870000,110306000,174000,16000,134193000,0,None,None,None,53337000,None,238643000,None,245712000,None,None,None,153087000,639083000,25579000,None,17315573,USD,None,3543000,-654000,0,-861000,-750000,-86000,-3287000,6655000,2613000,4017000,-2237000,7665000,197000,51889000,-3717000,-28958000,-3561000,654000,-4331000,-121000,2492000,29.57,38.95
11,2017-09-30,USD,251930000,60453000,184967000,66963000,6663000,2966000,0,0,1735000,-55000,60453000,153000,6510000,0,4928000,None,None,None,0,0,0,-1176000,-4017000,0,2911000,2943000,23000,USD,635075000,83045000,None,4290000,373430000,261298000,12102000,14726000,174000,127560000,12102000,187591000,272445000,23087000,122286000,3365000,3365000,-19309000,55703000,306927000,None,-9354000,3614000,191830000,239042000,87720000,104195000,261645000,0,174000,16000,127560000,0,None,1809000,None,328148000,None,239042000,None,251144000,None,None,None,152857000,635075000,23087000,None,17388910,USD,None,-4333000,-1039000,0,21128000,20821000,-252000,-439000,2911000,20455000,673000,-5360000,7279000,-23000,-32000,3087000,-9965000,1427000,1039000,-4338000,153000,20608000,31.49,29.57
12,2017-06-30,USD,250698000,58679000,181762000,68936000,10200000,4135000,0,0,6208000,-166000,58679000,-57000,10257000,0,3992000,None,None,None,0,0,0,2239000,8244000,0,3969000,4113000,22000,USD,612479000,86707000,None,3875000,354651000,257395000,11765000,12460000,174000,124617000,11765000,187591000,1734000,2479000,340602000,217974000,220258000,-20139000,56610000,279837000,None,-16919000,0,182786000,2284000,90697000,110168000,257828000,0,174000,16000,124617000,0,None,1734000,None,332642000,None,2284000,None,14049000,None,None,None,152727000,612479000,2479000,None,17401724,USD,None,7639000,-517000,0,-7399000,-8082000,-558000,36000,3969000,1445000,10044000,36000,7185000,-22000,-103000,-6319000,11768000,2161000,517000,-4627000,39000,1484000,34.5,31.49
13,2017-03-31,USD,238527000,56279000,174012000,64515000,8464000,3133000,0,None,4811000,-139000,56279000,228000,8236000,None,3653000,None,None,None,None,None,None,1817000,155000,None,2994000,3110000,23000,USD,605314000,90665000,None,3816000,351744000,252869000,10388000,13768000,174000,120505000,10388000,187591000,280043000,995000,338852000,224715000,224715000,-20594000,58304000,266967000,None,-25403000,0,177831000,2504000,84325000,100369000,252549000,0,174000,16000,120505000,0,None,1787000,None,338347000,None,2504000,None,12892000,None,None,None,152768000,605314000,995000,None,17417861,USD,None,-3660000,-601000,0,2344000,2199000,-38000,-1959000,2994000,-592000,-2190000,-2739000,7205000,-23000,-84000,-595000,8425000,1848000,601000,-7243000,-3000,-595000,37.87,34.5
14,2016-12-31,USD,222291000,53009000,161730000,60561000,13061000,7381000,0,0,9195000,-250000,53009000,5509000,7552000,0,3866000,None,None,None,0,0,0,2064000,-9661000,0,7131000,7359000,22000,USD,611525000,282422000,None,284560000,321004000,251623000,-18986000,14391000,172000,117396000,9513000,187591000,283920000,1590000,166659000,51354000,51354000,-18274000,60807000,266798000,None,289579000,0,180869000,173331000,83699000,100914000,242952000,152313000,172000,16000,117396000,-12577000,None,None,None,60807000,None,173331000,None,154345000,None,None,None,152313000,611525000,1590000,None,17197380,USD,34690000,-35000,33673000,8000,-450293000,-48037000,356497000,620000,7131000,-1836000,12528000,-382000,8550000,164000,45595000,-365000,15537000,-3454000,1025000,1083000,-3000,-1839000,34.74,37.87
15,2016-09-30,USD,230025000,58887000,166205000,63820000,5184000,263000,0,0,846000,-81000,58887000,251000,4933000,0,4338000,None,None,None,0,0,0,664000,-391000,0,182000,240000,23000,USD,649691000,99662000,None,6707000,443605000,204761000,7586000,17787000,148000,110036000,None,197211000,298542000,3429000,232976000,115222000,115222000,-10211000,63100000,288049000,None,-92128000,0,179724000,203043000,98189000,99967000,206086000,0,148000,16000,110036000,0,None,1669000,None,361642000,None,203043000,None,210629000,None,None,None,104772000,649691000,3429000,None,14848469,USD,786000,5139000,1071000,1198000,104594000,-23005000,-133711000,537000,182000,2339000,24273000,3480000,7788000,-23000,6135000,168000,15032000,376000,913000,7140000,3000,2342000,28.19,34.74
16,2016-06-30,USD,256215000,62754000,184612000,71603000,8840000,5170000,0,0,4889000,-84000,62754000,-9000,8849000,0,3951000,None,None,None,0,0,0,-197000,394000,0,5086000,5148000,22000,USD,667281000,104441000,None,8050000,468109000,197716000,8921000,16766000,146000,109796000,None,197211000,303328000,1087000,224147000,112091000,112091000,-10230000,66430000,297523000,None,-103952000,0,189989000,235041000,98397000,95290000,198870000,0,146000,16000,109796000,-6528000,None,1676000,None,369758000,None,235041000,None,243962000,None,None,None,104516000,667281000,1087000,None,14655356,USD,786000,1778000,-1240000,0,109731000,-17197000,-126843000,501000,5086000,467000,18904000,-907000,7966000,-22000,-63000,7451000,6607000,-1480000,1240000,-990000,-2000,465000,14.93,28.19
17,2016-03-31,USD,253561000,70820000,184743000,68818000,-1847000,-5112000,0,0,-5256000,-136000,70820000,155000,-2002000,0,3409000,None,None,None,0,0,0,-8000,0,0,-5248000,-5135000,23000,USD,682667000,108957000,None,8405000,488664000,192410000,11315000,16071000,146000,104648000,None,197211000,307990000,622000,477349000,363521000,363521000,-9978000,68185000,306492000,None,-113774000,0,191593000,0,105872000,97757000,0,0,146000,16000,104648000,-12577000,None,1822000,None,376175000,None,None,None,11315000,None,None,None,110155000,682667000,622000,None,14694077,USD,-4000000,-15715000,-5690000,0,109288000,12404000,-96562000,-1646000,-5248000,-985000,-7699000,1886000,7546000,-23000,-299000,-1801000,7081000,5989000,1690000,-356000,-86000,-1071000,17.56,14.93
18,2015-12-31,USD,278681000,81330000,201749000,76932000,-4537000,-2919000,0,0,-7564000,-285000,71483000,-139000,-4398000,0,3027000,None,None,None,0,9847000,0,-4360000,-87087000,0,-3204000,-2941000,22000,USD,683980000,309659000,None,312303000,485110000,197058000,6312000,22220000,146000,109783000,6312000,197362000,311516000,1693000,180118000,50829000,50829000,-10616000,68503000,303961000,None,197042000,0,197662000,298680000,103819000,107069000,0,0,146000,16000,109783000,-12577000,None,None,None,68503000,None,298680000,None,304992000,None,None,None,110306000,683980000,1693000,None,14000000,USD,31476000,-21127000,-2273000,0,83261000,-27110000,-110201000,159000,-3204000,-6197000,23186000,-2000,8328000,-22000,-148000,4166000,69214000,10605000,2273000,24420000,-247000,-6444000,22.8,17.56
19,2015-09-30,USD,303080000,141318000,217374000,85706000,-55939000,-52435000,0,0,-58569000,-249000,75082000,-327000,-55612000,0,2630000,None,None,None,0,66236000,0,-5885000,0,0,-52684000,-52458000,23000,USD,733734000,117601000,None,4172000,531516000,199973000,7837000,25823000,146000,112724000,None,206860000,326354000,8137000,195221000,47699000,None,-10303000,70349000,337031000,None,-124504000,0,216594000,328458000,108128000,121699000,0,0,146000,16000,112724000,-12986000,None,1893000,None,396703000,None,328458000,None,336295000,None,None,None,110376000,733734000,8137000,None,14000000,USD,None,-1859000,-15704000,-10501000,103261000,936000,-104796000,None,-52684000,6231000,20999000,7261000,8329000,-23000,2494000,2489000,47715000,52229000,5203000,5234000,418000,6649000,27.28,22.8
