,fiscalDateEnding,reportedCurrency_x,totalRevenue,totalOperatingExpense,costOfRevenue,grossProfit,ebit,netIncome_x,researchAndDevelopment,effectOfAccountingCharges,incomeBeforeTax,minorityInterest,sellingGeneralAdministrative,otherNonOperatingIncome,operatingIncome,otherOperatingExpense,interestExpense,taxProvision,interestIncome,netInterestIncome,extraordinaryItems,nonRecurring,otherItems,incomeTaxExpense,totalOtherIncomeExpense,discontinuedOperations,netIncomeFromContinuingOperations,netIncomeApplicableToCommonShares,preferredStockAndOtherAdjustments,reportedCurrency_y,totalAssets,intangibleAssets,earningAssets,otherCurrentAssets,totalLiabilities,totalShareholderEquity,deferredLongTermLiabilities,otherCurrentLiabilities,commonStock,retainedEarnings,otherLiabilities,goodwill,otherAssets,cash,totalCurrentLiabilities,shortTermDebt,currentLongTermDebt,otherShareholderEquity,propertyPlantEquipment,totalCurrentAssets,longTermInvestments,netTangibleAssets,shortTermInvestments,netReceivables,longTermDebt,inventory,accountsPayable,totalPermanentEquity,additionalPaidInCapital,commonStockTotalEquity,preferredStockTotalEquity,retainedEarningsTotalEquity,treasuryStock,accumulatedAmortization,otherNonCurrrentAssets,deferredLongTermAssetCharges,totalNonCurrentAssets,capitalLeaseObligations,totalLongTermDebt,otherNonCurrentLiabilities,totalNonCurrentLiabilities,negativeGoodwill,warrants,preferredStockRedeemable,capitalSurplus,liabilitiesAndShareholderEquity,cashAndShortTermInvestments,accumulatedDepreciation,commonStockSharesOutstanding,reportedCurrency,investments,changeInLiabilities,cashflowFromInvestment,otherCashflowFromInvestment,netBorrowings,cashflowFromFinancing,otherCashflowFromFinancing,changeInOperatingActivities,netIncome_y,changeInCash,operatingCashflow,otherOperatingCashflow,depreciation,dividendPayout,stockSaleAndPurchase,changeInInventory,changeInAccountReceivables,changeInNetIncome,capitalExpenditures,changeInReceivables,changeInExchangeRate,changeInCashAndCashEquivalents,clossingVal,nextClossingVal
0,2020-06-30,USD,60824000,17869000,48580000,12244000,-5622000,-7060000,None,None,-6979000,None,16523000,3000,-5625000,100000,1357000,0,1000,-1356000,None,1246000,None,None,-1301000,-81000,-6979000,-7060000,None,USD,231843000,None,None,6773000,169133000,62710000,None,3336000,47441000,-140862000,18331000,None,16528000,383000,56007000,5965000,5965000,-1526000,62452000,129122000,None,62710000,None,32007000,73088000,89959000,46706000,None,None,47441000,None,-140862000,None,None,40269000,None,102721000,24304000,73088000,40038000,113126000,None,None,None,157657000,231843000,383000,None,None,USD,-329000,2418000,-329000,None,-14545000,-14548000,None,2752000,-7060000,364000,15241000,2752000,2561000,None,-3000,8268000,None,184000,329000,6118000,None,364000,0.92,
1,2020-03-31,USD,80578000,20329000,61585000,18993000,-1332000,-2689000,None,None,-2617000,None,20397000,4000,-1336000,-92000,1285000,-4000,2000,-1283000,-76000,24000,None,-4000,48000,-76000,-2613000,-2689000,None,USD,247145000,None,None,8529000,177671000,69474000,None,3169000,47451000,-133802000,15554000,None,14853000,19000,55764000,6742000,6742000,-1745000,63254000,145004000,None,69474000,None,38229000,83870000,98227000,45853000,None,None,47451000,None,-133802000,None,None,38887000,None,102141000,24547000,83870000,38037000,121907000,None,None,None,157570000,247145000,19000,None,15000000,USD,-610000,2154000,-610000,40000,4264000,4060000,None,-2946000,-2689000,-750000,-4200000,-2946000,3034000,None,-204000,-2718000,None,21000,650000,-1056000,None,-750000,0.65,0.92
2,2019-12-31,USD,90135000,-3961000,-509338000,22719000,26695000,25713000,None,None,25336000,None,20015000,15000,26680000,-24131000,1359000,-682000,None,-1348000,-305000,155000,None,-682000,24757000,-305000,26018000,25713000,None,USD,247659000,None,None,6179000,174448000,73211000,None,3172000,47585000,-131113000,18488000,None,17787000,769000,51358000,6684000,6684000,-808000,65442000,139595000,None,73211000,None,37138000,81667000,95509000,41502000,None,None,47585000,None,-131113000,None,None,42622000,None,108064000,25295000,81667000,41423000,123090000,None,None,None,157547000,247659000,769000,None,16000000,USD,36081000,-11135000,36081000,37196000,-38203000,-39018000,-277000,1520000,25713000,750000,3687000,1520000,2594000,None,-815000,2998000,7784000,-25787000,1115000,7784000,None,750000,1.14,0.65
3,2019-09-30,USD,95447000,22116000,74373000,21074000,-1038000,-2554000,None,None,-2686000,None,21036000,4000,-1042000,37000,1648000,-109000,0,-1648000,23000,1043000,None,-109000,-1057000,23000,-2577000,-2554000,None,USD,254209000,None,None,7174000,206315000,47894000,None,1821000,49085000,-156826000,17866000,None,17140000,19000,63837000,7100000,7100000,-1131000,78594000,150680000,None,47894000,None,44980000,117049000,98507000,54916000,None,None,49085000,None,-156826000,None,None,24935000,None,103529000,8211000,117049000,25429000,142478000,None,None,None,156766000,254209000,19000,None,16000000,USD,-1072000,-3369000,-1072000,5000,-3303000,-3303000,-277000,-832000,-2554000,-1000,4374000,-832000,2940000,None,0,5659000,2332000,198000,1077000,2332000,None,-1000,1.38,1.14
4,2019-06-30,USD,100394000,22919000,76901000,23493000,570000,-1216000,None,None,-1147000,None,21114000,-4000,574000,80000,1717000,34000,None,-1717000,-35000,1725000,None,34000,-1812000,-35000,-1181000,-1216000,None,USD,264179000,None,None,6529000,213789000,50390000,None,1973000,49119000,-154272000,18054000,None,17258000,20000,66857000,6345000,6345000,-1089000,80451000,158077000,None,50390000,None,47362000,120805000,104166000,58539000,None,None,49119000,None,-154272000,None,None,25651000,None,106102000,8804000,120805000,26127000,146932000,None,None,None,156632000,264179000,20000,None,16000000,USD,-1033000,9559000,-1033000,4000,-5757000,-5757000,-277000,-278000,-1216000,8000,6798000,-278000,2808000,None,0,-343000,-3901000,169000,1033000,-3901000,None,8000,0.58,1.38
5,2019-03-31,USD,88606000,23782000,69687000,18919000,-4821000,-6672000,None,None,-6541000,None,21660000,42000,-4863000,26000,1720000,100000,38000,-1682000,-31000,2096000,None,100000,-2171000,-31000,-6641000,-6672000,None,USD,262300000,None,None,6412000,210204000,52096000,None,2115000,49032000,-153056000,18092000,None,17506000,12000,58238000,6966000,6966000,-469000,82061000,153751000,None,52096000,None,43504000,125716000,103823000,49157000,None,None,49032000,None,-153056000,None,None,26488000,None,108549000,9370000,125716000,26250000,151966000,None,None,None,156589000,262300000,12000,None,16000000,USD,-1006000,1267000,-1006000,4000,4184000,4172000,-277000,-1561000,-6672000,-6000,-3172000,-1561000,3098000,None,-12000,1372000,-1051000,375000,1010000,-1051000,None,-6000,0.94,0.58
6,2018-12-31,USD,98175000,31147000,-556289000,18380000,-12770000,-13700000,0,0,-14422000,0,22518000,-3000,-12767000,37000,1652000,-721000,None,None,1000,8592000,0,-721000,-10423000,1000,-13701000,-13700000,None,USD,252778000,None,None,5204000,193794000,58984000,None,10668000,49086000,-146384000,16445000,None,15686000,18000,56425000,7794000,4176000,-108000,84111000,152959000,22000,58984000,None,42542000,120251000,105195000,48631000,None,None,49086000,None,-146384000,None,None,15708000,None,99819000,None,120251000,17118000,137369000,None,None,None,156390000,252778000,18000,None,16000000,USD,None,-4531000,-969000,183000,-12514000,-12514000,-277000,4025000,-13699000,4000,13487000,4025000,3257000,None,-58000,13017000,6443000,4975000,1152000,6443000,None,4000,0.7094,0.94
7,2018-09-30,USD,101562000,23066000,79675000,21887000,-1176000,-2962000,0,0,-2840000,0,23033000,3000,-1179000,-845000,1664000,None,None,None,0,878000,0,82000,-2552000,-40000,-2922000,-2962000,None,USD,287174000,5621000,None,8589000,213045000,74129000,0,8301000,49385000,-132685000,19350000,3389000,18686000,14000,60803000,8578000,7704000,620000,86788000,175826000,253000,68508000,0,49011000,132707000,118212000,52225000,0,0,49385000,0,-132685000,0,None,18939000,None,111348000,None,132707000,19535000,152242000,None,None,None,156809000,287174000,14000,None,16000000,USD,None,-6204000,195000,1673000,3029000,3029000,-277000,-1315000,-2963000,-7000,-3231000,-1315000,3089000,0,0,4171000,377000,-386000,1478000,377000,None,-7000,1.6,0.7094
8,2018-06-30,USD,106438000,25499000,81294000,25144000,-356000,-1815000,0,0,-1998000,0,23802000,-1000,-355000,1507000,1642000,None,None,None,0,190000,0,-26000,-3439000,157000,-1972000,-1815000,None,USD,291902000,5698000,None,7155000,215447000,76455000,0,8983000,49355000,-129723000,18543000,3389000,17895000,21000,66300000,7982000,6031000,218000,89148000,178967000,194000,70757000,0,49408000,130192000,122383000,58318000,0,0,49355000,0,-129723000,0,None,18089000,None,112935000,None,130192000,18955000,149147000,None,None,None,156605000,291902000,21000,None,16000000,USD,None,4392000,-660000,0,2958000,2956000,-277000,-1436000,-1815000,-7000,-2296000,-1436000,3164000,0,-2000,-5395000,-1582000,376000,660000,-1582000,None,None,2.3,1.6
9,2018-03-31,USD,98858000,23095000,77278000,21580000,-1517000,-2907000,0,0,-3050000,0,23120000,-2000,-1515000,-241000,1533000,None,None,None,0,216000,0,-166000,-1695000,-23000,-2884000,-2907000,None,USD,287351000,5774000,None,5780000,209799000,77552000,0,7937000,49256000,-127907000,20088000,3389000,19263000,21000,63421000,9113000,6519000,-275000,91522000,170672000,120000,71778000,0,47883000,125592000,116988000,54308000,0,0,49256000,0,-127907000,0,None,19383000,None,116679000,None,125592000,20786000,146378000,None,None,None,156478000,287351000,21000,None,16000000,USD,None,2145000,-762000,0,3675000,3619000,None,-736000,-2907000,2000,-2855000,-736000,3143000,0,-56000,-3331000,-1463000,294000,762000,-1463000,None,2000,2.75,2.3
10,2017-12-31,USD,105084000,23378000,82315000,22769000,-609000,-9496000,0,0,-2143000,0,22385000,None,-609000,357000,1534000,None,None,None,0,636000,0,7283000,-6512000,-417000,-9426000,-9496000,None,USD,282838000,5850000,None,3600000,203575000,79263000,0,29912000,48423000,-125000000,20381000,3389000,25297000,19000,58643000,9811000,10653000,-1299000,93785000,163756000,None,73413000,0,46480000,123446000,113657000,48832000,79263000,157139000,48423000,0,-125000000,0,None,19447000,None,119082000,None,123446000,21486000,144932000,None,None,None,157139000,282838000,19000,None,16000000,USD,None,-6679000,-1026000,0,-8507000,-8507000,None,167000,-9496000,-119000,9414000,570000,3328000,0,0,9223000,-2945000,8222000,1026000,4246000,None,-119000,3.85,2.75
11,2017-09-30,USD,102650000,24090000,77793000,24857000,758000,-558000,0,0,-728000,0,24044000,-9000,767000,46000,1486000,None,None,None,0,0,0,-181000,0,-11000,-547000,-558000,None,USD,305728000,5927000,None,4381000,217710000,88018000,0,31084000,48423000,-115715000,20793000,3389000,31807000,138000,68132000,9721000,9747000,-1599000,95774000,178147000,None,82091000,0,50748000,128785000,122880000,58411000,0,0,48423000,0,-115715000,0,None,25880000,None,127581000,None,128785000,20793000,149578000,None,None,None,156909000,305728000,138000,None,16000000,USD,None,-5106000,-5474000,0,15765000,15765000,None,17000,-557000,5000,-10286000,17000,3213000,0,0,-10889000,0,203000,5474000,2833000,None,5000,4.0,3.85
12,2017-06-30,USD,107187000,25247000,78761000,28426000,3153000,1103000,0,0,1796000,0,25261000,-26000,3179000,-14000,1357000,None,None,None,0,0,0,570000,0,-123000,1226000,1103000,None,USD,294394000,6003000,None,4272000,206177000,88217000,0,29730000,48377000,-115158000,20221000,3389000,31258000,133000,71128000,8905000,125948000,-1736000,93128000,170008000,None,82214000,0,53612000,114828000,111991000,62223000,0,0,48377000,0,-115158000,0,None,25255000,None,124386000,None,114828000,20221000,135049000,None,None,None,156734000,294394000,133000,None,16000000,USD,None,4928000,-2504000,0,3172000,3172000,None,222000,1102000,-10000,-678000,222000,3195000,0,0,-8449000,0,759000,2504000,-2435000,None,-10000,4.46,4.0
13,2017-03-31,USD,97541000,24533000,72380000,25161000,624000,-604000,0,0,-738000,0,24481000,-4000,628000,52000,1362000,None,None,None,0,0,0,-163000,0,-29000,-575000,-604000,None,USD,284352000,6079000,None,4555000,197411000,86941000,0,29876000,48378000,-116261000,19829000,3389000,31445000,143000,66771000,9872000,123963000,-1708000,93503000,159404000,None,80862000,0,51164000,110811000,103542000,56899000,0,0,48378000,0,-116261000,0,None,25366000,None,124948000,None,110811000,19829000,130640000,None,None,None,156532000,284352000,143000,None,16000000,USD,None,3696000,-3720000,0,11895000,11779000,None,-642000,-604000,3000,-8056000,-642000,3211000,0,-116000,-6305000,0,177000,3720000,-7589000,None,3000,3.6,4.46
14,2016-12-31,USD,102666000,24740000,80760000,21846000,-2900000,-2722000,0,0,-4323000,0,25223000,-6000,-2894000,-125000,1423000,None,None,None,0,-358000,0,-1685000,-6921000,216000,-2638000,-2722000,None,USD,268987000,6156000,None,4376000,181865000,87122000,0,30752000,48357000,-115656000,19978000,3389000,30822000,140000,63631000,10122000,11464000,-1960000,92807000,145358000,None,80966000,0,43605000,98256000,97237000,53509000,87122000,156381000,48357000,0,-115656000,0,None,24666000,None,123629000,None,98256000,19978000,118234000,None,None,None,156381000,268987000,140000,None,16000000,USD,None,-7337000,-1478000,0,-6370000,-6387000,-284000,-1385000,-2722000,52000,7917000,872000,3281000,0,-17000,10728000,7163000,-760000,1478000,3855000,None,52000,3.6,3.6
15,2016-09-30,USD,100297000,23915000,74466000,25831000,1912000,534000,0,0,600000,0,23774000,-4000,1916000,141000,1312000,None,None,None,0,0,0,27000,0,-39000,573000,534000,None,USD,285298000,6232000,None,4820000,197451000,87847000,0,34696000,48374000,-112934000,22173000,3389000,30167000,88000,68883000,9230000,9230000,-3683000,94690000,160441000,None,81615000,0,47568000,106395000,107965000,59653000,0,0,48374000,0,-112934000,0,None,23935000,None,124857000,None,106395000,22173000,128568000,None,None,None,156090000,285298000,88000,None,16000000,USD,None,1936000,-1356000,0,-2704000,-3004000,3000,1391000,534000,-7000,4353000,1391000,3411000,0,-16000,-1799000,3308000,352000,1356000,-1472000,None,-7000,5.0,3.6
16,2016-06-30,USD,105316000,24839000,73897000,28242000,3399000,1677000,0,0,2066000,0,24356000,-4000,3403000,118000,1333000,None,None,None,0,401000,0,451000,0,62000,1615000,1615000,None,USD,284596000,6308000,None,6195000,197739000,86857000,0,32292000,48386000,-113468000,21465000,3389000,29420000,95000,67946000,9442000,9442000,-3882000,96599000,158577000,None,80549000,0,46121000,108328000,106166000,58504000,0,0,48386000,0,-113468000,0,None,23112000,None,126019000,None,108328000,21465000,129793000,None,None,None,155821000,284596000,95000,None,16000000,USD,None,2000000,-926000,1000,-8524000,-8524000,None,-924000,1677000,-219000,9231000,-924000,3326000,0,0,2707000,4780000,827000,927000,-320000,None,-219000,3.56,5.0
17,2016-03-31,USD,89234000,25346000,69728000,19506000,-5848000,-4767000,0,0,-7172000,0,23666000,-8000,-5840000,267000,1324000,None,None,None,0,1413000,0,-2415000,0,-10000,-4757000,-4767000,None,USD,288913000,6384000,None,5789000,203564000,85349000,0,31978000,48387000,-115146000,20926000,3389000,29309000,314000,66747000,9690000,None,-3290000,98895000,160709000,None,78965000,0,45733000,115891000,108873000,57057000,0,0,48387000,0,-115146000,0,None,22925000,None,128204000,None,115891000,20926000,136817000,None,None,None,155398000,288913000,314000,None,16000000,USD,None,-3426000,-1143000,0,-1125000,-1244000,None,None,-4767000,33000,2420000,-2724000,3497000,0,-119000,6273000,5100000,-1533000,1143000,5100000,None,33000,4.21,3.56
18,2015-12-31,USD,107763000,25077000,81443000,26320000,1241000,-528000,0,0,-92000,0,24207000,-2000,1243000,188000,1333000,None,None,None,0,682000,0,406000,-8488000,-148000,-498000,-528000,None,USD,298218000,6461000,None,3362000,207414000,90804000,0,31332000,48021000,-110378000,20544000,3389000,27477000,281000,70963000,10142000,11301000,-2573000,101146000,169595000,None,84343000,0,50806000,115907000,115146000,60821000,0,0,48021000,0,-110378000,0,None,21016000,None,128623000,None,115907000,20544000,136451000,None,None,None,155734000,298218000,281000,None,16000000,USD,None,-2270000,-1558000,2000,-4207000,-4175000,31000,194000,-528000,102000,5835000,1706000,3165000,0,1000,-290000,-335000,1086000,1560000,2966000,None,102000,5.23,4.21
19,2015-09-30,USD,108908000,26012000,78139000,27265000,1249000,66000,0,0,46000,0,25267000,-4000,1253000,131000,1203000,None,None,None,0,614000,0,-38000,123000,0,84000,66000,None,USD,312387000,6537000,None,4762000,221655000,90732000,8166000,32249000,48020000,-109850000,19933000,3389000,22994000,179000,71712000,9337000,None,-2815000,102069000,187324000,None,84195000,0,67527000,121844000,114856000,62375000,0,0,48020000,0,-109850000,0,None,16457000,None,125063000,None,121844000,19933000,149943000,None,None,None,155377000,312387000,179000,None,16000000,USD,None,-2217000,-2089000,6000,-1122000,-1139000,38000,None,66000,-266000,2774000,1335000,3653000,0,-55000,-451000,0,231000,2095000,345000,None,-266000,8.36,5.23
