,fiscalDateEnding,reportedCurrency_x,totalRevenue,totalOperatingExpense,costOfRevenue,grossProfit,ebit,netIncome_x,researchAndDevelopment,effectOfAccountingCharges,incomeBeforeTax,minorityInterest,sellingGeneralAdministrative,otherNonOperatingIncome,operatingIncome,otherOperatingExpense,interestExpense,taxProvision,interestIncome,netInterestIncome,extraordinaryItems,nonRecurring,otherItems,incomeTaxExpense,totalOtherIncomeExpense,discontinuedOperations,netIncomeFromContinuingOperations,netIncomeApplicableToCommonShares,preferredStockAndOtherAdjustments,reportedCurrency_y,totalAssets,intangibleAssets,earningAssets,otherCurrentAssets,totalLiabilities,totalShareholderEquity,deferredLongTermLiabilities,otherCurrentLiabilities,commonStock,retainedEarnings,otherLiabilities,goodwill,otherAssets,cash,totalCurrentLiabilities,shortTermDebt,currentLongTermDebt,otherShareholderEquity,propertyPlantEquipment,totalCurrentAssets,longTermInvestments,netTangibleAssets,shortTermInvestments,netReceivables,longTermDebt,inventory,accountsPayable,totalPermanentEquity,additionalPaidInCapital,commonStockTotalEquity,preferredStockTotalEquity,retainedEarningsTotalEquity,treasuryStock,accumulatedAmortization,otherNonCurrrentAssets,deferredLongTermAssetCharges,totalNonCurrentAssets,capitalLeaseObligations,totalLongTermDebt,otherNonCurrentLiabilities,totalNonCurrentLiabilities,negativeGoodwill,warrants,preferredStockRedeemable,capitalSurplus,liabilitiesAndShareholderEquity,cashAndShortTermInvestments,accumulatedDepreciation,commonStockSharesOutstanding,reportedCurrency,investments,changeInLiabilities,cashflowFromInvestment,otherCashflowFromInvestment,netBorrowings,cashflowFromFinancing,otherCashflowFromFinancing,changeInOperatingActivities,netIncome_y,changeInCash,operatingCashflow,otherOperatingCashflow,depreciation,dividendPayout,stockSaleAndPurchase,changeInInventory,changeInAccountReceivables,changeInNetIncome,capitalExpenditures,changeInReceivables,changeInExchangeRate,changeInCashAndCashEquivalents,clossingVal,nextClossingVal
0,2020-06-30,USD,1459000000,700000000,288000000,1171000000,468000000,365000000,438000000,None,468000000,None,257000000,-3000000,471000000,5000000,10000000,103000000,None,-11000000,None,None,None,103000000,8000000,None,365000000,365000000,None,USD,11284000000,48000000,None,223000000,3502000000,7782000000,1000000,878000000,3000000,7831000000,374000000,1889000000,2207000000,4013000000,2568000000,599000000,599000000,-52000000,450000000,6690000000,None,5845000000,1947000000,507000000,397000000,None,1091000000,None,None,3000000,None,7831000000,None,None,313000000,None,1894000000,75000000,397000000,536000000,934000000,None,None,None,None,11284000000,5960000000,None,289000000,USD,30000000,-136000000,-8000000,None,None,-144000000,-69000000,-22000000,365000000,226000000,378000000,44000000,37000000,None,-75000000,None,None,112000000,38000000,-44000000,19000000,245000000,132.05,
1,2020-03-31,USD,1387000000,717000000,269000000,1118000000,414000000,418000000,402000000,None,414000000,None,309000000,13000000,401000000,6000000,11000000,-4000000,13000000,88000000,None,None,None,-4000000,-75000000,None,418000000,418000000,None,USD,11112000000,53000000,None,321000000,3651000000,7461000000,1000000,945000000,3000000,7508000000,435000000,1885000000,2015000000,3768000000,2664000000,599000000,599000000,-50000000,449000000,6517000000,None,5523000000,1967000000,461000000,397000000,None,1120000000,None,None,3000000,None,7508000000,None,None,305000000,None,1903000000,69000000,397000000,589000000,987000000,None,None,None,None,11112000000,5735000000,None,288000000,USD,29000000,-276000000,-11000000,-1217000000,None,-300000000,-232000000,-186000000,418000000,187000000,498000000,-41000000,39000000,None,-263000000,None,None,18000000,40000000,340000000,-19000000,165000000,100.17,132.05
2,2019-12-31,USD,1593000000,724000000,508000000,1085000000,374000000,346000000,389000000,None,374000000,None,330000000,13000000,361000000,5000000,10000000,28000000,13000000,-10000000,None,None,None,28000000,21000000,None,346000000,346000000,None,USD,11161000000,62000000,None,229000000,3924000000,7237000000,2000000,1073000000,3000000,7267000000,423000000,1892000000,1933000000,3603000000,2338000000,None,None,-33000000,439000000,6629000000,None,5283000000,1999000000,798000000,995000000,None,1265000000,None,None,3000000,None,7267000000,None,None,311000000,1828000000,4532000000,75000000,995000000,589000000,1586000000,None,None,None,None,11161000000,5602000000,None,291000000,USD,-55000000,519000000,-83000000,-1246000000,None,-361000000,138000000,219000000,346000000,660000000,1104000000,43000000,39000000,None,-304000000,None,59000000,98000000,28000000,59000000,None,663000000,107.51,100.17
3,2019-09-30,USD,1348000000,675000000,405000000,943000000,284000000,854000000,387000000,None,284000000,None,282000000,16000000,268000000,6000000,11000000,-570000000,16000000,-11000000,None,None,None,-570000000,25000000,None,854000000,854000000,None,USD,10593000000,72000000,None,301000000,3435000000,7158000000,2000000,646000000,3000000,7165000000,441000000,1890000000,1930000000,2940000000,1818000000,None,None,-10000000,442000000,6040000000,None,5196000000,1943000000,856000000,995000000,None,1172000000,None,None,3000000,None,7165000000,None,None,314000000,1835000000,4553000000,75000000,995000000,620000000,1617000000,None,None,None,None,10593000000,4883000000,None,293000000,USD,-286000000,202000000,-313000000,-1191000000,None,-312000000,-36000000,153000000,854000000,-588000000,37000000,9000000,35000000,None,-276000000,None,-529000000,-534000000,27000000,-529000000,-5000000,-593000000,97.82,107.51
4,2019-06-30,USD,1209000000,607000000,187000000,1022000000,436000000,1421000000,381000000,None,436000000,None,221000000,21000000,415000000,5000000,10000000,-985000000,21000000,-11000000,None,None,None,-985000000,31000000,None,1421000000,1421000000,None,USD,9749000000,80000000,None,284000000,3264000000,6485000000,2000000,679000000,3000000,6499000000,434000000,1892000000,1325000000,3533000000,1650000000,None,None,-17000000,446000000,5800000000,None,4513000000,1654000000,329000000,995000000,None,971000000,None,None,3000000,None,6499000000,None,None,323000000,1208000000,3949000000,55000000,995000000,617000000,1614000000,None,None,None,None,9749000000,5187000000,None,296000000,USD,-905000000,-517000000,-950000000,-905000000,None,-385000000,-83000000,-32000000,1421000000,-1177000000,158000000,24000000,37000000,None,-302000000,None,294000000,-1101000000,45000000,294000000,2000000,-1175000000,101.26,97.82
5,2019-03-31,USD,1238000000,766000000,276000000,962000000,219000000,209000000,398000000,None,219000000,None,363000000,23000000,196000000,5000000,11000000,10000000,23000000,76000000,None,None,None,10000000,-64000000,None,209000000,209000000,None,USD,8957000000,87000000,None,313000000,3626000000,5331000000,2000000,1100000000,3000000,5358000000,367000000,1892000000,149000000,4708000000,2265000000,None,None,-30000000,448000000,6381000000,None,3352000000,737000000,623000000,994000000,None,1165000000,None,None,3000000,None,5358000000,None,None,114000000,35000000,2576000000,None,994000000,365000000,1361000000,None,None,None,None,8957000000,5445000000,None,298000000,USD,535000000,75000000,500000000,288000000,None,-282000000,-6000000,-185000000,209000000,817000000,599000000,-65000000,37000000,None,-276000000,None,183000000,160000000,35000000,183000000,4000000,821000000,101.63,101.26
6,2018-12-31,USD,1289000000,634000000,413000000,876000000,265000000,262000000,334000000,None,265000000,None,294000000,23000000,242000000,6000000,-11000000,None,None,None,None,None,None,3000000,22000000,None,262000000,262000000,None,USD,8857000000,93000000,None,280000000,3513000000,5344000000,1000000,928000000,3000000,5358000000,429000000,1891000000,200000000,3887000000,2090000000,None,None,-17000000,426000000,6247000000,None,3360000000,1274000000,806000000,994000000,None,1162000000,None,None,3000000,None,5358000000,None,None,94000000,106000000,2610000000,None,994000000,428000000,1423000000,None,None,None,None,8857000000,5161000000,None,304000000,USD,394000000,406000000,373000000,-247000000,None,-312000000,-20000000,169000000,262000000,1015000000,954000000,21000000,34000000,None,-292000000,None,151000000,80000000,21000000,151000000,-9000000,1006000000,78.91,101.63
7,2018-09-30,USD,1286000000,610000000,418000000,868000000,276000000,255000000,339000000,None,276000000,None,265000000,18000000,258000000,6000000,-11000000,None,None,None,None,None,None,21000000,16000000,None,255000000,255000000,None,USD,8450000000,100000000,None,292000000,3133000000,5317000000,1000000,574000000,3000000,5199000000,491000000,1894000000,213000000,2881000000,1649000000,None,None,-19000000,440000000,5803000000,None,3323000000,1664000000,966000000,993000000,0,1075000000,0,0,3000000,0,5199000000,0,None,101000000,112000000,2647000000,None,993000000,490000000,1484000000,None,None,None,134000000,8450000000,4545000000,None,304000000,USD,-562000000,156000000,-601000000,-8000000,None,-271000000,-7000000,32000000,255000000,-998000000,-126000000,-28000000,36000000,0,-264000000,0,-591000000,46000000,31000000,-591000000,3000000,-995000000,120.49,78.91
8,2018-06-30,USD,1137000000,622000000,215000000,922000000,319000000,293000000,362000000,None,319000000,None,254000000,19000000,300000000,6000000,-11000000,None,None,None,None,None,None,26000000,19000000,None,293000000,293000000,None,USD,8247000000,107000000,None,282000000,2987000000,5260000000,1000000,602000000,3000000,4944000000,530000000,1886000000,190000000,3876000000,1464000000,993000000,993000000,-26000000,440000000,5624000000,None,3267000000,1095000000,371000000,993000000,0,862000000,0,0,3000000,0,4944000000,0,None,98000000,92000000,2623000000,None,993000000,529000000,1523000000,None,None,None,339000000,8247000000,4971000000,None,305000000,USD,-21000000,-424000000,-103000000,-50000000,None,-388000000,-89000000,-37000000,293000000,-371000000,120000000,48000000,38000000,0,-299000000,0,169000000,-4000000,32000000,169000000,-11000000,-382000000,141.02,120.49
9,2018-03-31,USD,1582000000,596000000,233000000,1349000000,754000000,607000000,335000000,0,754000000,0,256000000,1000000,753000000,5000000,-14000000,None,None,None,0,0,0,147000000,1000000,0,607000000,607000000,None,USD,8584000000,71000000,None,288000000,3989000000,4595000000,1000000,1622000000,3000000,4062000000,506000000,1883000000,173000000,4258000000,2491000000,992000000,992000000,-127000000,453000000,6004000000,None,2641000000,1073000000,385000000,992000000,0,869000000,0,0,3000000,0,4062000000,0,None,89000000,84000000,2580000000,None,992000000,505000000,1498000000,None,None,None,657000000,8584000000,5331000000,None,306000000,USD,1235000000,-607000000,1215000000,0,None,-135000000,232000000,-291000000,607000000,1695000000,615000000,-69000000,39000000,0,-127000000,0,502000000,143000000,20000000,502000000,-3000000,1692000000,121.24,141.02
10,2017-12-31,USD,1160000000,680000000,501000000,659000000,-16000000,-186000000,329000000,0,-16000000,0,350000000,5000000,-21000000,1000000,10000000,None,None,None,0,0,0,170000000,5000000,0,-186000000,-186000000,None,USD,8642000000,81000000,None,196000000,4556000000,4086000000,2000000,1946000000,3000000,3455000000,455000000,1879000000,2229000000,2566000000,3107000000,992000000,992000000,-95000000,447000000,5966000000,None,2126000000,2318000000,886000000,992000000,0,1161000000,0,0,3000000,0,3455000000,0,None,110000000,159000000,2676000000,None,992000000,455000000,1449000000,None,None,None,723000000,8642000000,4884000000,None,307000000,USD,-11000000,908000000,-185000000,-150000000,None,-157000000,-7000000,178000000,-186000000,507000000,849000000,13000000,34000000,0,-150000000,0,-73000000,153000000,24000000,-73000000,-8000000,499000000,105.06,121.24
11,2017-09-30,USD,959000000,611000000,389000000,570000000,-38000000,-22000000,331000000,0,-38000000,0,278000000,3000000,-41000000,2000000,11000000,None,None,None,0,0,0,-16000000,0,0,-22000000,-22000000,None,USD,7922000000,5000000,None,248000000,3534000000,4388000000,1000000,1116000000,3000000,3641000000,270000000,1711000000,2063000000,2067000000,2272000000,991000000,991000000,-73000000,444000000,5415000000,None,2672000000,2288000000,812000000,991000000,0,1156000000,0,0,3000000,0,3641000000,0,None,99000000,248000000,2507000000,None,991000000,270000000,1262000000,None,None,None,817000000,7922000000,4355000000,None,308000000,USD,-90000000,598000000,-120000000,0,None,-136000000,-10000000,202000000,-22000000,-204000000,52000000,-14000000,32000000,0,-126000000,0,454000000,47000000,30000000,-589000000,23000000,-181000000,118.06,105.06
12,2017-06-30,USD,1449000000,552000000,154000000,1295000000,749000000,644000000,325000000,0,749000000,0,226000000,6000000,743000000,1000000,11000000,None,None,None,0,0,0,105000000,0,0,644000000,644000000,None,USD,7375000000,7000000,None,210000000,2889000000,4486000000,1000000,882000000,3000000,3663000000,268000000,1708000000,2037000000,2248000000,1629000000,991000000,991000000,-71000000,436000000,4902000000,None,2771000000,2222000000,222000000,991000000,0,747000000,0,0,3000000,0,3663000000,0,None,90000000,232000000,2473000000,None,991000000,268000000,1260000000,None,None,None,891000000,7375000000,4470000000,None,309000000,USD,-255000000,-817000000,-288000000,0,None,-215000000,-95000000,-36000000,644000000,-327000000,176000000,80000000,31000000,0,-120000000,0,135000000,103000000,33000000,135000000,10000000,-317000000,105.72,118.06
13,2017-03-31,USD,1527000000,608000000,202000000,1325000000,716000000,566000000,335000000,0,716000000,0,272000000,-1000000,717000000,1000000,11000000,None,None,None,0,0,0,150000000,-29000000,0,566000000,566000000,None,USD,7718000000,8000000,None,308000000,3658000000,4060000000,1000000,1539000000,3000000,3027000000,252000000,1707000000,2085000000,2565000000,2415000000,990000000,990000000,-19000000,434000000,5199000000,None,2345000000,1967000000,359000000,990000000,0,876000000,0,0,3000000,0,3027000000,0,None,84000000,286000000,2519000000,None,990000000,252000000,1243000000,None,None,None,1049000000,7718000000,4532000000,None,308000000,USD,-232000000,-537000000,-261000000,0,-163000000,-74000000,12000000,193000000,566000000,72000000,407000000,-39000000,32000000,0,-86000000,0,-136000000,152000000,29000000,231000000,10000000,82000000,89.52,105.72
14,2016-12-31,USD,1149000000,637000000,516000000,633000000,-6000000,-1000000,285000000,0,-6000000,0,350000000,-2000000,-4000000,2000000,12000000,None,None,None,0,0,0,-5000000,0,0,-1000000,-1000000,None,USD,7719000000,9000000,None,260000000,4170000000,3549000000,2000000,1971000000,3000000,2461000000,241000000,1704000000,2194000000,2483000000,2937000000,None,None,-1000000,424000000,5101000000,None,1836000000,1736000000,587000000,990000000,35000000,966000000,0,0,3000000,0,2461000000,0,None,95000000,386000000,2618000000,None,990000000,241000000,1233000000,None,None,None,1086000000,7719000000,4219000000,None,301000000,USD,-224000000,910000000,-249000000,0,None,-109000000,16000000,-15000000,-1000000,757000000,1115000000,-12000000,49000000,0,-125000000,15000000,367000000,28000000,25000000,126000000,-20000000,737000000,78.76,89.52
15,2016-09-30,USD,898000000,546000000,401000000,497000000,-52000000,-38000000,291000000,0,-52000000,0,254000000,-3000000,-49000000,1000000,11000000,None,None,None,0,0,0,-14000000,0,0,-38000000,-38000000,None,USD,6892000000,28000000,None,221000000,3284000000,3608000000,2000000,1067000000,3000000,2462000000,242000000,1709000000,2201000000,1746000000,2050000000,None,None,-10000000,431000000,4260000000,None,1871000000,1520000000,723000000,990000000,50000000,983000000,0,0,3000000,0,2462000000,0,None,98000000,366000000,2632000000,None,990000000,242000000,1234000000,None,None,None,1153000000,6892000000,3266000000,None,301000000,USD,-139000000,527000000,-168000000,0,-136000000,-232000000,4000000,25000000,-38000000,-296000000,109000000,55000000,45000000,0,-100000000,-24000000,493000000,25000000,29000000,-481000000,-5000000,-296000000,85.4,78.76
16,2016-06-30,USD,1271000000,532000000,179000000,1092000000,552000000,440000000,294000000,0,552000000,0,236000000,-8000000,560000000,2000000,13000000,None,None,None,0,0,0,112000000,0,0,440000000,440000000,None,USD,6605000000,42000000,None,273000000,2889000000,3716000000,2000000,873000000,3000000,2503000000,248000000,1708000000,2198000000,2042000000,1650000000,136000000,136000000,3000000,435000000,3972000000,None,1966000000,1385000000,246000000,989000000,26000000,641000000,0,0,3000000,0,2500000000,0,None,105000000,343000000,2633000000,None,989000000,248000000,1239000000,None,None,None,1210000000,6605000000,3427000000,None,315000000,USD,-41000000,-819000000,-81000000,0,-27000000,-119000000,33000000,42000000,440000000,-451000000,-248000000,-1000000,46000000,0,-125000000,7000000,12000000,91000000,40000000,-12000000,-3000000,-451000000,75.76,85.4
17,2016-03-31,USD,1308000000,546000000,226000000,1082000000,526000000,899000000,282000000,0,526000000,0,263000000,-10000000,536000000,1000000,9000000,None,None,None,0,0,0,-373000000,-21000000,0,899000000,899000000,None,USD,7050000000,57000000,None,254000000,3652000000,3396000000,2000000,1458000000,3000000,2060000000,243000000,1710000000,2257000000,2493000000,2418000000,161000000,161000000,-16000000,439000000,4354000000,None,1631000000,1341000000,233000000,989000000,33000000,799000000,0,0,3000000,0,2060000000,0,None,103000000,387000000,2696000000,None,989000000,243000000,1234000000,None,2000000,None,1349000000,7050000000,3834000000,None,301000000,USD,-371000000,-572000000,-401000000,0,812000000,212000000,13000000,12000000,899000000,207000000,396000000,-23000000,48000000,0,-613000000,9000000,127000000,-360000000,30000000,395000000,23000000,230000000,66.11,75.76
18,2015-12-31,USD,1070000000,555000000,546000000,524000000,-30000000,-45000000,266000000,0,-30000000,0,287000000,1000000,-31000000,2000000,5000000,None,None,None,0,0,0,15000000,0,0,-45000000,-45000000,None,USD,6470000000,71000000,None,214000000,3451000000,3012000000,75000000,1844000000,3000000,1161000000,231000000,1708000000,1903000000,2263000000,3145000000,333000000,None,-57000000,415000000,4152000000,None,1240000000,966000000,667000000,7000000,42000000,968000000,0,0,3000000,0,1161000000,0,None,116000000,8000000,2318000000,None,None,231000000,306000000,None,7000000,None,1905000000,6470000000,3229000000,None,310000000,USD,18000000,701000000,-3000000,0,-95000000,-211000000,8000000,None,-45000000,675000000,889000000,3000000,50000000,0,-124000000,20000000,0,49000000,21000000,111000000,-10000000,665000000,68.72,66.11
19,2015-09-30,USD,815000000,525000000,409000000,406000000,-128000000,-140000000,265000000,0,-128000000,0,257000000,-9000000,-119000000,3000000,6000000,None,None,None,0,0,0,12000000,0,0,-140000000,-140000000,None,USD,6000000000,84000000,None,213000000,2841000000,3146000000,75000000,1113000000,3000000,1206000000,241000000,1709000000,1924000000,1598000000,2525000000,422000000,None,-44000000,430000000,3646000000,None,1366000000,990000000,783000000,13000000,62000000,990000000,0,0,3000000,0,1206000000,0,None,117000000,14000000,2354000000,None,None,241000000,316000000,None,13000000,None,1981000000,6000000000,2588000000,None,311000000,USD,78000000,662000000,60000000,0,-198000000,-260000000,25000000,None,-140000000,-191000000,9000000,13000000,50000000,0,-87000000,-29000000,0,51000000,18000000,-598000000,-21000000,-212000000,67.75,68.72
