,fiscalDateEnding,reportedCurrency_x,totalRevenue,totalOperatingExpense,costOfRevenue,grossProfit,ebit,netIncome_x,researchAndDevelopment,effectOfAccountingCharges,incomeBeforeTax,minorityInterest,sellingGeneralAdministrative,otherNonOperatingIncome,operatingIncome,otherOperatingExpense,interestExpense,taxProvision,interestIncome,netInterestIncome,extraordinaryItems,nonRecurring,otherItems,incomeTaxExpense,totalOtherIncomeExpense,discontinuedOperations,netIncomeFromContinuingOperations,netIncomeApplicableToCommonShares,preferredStockAndOtherAdjustments,reportedCurrency_y,totalAssets,intangibleAssets,earningAssets,otherCurrentAssets,totalLiabilities,totalShareholderEquity,deferredLongTermLiabilities,otherCurrentLiabilities,commonStock,retainedEarnings,otherLiabilities,goodwill,otherAssets,cash,totalCurrentLiabilities,shortTermDebt,currentLongTermDebt,otherShareholderEquity,propertyPlantEquipment,totalCurrentAssets,longTermInvestments,netTangibleAssets,shortTermInvestments,netReceivables,longTermDebt,inventory,accountsPayable,totalPermanentEquity,additionalPaidInCapital,commonStockTotalEquity,preferredStockTotalEquity,retainedEarningsTotalEquity,treasuryStock,accumulatedAmortization,otherNonCurrrentAssets,deferredLongTermAssetCharges,totalNonCurrentAssets,capitalLeaseObligations,totalLongTermDebt,otherNonCurrentLiabilities,totalNonCurrentLiabilities,negativeGoodwill,warrants,preferredStockRedeemable,capitalSurplus,liabilitiesAndShareholderEquity,cashAndShortTermInvestments,accumulatedDepreciation,commonStockSharesOutstanding,reportedCurrency,investments,changeInLiabilities,cashflowFromInvestment,otherCashflowFromInvestment,netBorrowings,cashflowFromFinancing,otherCashflowFromFinancing,changeInOperatingActivities,netIncome_y,changeInCash,operatingCashflow,otherOperatingCashflow,depreciation,dividendPayout,stockSaleAndPurchase,changeInInventory,changeInAccountReceivables,changeInNetIncome,capitalExpenditures,changeInReceivables,changeInExchangeRate,changeInCashAndCashEquivalents,clossingVal,nextClossingVal
0,2020-06-30,USD,514719000,85285000,426674000,88045000,2761000,951000,None,None,1363000,None,75481000,None,2761000,9804000,1398000,412000,-1398000,-1398000,None,None,None,412000,None,None,951000,951000,None,USD,829664000,92177000,None,9947000,452247000,377417000,23935000,5496000,3000,133967000,25285000,309589000,3565000,35438000,253394000,None,None,377417000,54201000,352048000,None,-24349000,None,306662000,143822000,None,247897000,None,None,3000,None,133967000,-118679000,None,21648000,None,477616000,29747000,143822000,31097000,198853000,None,None,None,362126000,829664000,35438000,None,25942090,USD,-5083000,-18166000,-5083000,-10184000,45000000,-24293000,-51000,5311000,952000,-3284000,26092000,1281000,9804000,None,0,None,30508000,1716000,5083000,30508000,None,-3284000,21.62,
1,2020-03-31,USD,551049000,-461603000,461142000,-461142000,460000,-2933000,None,None,-2328000,None,79654000,None,460000,-541257000,2788000,605000,-2788000,-2788000,None,None,None,605000,None,None,-2933000,-2933000,None,USD,871188000,94944000,None,10363000,496991000,374197000,24683000,6015000,3000,133015000,26110000,309589000,4316000,38722000,272420000,None,None,1000,56112000,387362000,None,-30336000,None,338276000,167731000,None,266404000,None,None,3000,None,133015000,-118679000,None,23181000,None,483826000,30731000,167731000,32158000,224572000,None,None,None,359857000,871188000,38722000,None,25936569,USD,-5101000,43140000,-5101000,-10184000,11039000,-470000,-1541000,-4967000,-2933000,4097000,9668000,885000,9792000,None,-9968000,None,-48384000,7167000,5101000,-48384000,None,4097000,17.08,21.62
2,2019-12-31,USD,531677000,-1008513000,441994000,-1003435000,5077000,1439000,None,None,2227000,None,75074000,None,5077000,-1083587000,2850000,787000,-2850000,-2850000,None,None,None,787000,-3357000,None,1440000,1439000,None,USD,826666000,97762000,None,12105000,443353000,383312000,23761000,6719000,3000,135948000,25172000,309589000,4864000,34626000,230409000,None,None,None,58620000,336193000,None,-24038000,None,289462000,156298000,None,223690000,None,None,3000,None,135948000,-109239000,None,4863000,None,490473000,31475000,156298000,1411000,212945000,None,None,None,356600000,826666000,34626000,None,26229809,USD,-5072000,52336000,-5072000,-23959000,11039000,-2954000,-49000,-3579000,-28253000,-160856000,-152830000,3280000,-67242000,None,-2906000,None,27795000,-39809000,5072000,-73143000,None,-160857000,20.7,17.08
3,2019-09-30,USD,561441000,87316000,464460000,96981000,9665000,4843000,None,None,6844000,None,77722000,None,9665000,9594000,2821000,2001000,-2821000,-2821000,None,None,None,2001000,-2874000,None,4843000,4843000,None,USD,847266000,100559000,None,12455000,464218000,383049000,21611000,6536000,3000,134509000,22653000,309589000,4300000,26418000,254901000,None,None,None,59644000,353860000,None,-27100000,None,314987000,154828000,None,248365000,None,None,3000,None,134509000,-105679000,None,23614000,None,493407000,31835000,154828000,32878000,209317000,None,None,None,354216000,847266000,26418000,None,26401044,USD,-5688000,-6681000,-5689000,-1000,11039000,-1009000,-1008000,1471000,4843000,10394000,17092000,-1286000,9594000,None,0,None,6896000,3727000,5688000,6896000,None,10396000,22.65,20.7
4,2019-06-30,USD,553776000,-463844000,453173000,-453173000,10672000,5067000,None,None,7117000,None,80138000,None,10672000,-543982000,3555000,2050000,-3555000,-3555000,None,None,None,2050000,-3754000,None,5067000,5067000,None,USD,848044000,103365000,None,11369000,472316000,375729000,21926000,6654000,3000,129666000,23609000,309589000,4210000,16022000,262151000,5704000,5704000,None,61291000,349737000,None,-37226000,None,322345000,153381000,None,255496000,None,None,3000,None,129666000,-105679000,None,24062000,None,498307000,33174000,153381000,34857000,210164000,None,None,None,351739000,848044000,16022000,None,26396576,USD,-6784000,-4904000,-6783000,-32000,-26132000,-41918000,-49000,-6327000,5067000,-21571000,27130000,-1541000,9793000,None,-15737000,None,13269000,5444000,6784000,13269000,None,-21573000,20.87,22.65
5,2019-03-31,USD,538083000,-448420000,439317000,-439317000,9103000,3497000,None,None,5690000,None,80195000,None,9103000,-528615000,3413000,2194000,None,-3413000,None,None,None,2194000,-3702000,None,3496000,3497000,None,USD,885044000,106397000,None,10877000,501343000,383700000,21339000,6780000,3000,124599000,22821000,309589000,3274000,37595000,266961000,5590000,5590000,-1000,62216000,383422000,None,-32285000,None,334949000,177300000,None,260181000,None,None,3000,None,124599000,-90199000,None,23420000,None,501622000,34262000,177300000,35729000,234383000,None,None,None,349298000,885044000,37595000,None,27094812,USD,-6415000,-6000,-6415000,-33000,-7783000,-20348000,-2231000,-4893000,3497000,-2687000,24076000,1344000,9468000,None,-10334000,None,2509000,7266000,6382000,2509000,None,-2686000,24.78,20.87
6,2018-12-31,USD,582978000,-1071310000,480546000,-1057637000,13673000,6935000,0,0,9412000,0,79289000,None,13673000,-1150599000,4262000,None,None,None,0,0,0,2475000,-4523000,0,6937000,6935000,None,USD,878325000,109563000,None,13220000,488394000,389932000,19233000,255000,3000,121102000,38319000,309589000,3486000,40281000,266907000,None,None,1000,61955000,393732000,None,-29221000,None,340231000,183168000,None,266652000,None,None,3000,None,121102000,-79600000,None,3485000,None,484593000,None,183168000,19086000,221487000,None,None,None,348397000,878325000,40281000,None,27397760,USD,1000000,-41208000,-4601000,-31821000,-37217000,-46896000,-223000,-4544000,6935000,-20261000,31236000,-1360000,9470000,None,-9456000,None,47633000,9765000,4601000,47633000,None,-20262000,20.33,24.78
7,2018-09-30,USD,644821000,-549882000,533601000,-533601000,16281000,9383000,0,0,12501000,0,85709000,None,16281000,-635591000,3780000,None,None,None,0,0,0,3118000,-3830000,0,9383000,9383000,None,USD,947400000,112832000,None,12618000,556387000,391014000,15404000,1933000,3000,114167000,34916000,309589000,2852000,60542000,304722000,None,None,None,63072000,459055000,None,-31408000,0,385895000,216748000,0,302789000,0,0,3000,0,114167000,-69818000,None,2851000,None,488345000,None,216748000,19512000,251664000,None,None,None,346662000,947400000,60542000,None,27801599,USD,1000000,-5913000,-12989000,-6720000,-37217000,546000,-82000,6833000,9383000,15886000,28329000,275000,9229000,0,628000,0,11210000,4144000,6269000,11210000,None,15887000,30.95,20.33
8,2018-06-30,USD,634811000,-541134000,528022000,-528022000,13112000,7678000,0,0,9358000,0,84644000,None,13112000,-625778000,3754000,None,None,None,0,0,0,1680000,-3804000,0,7678000,7678000,None,USD,939780000,111009000,None,12883000,561563000,378218000,15816000,1250000,3000,104783000,35054000,307314000,3038000,44656000,311734000,214774000,214774000,1000,63219000,455200000,None,-40106000,0,397660000,214774000,0,310484000,0,0,3000,0,104783000,-69818000,None,3039000,None,484580000,None,214774000,19239000,249829000,None,None,None,343249000,939780000,44656000,None,27716595,USD,-1000000,45803000,-6619000,-31821000,-37217000,1677000,-646000,579000,7678000,12054000,16996000,-3020000,9034000,0,2322000,0,-47573000,5075000,5619000,-47573000,None,12053000,29.25,30.95
9,2018-03-31,USD,577091000,89423000,477168000,99923000,10500000,4727000,0,0,6749000,0,80518000,None,10500000,8905000,3750000,None,None,None,0,0,0,2023000,-3800000,0,4726000,4727000,None,USD,880197000,114240000,None,9576000,514097000,366101000,15133000,1750000,3000,97105000,19698000,307314000,424057000,32603000,266434000,212831000,212831000,None,63021000,393119000,None,-55454000,0,350940000,212831000,0,264683000,0,0,3000,0,97105000,-69818000,None,2502000,None,487078000,None,212831000,19700000,247663000,None,None,None,338811000,880197000,32603000,None,27508230,USD,-1000000,21868000,-7612000,-31821000,None,-984000,-2222000,-952000,4727000,9088000,17684000,-762000,8905000,0,1239000,0,-23970000,6916000,7612000,-23970000,None,9088000,27.6,29.25
10,2017-12-31,USD,547717714,86096877,451489146,96228568,10163574,13348956,0,0,6372039,0,77507909,31883,10131691,8588968,3791535,None,None,None,0,0,0,-6976917,-15726543,0,13348956,13348956,None,USD,838078638,117483941,None,9951823,479206702,358871936,12502648,40580000,3080,91242077,21457000,307314171,426716000,23514818,234328037,210918935,210918935,None,63061890,348300734,None,-65926176,0,314834093,210918935,0,234328037,0,0,3080,0,91242077,-69818299,None,1917902,None,489777904,None,210918935,21457082,244878665,None,None,None,337445078,838078638,23514818,None,27241180,USD,None,-4345859,-5984754,-20729462,None,786440,-241179,6829439,13348956,2302257,7500571,5182578,8588968,0,1027619,0,-78302511,-1314157,5984754,-13959915,None,2302257,28.0,27.6
11,2017-09-30,USD,509530511,80408037,422829876,86700635,6292598,2391682,0,0,2618033,0,72283551,None,6292598,8124486,3674565,None,None,None,0,0,0,226351,0,0,2391682,2391682,None,USD,836182675,121021381,None,15652478,493354602,342828073,18186336,888000,3069,77893121,21563000,307314171,429914000,21212561,244568767,209036417,209036417,None,62972284,343297468,None,-85507479,0,306432429,209036417,0,243680767,0,0,3069,0,77893121,-69818299,None,1577371,None,492885207,None,209036417,21563082,248785835,None,None,None,334750182,836182675,21212561,None,27133041,USD,-1000000,33122880,-5195924,10997118,None,-9467020,-22048,7008147,2391682,1181894,15844838,-4335103,8124486,0,-9444972,0,64342596,4629896,5195924,-28089003,None,1181894,18.85,28.0
12,2017-06-30,USD,470085693,78174662,388472528,81613165,3438503,-245366,0,0,-238882,0,70198648,None,3438503,7976014,3677385,None,None,None,0,0,0,6484,0,0,-245366,-245366,None,USD,803755402,124583724,None,11314794,455884499,347870903,17923514,814500,3063,75501439,20950000,307300000,433655000,20030667,209827591,207183398,207183398,None,60246353,309853655,None,-84012821,0,278508194,207183398,0,209013091,0,0,3063,0,75501439,-59999981,None,1757499,None,493901747,None,207183398,20949996,246056908,None,None,None,332366382,803755402,20030667,None,27760067,USD,None,33778395,-5504284,7301521,None,-9980461,-107053,3761434,-245366,-4224632,11260113,-80608,7976014,0,-9873408,0,36253593,4840788,5504284,-35009110,None,-4224632,19.9,18.85
13,2017-03-31,USD,415752274,75275581,341254013,74498261,-777320,-2872043,0,0,-4401456,0,67237322,None,-777320,8038259,3624136,None,None,None,0,0,0,-1529413,0,0,-2872043,-2872043,None,USD,774282288,128152567,None,11464530,418430720,355851568,17717718,27930000,3060,75746805,20361000,307314171,437606000,24255299,174992806,None,None,None,57814221,278861827,None,-79615170,0,243141998,205359414,0,174992806,0,0,3060,0,75746805,-49999996,None,2139502,None,495420461,None,205359414,20360782,243437914,None,None,None,330101699,774282288,24255299,None,28242515,USD,None,3747608,-4044500,3624136,None,-2456448,-1617154,-2006590,-2872043,7609210,14110158,673319,8038259,0,-839294,0,1244483,5767498,4044500,-1244483,None,7609210,21.35,19.9
14,2016-12-31,USD,406852800,72991177,335145220,71707580,-1283597,-2965752,0,0,-4917739,0,64524296,None,-1283597,8466881,3634142,None,None,None,0,0,0,-1951987,-14118987,0,-2965752,-2965752,None,USD,766767916,131727741,None,12466299,408618186,358149730,16669138,32556000,3045,78618848,20444000,307314171,441017000,16646089,167940695,203564011,203564011,None,57450059,268300874,None,-80892182,0,239188486,203564011,0,167940695,0,0,3045,0,78618848,-49100000,None,1975071,None,498467042,None,203564011,20444342,240677491,None,None,None,328676749,766767916,16646089,None,28131479,USD,None,-15961005,-9639033,-20729462,None,-12549876,236942,12952551,-2965752,-17564706,4624203,-5112983,8466881,0,-12786818,0,-35010031,5702880,9639033,14494182,None,-17564706,25.05,21.35
15,2016-09-30,USD,460191903,74835714,379329380,80862523,6026809,2362050,0,0,2461716,0,66292712,None,6026809,8543002,3565093,None,None,None,0,0,0,99666,0,0,2362050,2362050,None,USD,789795855,135637636,None,7344928,418674152,371121703,15491398,510999,3038,81584600,19747000,307314171,445087000,34210795,181639063,None,None,None,52777032,291931891,None,-71830104,0,250376168,201796741,0,181128064,0,0,3038,0,81584600,-36471072,None,2135125,None,497863964,None,201796741,19746950,237035089,None,None,None,326005137,789795855,34210795,None,28635197,USD,None,24583858,-24420783,10592654,None,-3189429,698853,-3696723,2362000,-5903775,21706437,-1125632,8543002,0,-3888282,0,49504213,4604775,24420783,-17261616,None,-5903775,23.06,25.05
16,2016-06-30,USD,443829000,78131267,358651000,85177577,7046310,1930000,0,0,3522000,0,67401000,None,7046310,7598376,3525000,None,None,None,0,0,0,1592000,0,0,1930769,1930000,None,USD,760012000,139558573,None,6289000,391513000,368499000,15834584,1729327,3000,79223000,9139000,307313000,449115000,40115000,166482000,None,None,None,32978000,277918577,None,-78373425,0,231515617,200057000,0,164752755,0,0,3024,0,79222550,-33099537,None,2242596,None,482093654,None,200057163,9139083,225030830,None,None,None,322373282,760012231,40114570,None,30000000,USD,None,22836958,-8516290,7027561,None,-13942964,-1994814,-1571938,1930000,-3404107,19055147,297171,7598376,0,-11960437,0,32242597,7933522,8516290,-19672540,None,-3404107,22.42,23.06
17,2016-03-31,USD,405277532,77005821,324450717,80826815,3820994,262611,0,0,317599,0,69476488,None,3820994,7529333,3503395,None,None,None,0,0,0,54988,0,0,262611,262611,None,USD,742758214,143533820,None,6800672,362099952,380658262,12166979,28864000,2997,77291781,6321000,307314171,453835000,43518677,145267334,None,None,None,28085153,260838282,None,-70189729,0,210518933,198344843,0,145267334,0,0,2997,0,77291781,-19390803,None,2986788,None,481919932,None,198344843,6320796,216832618,None,None,None,322754287,742758214,43518677,None,28992684,USD,None,11757145,-4311663,3503395,None,-23041832,-3685217,None,262611,-13003517,14349978,413201,7529333,0,-19356615,0,12570057,6957745,4311663,-12570057,None,-13003517,27.16,22.42
18,2015-12-31,USD,407171455,73987571,327079650,80091805,6104234,1740820,0,0,2631077,0,66417277,None,6104234,7570294,3473157,None,None,None,0,0,0,890257,-11580045,0,1740820,1740820,None,USD,746509782,147532169,None,6842829,351260208,395249574,12520048,784829,2979,77029170,4688000,308490588,458382000,56522194,137392136,196659354,196659354,None,27304474,260823964,None,-60773183,0,197458941,196659354,0,136607307,0,0,2979,0,77029170,-784829,None,2358587,None,485685818,None,196659354,4688670,213868072,None,None,None,319002254,746509782,56522194,None,29727588,USD,None,-29149793,-4595006,142970,223100000,289627,248951,2970705,1740820,13734554,18039933,-579454,7570294,0,40676,0,12508000,8413547,4737976,30044519,None,13734554,20.39,27.16
19,2015-09-30,USD,449993415,78766966,362614918,87378497,8611531,3458705,0,0,5196705,0,71318890,None,8611531,7448076,3414826,None,None,None,0,0,0,1738000,0,0,3458705,3458705,None,USD,765849769,151737121,None,6198050,376340902,389508867,14220907,33292000,2976,75288350,4085000,308376368,462715000,42787640,163034347,None,None,None,25931840,277203356,None,-70604622,0,228217666,195000276,0,163034347,0,0,2976,0,75288350,0,None,2601084,None,488646413,None,195000276,4085372,213306555,None,None,None,314217541,765849769,42787640,None,29739087,USD,None,2261882,-3427936,0,-30000000,-29561118,287998,None,3458705,-14859530,18129524,658724,7448076,0,150884,0,0,5669312,3427936,-1367175,None,-14859530,19.6,20.39
