,fiscalDateEnding,reportedCurrency_x,totalRevenue,totalOperatingExpense,costOfRevenue,grossProfit,ebit,netIncome_x,researchAndDevelopment,effectOfAccountingCharges,incomeBeforeTax,minorityInterest,sellingGeneralAdministrative,otherNonOperatingIncome,operatingIncome,otherOperatingExpense,interestExpense,taxProvision,interestIncome,netInterestIncome,extraordinaryItems,nonRecurring,otherItems,incomeTaxExpense,totalOtherIncomeExpense,discontinuedOperations,netIncomeFromContinuingOperations,netIncomeApplicableToCommonShares,preferredStockAndOtherAdjustments,reportedCurrency_y,totalAssets,intangibleAssets,earningAssets,otherCurrentAssets,totalLiabilities,totalShareholderEquity,deferredLongTermLiabilities,otherCurrentLiabilities,commonStock,retainedEarnings,otherLiabilities,goodwill,otherAssets,cash,totalCurrentLiabilities,shortTermDebt,currentLongTermDebt,otherShareholderEquity,propertyPlantEquipment,totalCurrentAssets,longTermInvestments,netTangibleAssets,shortTermInvestments,netReceivables,longTermDebt,inventory,accountsPayable,totalPermanentEquity,additionalPaidInCapital,commonStockTotalEquity,preferredStockTotalEquity,retainedEarningsTotalEquity,treasuryStock,accumulatedAmortization,otherNonCurrrentAssets,deferredLongTermAssetCharges,totalNonCurrentAssets,capitalLeaseObligations,totalLongTermDebt,otherNonCurrentLiabilities,totalNonCurrentLiabilities,negativeGoodwill,warrants,preferredStockRedeemable,capitalSurplus,liabilitiesAndShareholderEquity,cashAndShortTermInvestments,accumulatedDepreciation,commonStockSharesOutstanding,reportedCurrency,investments,changeInLiabilities,cashflowFromInvestment,otherCashflowFromInvestment,netBorrowings,cashflowFromFinancing,otherCashflowFromFinancing,changeInOperatingActivities,netIncome_y,changeInCash,operatingCashflow,otherOperatingCashflow,depreciation,dividendPayout,stockSaleAndPurchase,changeInInventory,changeInAccountReceivables,changeInNetIncome,capitalExpenditures,changeInReceivables,changeInExchangeRate,changeInCashAndCashEquivalents,clossingVal,nextClossingVal
0,2020-06-30,USD,426033000,206341000,None,426033000,216681000,130332000,None,None,166354000,452000,-90867000,-3011000,219692000,-10542000,50327000,None,None,None,None,-37356000,None,35570000,None,None,130784000,130332000,None,USD,4740854000,None,None,None,3698467000,1038851000,None,None,313000,963698000,112510000,838024000,78048000,293800000,3572201000,3353730000,None,-152190000,117873000,3495041000,None,200827000,None,3201241000,None,None,218471000,None,None,313000,None,963698000,None,None,289916000,None,1245813000,None,None,126266000,126266000,None,None,None,227030000,4740854000,293800000,None,31288000,USD,31315000,46364000,32242000,6417000,-72343000,-65806000,6537000,8540000,130784000,105346000,138910000,-57467000,10542000,None,None,None,None,8687000,5490000,None,None,105346000,34.18,
1,2020-03-31,USD,289081000,241879000,172553000,289081000,48641000,-10454000,None,None,-6021000,-125000,165315000,1439000,47202000,10285000,54662000,4558000,-52719000,-54662000,None,66279000,None,4558000,1439000,None,-10579000,-10454000,None,USD,4614954000,46371000,None,None,3709143000,902726000,None,None,312000,833366000,119323000,839301000,75248000,188199000,3572908000,3404427000,None,-153355000,119417000,3354217000,3166018000,63425000,None,3166018000,3395785000,None,168481000,None,None,312000,None,833366000,None,None,302019000,None,1260737000,8642000,3404427000,136235000,136235000,None,None,None,222403000,4614954000,188199000,None,31234000,USD,-39131000,-31506000,-43255000,3414000,-11591000,-21762000,-10171000,3377000,-10579000,5788000,70805000,102038000,10285000,None,None,None,None,567000,7538000,None,None,5788000,23.38,34.18
2,2019-12-31,USD,367847000,234584000,161850000,367847000,110633000,43085000,None,None,57118000,-1933000,170067000,-2577000,113210000,31346000,53515000,13886000,-56211000,-53515000,None,53224000,None,13886000,-2577000,None,43232000,43085000,None,USD,4909950000,51371000,None,48190000,3884544000,1022193000,100172000,25000000,311000,888058000,44473000,884185000,184835000,192335000,3737108000,3513197000,9116000,-88766000,195305000,3476319000,3283984000,138008000,None,3283984000,3505076000,None,223911000,None,None,311000,None,888058000,None,None,449274000,None,100172000,8121000,3513197000,147436000,147436000,None,None,None,222590000,4909950000,192335000,None,31097000,USD,-711000,-23080000,-4375000,5226000,-15666000,-51083000,-9886000,-20036000,-294586000,-7671000,47787000,35325000,11293000,None,None,None,None,-18983000,8890000,None,None,-7671000,35.36,23.38
3,2019-09-30,USD,347421000,247591000,162952000,347421000,96799000,38869000,None,None,42434000,544000,177902000,-11546000,108345000,1485000,54365000,3021000,-54801000,-54365000,None,59689000,None,3021000,-22264000,None,39413000,38869000,None,USD,4708055000,49717000,None,41524000,3784058000,920940000,94011000,575000,311000,844973000,40153000,831549000,169287000,186677000,3638337000,3429343000,10839000,-146158000,116633000,3374844000,3188167000,89391000,None,3188167000,3421450000,None,208994000,None,None,311000,None,844973000,None,None,291018000,None,94011000,7893000,3429343000,145721000,145721000,None,None,None,221814000,4708055000,186677000,None,31059000,USD,-73986000,15587000,-82270000,4948000,8717000,3735000,-4982000,21676000,39413000,9591000,88126000,13161000,10000000,None,None,None,None,9965000,13232000,None,None,9591000,33.325,35.36
4,2019-06-30,USD,344811000,233142000,161235000,344811000,112488000,36661000,None,None,48575000,161000,171953000,-1244000,113732000,7678000,63913000,11753000,-63740000,-63913000,None,51448000,None,11753000,-1244000,None,36822000,36661000,None,USD,4811025000,56441000,None,39983000,3908068000,900495000,92595000,None,310000,806104000,39217000,865527000,163999000,168565000,3748554000,3529717000,10779000,-117427000,118001000,3393133000,3224568000,34968000,None,3224568000,3521288000,None,218837000,None,None,310000,None,806104000,None,None,341769000,None,92595000,8429000,3529717000,159514000,159514000,None,None,None,211508000,4811025000,168565000,None,30980000,USD,-37549000,17593000,-46174000,-1372000,-46302000,-43969000,2333000,5014000,36822000,7686000,97829000,2951000,9741000,None,None,None,None,30722000,7253000,None,None,7686000,33.87,33.325
5,2019-03-31,USD,345710000,236019000,65029000,345710000,108082000,49254000,None,None,53115000,188000,176997000,-2976000,111058000,8628000,54967000,3673000,-54967000,-54967000,None,49027000,None,3673000,-2976000,None,49442000,49254000,None,USD,4813607000,59383000,None,31925000,3939050000,872263000,96207000,38000,310000,769443000,37443000,882884000,138144000,167096000,3788592000,3592906000,6967000,-105864000,117371000,3378696000,3211587000,-10621000,None,3211600000,3587002000,None,195686000,None,None,310000,None,769443000,None,None,338462000,None,96200000,5904000,3592906000,150458000,150458000,None,None,None,208374000,4813607000,167096000,None,30967000,USD,-57307000,-98022000,-69514000,-1980000,76409000,71547000,-4862000,18725000,49442000,13024000,10991000,17358000,9995000,None,None,None,None,32218000,10227000,None,None,13024000,27.23,33.87
6,2018-12-31,USD,338720000,232834000,62982000,338720000,112084000,47036000,0,0,55128000,11297000,173217000,-3803000,115887000,-5000,56956000,None,None,None,0,49621000,0,9082000,-55095000,0,46033000,47036000,None,USD,4631875000,60581000,None,29331000,3812187000,818009000,95918000,237000,309000,720189000,28491000,868126000,160598000,157418000,3778578000,3490633000,4881000,-110987000,115518000,3295311000,None,-50117000,None,3137893000,3483070000,None,287945000,None,None,309000,None,720189000,None,None,257002000,None,95918000,None,3490633000,33609000,33609000,None,None,None,208498000,4631875000,157418000,None,30884000,USD,-44274000,24389000,-71445000,2868000,-37560000,-38550000,233111000,-16089000,46033000,-43226000,66769000,-15301000,9996000,-234101000,-234101000,None,None,1652000,30039000,None,-4005000,-47231000,23.5,27.23
7,2018-09-30,USD,332745000,239246000,126325000,332745000,94989000,20725000,0,0,29895000,-7709000,178900000,-2539000,97528000,5844000,65094000,None,None,None,0,50473000,0,16900000,-67633000,0,13016000,20725000,None,USD,4647404000,64067000,None,29188000,3868959000,778053000,94017000,1408000,309000,673153000,31871000,898591000,145788000,204649000,3835680000,3561467000,None,-103394000,96429000,3313765000,None,-119307000,0,3109116000,3553462000,0,274213000,777214000,207985000,309000,0,673153000,0,None,244602000,None,94017000,None,None,33279000,33279000,None,1231000,None,207985000,4647404000,204649000,None,30852000,USD,-77569000,-13736000,-85184000,5166000,320672000,83892000,-236780000,-6171000,13016000,21103000,22395000,-10200000,9873000,0,0,0,0,23442000,12781000,None,1889000,22992000,35.85,23.5
8,2018-06-30,USD,332115000,246314000,129999000,332115000,98818000,26298000,0,0,38282000,676000,184136000,-4615000,103433000,-6709000,60536000,None,None,None,0,51255000,0,11300000,-65151000,0,26974000,26298000,None,USD,4606207000,67186000,None,28280000,3854533000,624607000,90872000,7211000,259000,652428000,30521000,909063000,183929000,181657000,3816801000,3530415000,3530415000,-96900000,89071000,3266278000,None,-148268000,0,3084621000,3522785000,0,286386000,615486000,0,259000,0,652428000,0,None,250923000,None,90872000,None,None,37732000,37732000,None,136188000,None,68820000,4606207000,181657000,None,25931000,USD,-143359000,67020000,-156399000,395000,41830000,36397000,-5433000,-7555000,26974000,-23404000,96598000,-25187000,10923000,0,0,0,0,16868000,13435000,None,-12077000,-35481000,36.6,35.85
9,2018-03-31,USD,316977000,238336000,123007000,316977000,90645000,21827000,0,0,33183000,1886000,174045000,2193000,88452000,625000,57462000,None,None,None,0,53855000,0,9470000,-55269000,0,23713000,21827000,None,USD,4642260000,75620000,None,52664000,3885236000,610832000,85887000,477000,259000,626130000,32691000,957120000,158254000,217138000,3852049000,3607101000,19000,-61463000,81008000,3241279000,None,-191039000,0,3024141000,3602043000,0,244948000,601775000,0,259000,0,626130000,0,None,276966000,None,85887000,None,None,33187000,33187000,None,155249000,None,45906000,4642260000,217138000,None,25912000,USD,-74507000,-37784000,-84488000,1239000,88974000,84638000,-4336000,-5811000,23713000,1179000,1029000,-15622000,10436000,0,0,0,0,20286000,11220000,None,3820000,4999000,45.2,36.6
10,2017-12-31,USD,317481000,253246000,123135000,317481000,63078000,12681000,0,0,11386000,-1402000,188490000,-1157000,64235000,14158000,51692000,None,None,None,0,50598000,0,8607000,-146610000,995000,2779000,12681000,None,USD,4490712000,1004729000,None,55523000,3766801000,581862000,79963000,1110000,258000,616314000,25628000,928993000,1183356000,212139000,3731650000,3446876000,7000,-77356000,76276000,3102752000,None,-195153000,28199000,2890613000,3411627000,0,284774000,571933000,42646000,258000,0,616314000,0,None,302728000,None,79963000,None,None,35151000,35151000,None,151978000,None,42646000,4490712000,212139000,None,25801000,USD,-152615000,-31108000,-244351000,-84128000,254930000,222908000,-2291000,-4101000,2779000,20684000,42127000,7996000,14158000,-29731000,-29731000,0,0,48302000,7608000,None,3209000,23893000,42.1,45.2
11,2017-09-30,USD,306699000,202829000,103091000,306699000,112743000,28194000,0,0,59988000,13950000,146213000,8873000,103870000,8522000,52755000,None,None,None,0,48094000,0,17844000,4105000,-1990000,42144000,28194000,None,USD,4173786000,882429000,None,19966000,3450631000,571309000,0,2248000,257000,602199000,32207000,853162000,1119438000,188246000,3418424000,3148497000,3148537000,-74153000,71213000,2917057000,None,-121113000,0,2728811000,3148497000,0,269927000,562415000,0,257000,77000,602199000,0,None,254993000,None,77361000,None,None,32207000,32207000,None,160740000,None,43006000,4173786000,188246000,None,25745000,USD,-81767000,-11555000,-92705000,-2404000,117798000,119460000,1662000,-14143000,42144000,37156000,10401000,-33798000,8522000,0,0,0,0,5088000,8534000,None,4443000,41599000,44.3,42.1
12,2017-06-30,USD,290917000,210323000,99816000,290917000,83123000,20255000,0,0,32607000,-1179000,148242000,2529000,80594000,8672000,50516000,None,None,None,0,53409000,0,13531000,609000,995000,19076000,20255000,None,USD,3918797000,861258000,None,20480000,3250687000,553513000,0,None,257000,593290000,29776000,831556000,1078614000,146647000,3220911000,2963929000,2963985000,-83110000,71135000,2702572000,None,-151636000,0,2555925000,2963929000,0,256982000,541703000,0,257000,192000,593290000,0,None,239218000,None,74316000,None,None,29776000,29776000,None,126407000,None,43076000,3918797000,146647000,None,25741000,USD,-58060000,18454000,-66084000,-2121000,12006000,7556000,-4470000,-3538000,19076000,-14398000,44130000,-15228000,8672000,0,0,0,0,13156000,5903000,None,1114000,-13284000,40.15,44.3
13,2017-03-31,USD,271941000,196100000,94638000,271941000,76443000,22098000,0,0,27245000,-7119000,139518000,602000,75841000,8625000,49198000,None,None,None,0,47957000,0,12067000,-48596000,-199000,15178000,22098000,None,USD,3764662000,823898000,None,20379000,3125189000,600973000,0,818000,257000,580957000,29794000,796408000,1033937000,159931000,3095395000,2870607000,2870676000,-93773000,71805000,2595949000,None,-147781000,0,2436018000,2870607000,0,224788000,591819000,0,257000,312000,580957000,0,None,229166000,None,71334000,None,None,29794000,29794000,None,47654000,None,113532000,3764662000,159931000,None,25728000,USD,-43967000,-835000,-48991000,1057000,31254000,28293000,-2941000,12847000,14979000,6462000,27160000,-4307000,8625000,0,0,0,0,8698000,6081000,None,3704000,10166000,30.8,40.15
14,2016-12-31,USD,271384000,183939000,93490000,271384000,87315000,22812000,0,0,38868000,108017000,132391000,-130000,87445000,8740000,48447000,None,None,None,0,42808000,0,28374000,-142796000,829000,10494000,22812000,None,USD,3670497000,813275000,None,18685000,3069982000,559304000,65187000,1360000,256000,560567000,21943000,785032000,1007705000,149765000,3040381000,2805983000,131000,-104911000,72257000,2532565000,None,-176978000,0,2382800000,2581589000,0,234398000,551765000,103392000,256000,2995000,560567000,0,None,215447000,None,65187000,None,None,29601000,29601000,None,48750000,None,103392000,3670497000,149765000,None,25593000,USD,-44176000,54487000,-77176000,-17880000,35249000,29566000,-5683000,-20364000,11323000,-2546000,45064000,-27467000,8740000,0,0,0,0,-2019000,15120000,None,-5361000,-7907000,28.65,30.8
15,2016-09-30,USD,179415000,200597000,91914000,179415000,-17082000,-1524000,0,0,-65714000,-50422000,135633000,4100000,-21182000,8032000,48632000,None,None,None,0,56932000,0,-13768000,2931000,-3316000,-51946000,-1524000,None,USD,3705483000,850898000,None,44495000,3093403000,581501000,0,None,255000,597247000,27718000,819785000,1000302000,157672000,3065685000,2848443000,None,-103320000,66703000,2555503000,None,-204529000,0,2397831000,2848443000,0,217242000,574527000,0,255000,3798000,597247000,0,None,206403000,None,57089000,None,None,27718000,27718000,None,37553000,None,83521000,3705483000,157672000,None,26000000,USD,-28670000,-4655000,-38626000,-3502000,26310000,24909000,-2336000,493000,-51946000,22471000,36188000,96331000,8032000,0,0,0,0,-11574000,6454000,None,-3808000,18663000,22.48,28.65
16,2016-06-30,USD,289442000,197695000,100445000,289442000,94881000,29588000,0,0,44284000,1245000,142653000,3134000,91747000,8235000,50597000,None,None,None,0,46807000,0,13451000,-3896000,829000,30833000,29588000,None,USD,3770445000,873669000,None,44994000,3096732000,619449000,0,None,255000,598771000,30451000,840544000,1011686000,139009000,3066281000,2849066000,None,-92536000,67428000,2608602000,None,-175771000,0,2469593000,2849066000,0,217215000,628389000,0,255000,4588000,598771000,0,None,184721000,None,69150000,None,None,30451000,30451000,None,45324000,None,112959000,3770445000,139009000,None,25527000,USD,-66252000,-26777000,-71783000,2352000,55973000,50265000,-5708000,-15463000,30833000,-4291000,17227000,-6510000,8235000,0,0,0,0,11446000,7842000,None,-1313000,-5604000,23.53,22.48
17,2016-03-31,USD,289017000,205513000,95985000,289017000,90628000,25694000,0,0,39937000,913000,141344000,7124000,83504000,9861000,50691000,None,None,None,0,54308000,0,10148000,-43567000,-3182000,29789000,25694000,None,USD,3823619000,926195000,None,29312000,3159612000,610306000,0,None,255000,569183000,27975000,890504000,1060456000,144613000,3131637000,2893434000,None,-68360000,68162000,2631591000,None,-234891000,0,2486978000,2893434000,0,238203000,0,0,255000,5359000,569183000,0,None,157533000,None,75829000,None,None,27975000,27975000,None,45307000,None,109228000,3823619000,144613000,None,25508000,USD,-100194000,4801000,18796000,121201000,-55348000,-61487000,-6139000,None,26607000,-10838000,31853000,-6357000,9861000,0,0,0,0,-3059000,2252000,None,1858000,-8980000,25.74,23.53
18,2015-12-31,USD,290609000,259984000,93097000,297757000,38420000,-988000,0,0,-11767000,-1914000,142418000,647000,37773000,9276000,50187000,None,None,None,0,108290000,0,-13363000,-135713000,-23387000,1596000,-988000,None,USD,4219852000,942976000,None,50161000,3571364000,602579000,75239000,233035000,253000,543489000,56719000,924847000,1140878000,153593000,3510815000,3216572000,352000,-57822000,73504000,3038721000,None,-283644000,0,2747049000,3167938000,0,294243000,0,0,253000,6126000,543489000,0,None,245620000,None,75239000,None,None,60549000,60549000,None,44750000,None,110533000,4219852000,153593000,None,27000000,USD,-63416000,11273000,-117804000,-41495000,51900000,55990000,4090000,-33430000,1596000,-10770000,51044000,-3286000,9276000,0,0,0,0,32185000,12893000,None,-10857000,-21627000,29.08,25.74
19,2015-09-30,USD,287796000,253307000,85212000,287796000,33565000,-10959000,0,0,-14251000,1595000,186312000,-924000,34489000,8235000,47816000,None,None,None,0,58760000,0,-4887000,-2885000,0,-9364000,-10959000,None,USD,4103010000,959692000,None,73752000,3443330000,621905000,0,None,253000,544477000,87735000,940181000,1122598000,175220000,3355595000,3116444000,None,-29279000,63042000,2796036000,None,-284461000,0,2620816000,3116444000,0,239151000,0,0,253000,6881000,544477000,0,None,229697000,None,74054000,None,None,87735000,87735000,None,33815000,None,106454000,4103010000,175220000,None,25274000,USD,-21456000,20445000,-23023000,3545000,39166000,42060000,2894000,None,-9364000,35006000,15969000,-16274000,8235000,0,0,0,0,12927000,5112000,None,2056000,37062000,37.0,29.08
