,fiscalDateEnding,reportedCurrency_x,totalRevenue,totalOperatingExpense,costOfRevenue,grossProfit,ebit,netIncome_x,researchAndDevelopment,effectOfAccountingCharges,incomeBeforeTax,minorityInterest,sellingGeneralAdministrative,otherNonOperatingIncome,operatingIncome,otherOperatingExpense,interestExpense,taxProvision,interestIncome,netInterestIncome,extraordinaryItems,nonRecurring,otherItems,incomeTaxExpense,totalOtherIncomeExpense,discontinuedOperations,netIncomeFromContinuingOperations,netIncomeApplicableToCommonShares,preferredStockAndOtherAdjustments,reportedCurrency_y,totalAssets,intangibleAssets,earningAssets,otherCurrentAssets,totalLiabilities,totalShareholderEquity,deferredLongTermLiabilities,otherCurrentLiabilities,commonStock,retainedEarnings,otherLiabilities,goodwill,otherAssets,cash,totalCurrentLiabilities,shortTermDebt,currentLongTermDebt,otherShareholderEquity,propertyPlantEquipment,totalCurrentAssets,longTermInvestments,netTangibleAssets,shortTermInvestments,netReceivables,longTermDebt,inventory,accountsPayable,totalPermanentEquity,additionalPaidInCapital,commonStockTotalEquity,preferredStockTotalEquity,retainedEarningsTotalEquity,treasuryStock,accumulatedAmortization,otherNonCurrrentAssets,deferredLongTermAssetCharges,totalNonCurrentAssets,capitalLeaseObligations,totalLongTermDebt,otherNonCurrentLiabilities,totalNonCurrentLiabilities,negativeGoodwill,warrants,preferredStockRedeemable,capitalSurplus,liabilitiesAndShareholderEquity,cashAndShortTermInvestments,accumulatedDepreciation,commonStockSharesOutstanding,reportedCurrency,investments,changeInLiabilities,cashflowFromInvestment,otherCashflowFromInvestment,netBorrowings,cashflowFromFinancing,otherCashflowFromFinancing,changeInOperatingActivities,netIncome_y,changeInCash,operatingCashflow,otherOperatingCashflow,depreciation,dividendPayout,stockSaleAndPurchase,changeInInventory,changeInAccountReceivables,changeInNetIncome,capitalExpenditures,changeInReceivables,changeInExchangeRate,changeInCashAndCashEquivalents,clossingVal,nextClossingVal
0,2020-06-30,EUR,9256000.0,8953000.0,4931000.0,4325000.0,303000.0,-175000.0,926000.0,None,-63000.0,None,3096000.0,None,303000.0,None,None,112000,None,-19000,None,None,None,112000.0,-347000.0,None,-175000.0,-175000.0,None,EUR,None,None,None,22603000,None,25867000.0,None,None,None,None,None,None,None,None,14845000.0,None,None,None,None,38307000,None,None,None,None,None,None,None,None,None,None,None,None,None,None,None,None,None,None,None,None,None,None,None,None,None,None,None,None,None,EUR,None,None,None,None,None,None,None,None,-175000,None,None,None,None,None,None,None,None,None,0,None,None,None,2.47,
1,2020-03-31,EUR,7610000.0,9070000.0,4548000.0,3062000.0,-1460000.0,-1308000.0,1042000.0,None,-1191000.0,None,3480000.0,None,-1460000.0,None,None,116000,269000,-20000,None,None,None,116000.0,289000.0,None,-1307000.0,-1308000.0,None,EUR,None,None,None,20738000,None,25896000.0,None,None,None,None,None,None,None,None,16664000.0,None,None,None,None,39188000,None,24177000,None,None,None,None,None,None,None,None,None,None,None,None,None,None,None,None,None,None,None,None,None,None,None,None,None,None,29000000,EUR,None,0,None,None,None,None,None,None,-1308000,None,None,None,None,None,None,None,None,None,0,None,None,None,2.27,2.47
2,2019-12-31,EUR,8034000.0,8209000.0,4799000.0,3234000.0,-20000.0,-1277000.0,497000.0,0,-953000.0,0,2913000.0,0,-176000.0,0,0,323000,-695000,-30000,0,0,0,362000.0,-747000.0,0,-1276000.0,-978000.0,0,EUR,53068000,770000,None,-2000,25710000,27358000.0,0,0,3826000,-38435000,4880000,2412000,1073000,20886000,17493000.0,3513000,3975000,-3435000,6716000,42097000,0,24177000,0,11328000,957000,8178000,6034000,0,0,0,0,0,-928000,0,10972000,0,10972000,3729000,1610000,1000,8217000,0,0,0,66331000,0,20886000,0,0,EUR,0,0,0,0,0,0,0,0,-1277000,0,0,0,0,0,0,0,0,0,0,0,0,0,4.43,2.27
3,2019-09-30,EUR,32924000.0,30802000.0,17061000.0,15863000.0,2122000.0,2490000.0,2884000.0,0,2807000.0,0,10857000.0,0,2122000.0,0,-94623.53,317000,644000,-103000,0,0,0,120000.0,788000.0,0,2490000.0,783000.0,0,EUR,0,0,None,24718000,17463000,27477000.0,0,0,0,0,0,0,0,0,17463000.0,0,0,0,0,42383000,0,0,0,0,0,0,0,0,0,0,0,0,0,0,0,0,0,0,0,0,0,0,0,0,0,0,0,0,30000000,EUR,0,0,0,0,0,0,0,0,2490000,0,0,0,0,0,0,0,0,0,0,0,0,0,4.49,4.43
4,2019-06-30,EUR,12486000.0,10831000.0,6154000.0,6331000.0,1654000.0,1379000.0,986000.0,0,1462000.0,0,3691000.0,0,1654000.0,0,-107231.53,82000,-193000,-32000,0,0,0,82000.0,-161000.0,0,1380000.0,1379000.0,0,EUR,0,0,None,24492000,0,26780000.0,0,0,0,0,0,0,0,0,16357000.0,0,0,0,0,40749000,0,0,0,0,0,0,0,0,0,0,0,0,0,0,0,0,0,0,0,0,0,0,0,0,0,0,0,0,30000000,EUR,0,0,0,0,0,0,0,0,1379000,0,0,0,0,0,0,0,0,0,0,0,0,0,2.7,4.49
5,2019-03-31,EUR,10131000.0,9923000.0,5266000.0,4865000.0,208000.0,328000.0,1013000.0,0,443000.0,0,3644000.0,0,208000.0,0,-97428.75,115000,234000,-31000,0,0,0,115000.0,265000.0,0,328000.0,328000.0,0,EUR,0,0,None,21349000,0,25266000.0,0,0,0,0,0,0,0,0,16837000.0,0,0,0,0,39904000,0,21705000,0,0,0,0,0,0,0,0,0,0,0,0,0,0,0,0,0,0,0,0,0,0,0,0,0,0,30000000,EUR,0,0,0,0,0,0,0,0,328000,0,0,0,0,0,0,0,0,0,0,0,0,0,3.0,2.7
6,2018-12-31,EUR,22994751.15,21538861.24,12647719.03,10347032.12,1455889.92,1788269.05,1641122.05,0,1814236.19,0,7250020.15,0,1455889.92,0,-1573607.54,15000,None,None,0,0,0,25967.13,358346.26,0,1788269.05,1788269.05,0,EUR,84375831.58,1466276.76,None,576517.86,41159617.79,43216213.78,0,4703511.17,6609497.84,-69153905.30,8262737.89,4175513.04,1552833.83,33694936.11,29103949.13,0,849990.43,-6488317.95,7284643,69896564.96,0,37574423.97,0,23055341.09,2317998.34,12484991.73,10900997.35,0,0,0,0,0,-1502561.91,0,0,0,0,0,3306677.07,0,0,0,0,0,99582141.92,0,29375245.30,0,29000000,USD,0,0,0,0,0,0,0,0,1184904.79,0,0,0,0,0,0,0,0,0,0,0,0,0,1.85,3.0
7,2018-09-30,USD,10898606.45,11809950.82,6378070.35,4520536.1,-911344.36,-927426.92,1261139.78,0,-708972.31,0,4170740.69,0,-911344.36,0,-1218252.99,None,None,None,0,0,0,218454.61,202372.05,0,-927426.92,-927426.92,0,USD,0,0,None,0,0,28420930.77,0,0,0,0,0,0,0,30746619167467000,2.7179460242773e+16,0,0,0,0,0,0,24764991.90,0,0,0,0,0,0,0,0,0,0,0,0,0,0,0,0,0,0,0,0,0,0,0,0,0,0,29000000,USD,0,0,0,0,0,0,0,0,-801111.37,0,0,0,0,0,0,0,0,0,0,0,0,0,3.08,1.85
8,2018-06-30,USD,9997672.25,11270949.72,5882216.01,4115456.24,-1273277.47,-893854.75,1396648.04,0,-840316.57,0,3992085.66,0,-1273277.47,0,-764664.80,None,None,None,0,0,0,53538.18,432960.89,0,-893854.75,-893854.75,0,USD,54328445.07,868249.53,None,1163.87,25755353.82,28573091.25,0,3533519.55,4443668.53,-46888966.48,5185055.87,2807262.57,948556.80,20022113.59,18640595.9,0,436452.51,-4288873.37,4835893.85,44868482.31,0,24897579.14,0,16163873.37,1185986.96,8233240.22,7712988.83,0,0,0,0,0,-620007788769.90,0,0,0,0,0,0,0,0,0,0,0,0,0,0,0,29000000,USD,0,0,0,0,0,0,0,0,-893854.75,0,0,0,0,0,0,0,0,0,0,0,0,0,3.03,3.08
9,2018-03-31,USD,11265838.36,11760364.13,6331652.11,4934186.25,-494525.77,109484.56,1230163.61,0,274326.49,0,4198548.41,None,-494525.77,0,-808217.49,None,None,None,0,0,0,164841.92,768852.26,0,109484.56,109484.56,None,USD,0,0,None,0,0,30948456.14,0,0,0,0,0,0,0,27495386.89,20980440.4,5803911.92,5803911.92,0,0,0,0,27333005.29,0,0,0,0,0,0,0,0,0,0,0,None,None,None,None,None,None,None,None,None,None,None,None,None,None,None,29000000,USD,0,0,0,0,0,0,0,0,109484.56,0,0,None,0,0,0,0,0,0,0,None,None,None,2.32,3.03
10,2017-12-31,USD,13299000.0,40055000.0,7753000.0,16423000.0,-1524000.0,-5329000.0,1378000.0,0,113000.0,0,9419000.0,None,-1524000.0,0,32000,None,None,None,0,0,0,235000.0,-3262000.0,0,-5329000.0,-5329000.0,None,USD,56380000,3533000,None,587000,26135000,30245000.0,675000,7598000,4590000,-39608000,5101000,2900000,4378000,24049000,19396000.0,383000,383000,-3604000,4427000,39574000,None,22219000,None,12343000,1638000,8102000,7478000,None,None,None,None,None,-1373000,None,None,None,None,None,None,None,None,None,None,None,None,None,None,None,29000000,USD,102000,426000,-2032000,40000,2208000,3452000,1000,-1045000,-681000,-1985000,-3059000,None,1573000,None,663000,804000,-1741000,-2260000,759000,None,None,None,2.87,2.32
11,2017-09-30,USD,9140000.0,6156000.0,5519000.0,1375000.0,-1010000.0,9756000.0,1160000.0,0,9600000.0,0,-9917000.0,None,-1010000.0,0,-281000,None,None,None,0,0,0,32000.0,10610000.0,0,9756000.0,9756000.0,None,USD,None,None,None,None,None,29470000.0,None,None,None,None,None,None,None,21306000,14974000.0,2279000,2279000,None,None,None,None,22867000,None,None,None,None,None,None,None,None,None,None,None,None,None,None,None,None,None,None,None,None,None,None,None,None,None,None,29000000,USD,None,0,None,None,None,None,None,None,-525000,None,None,None,None,None,None,None,None,None,0,None,None,None,2.98,2.87
12,2017-06-30,USD,11254000.0,-17532000.0,6418000.0,-6576000.0,892000.0,-6906000.0,1168000.0,0,-6967000.0,0,8929000.0,None,892000.0,0,21000,None,None,None,0,0,0,138000.0,-7738000.0,0,-6789000.0,-6906000.0,None,USD,52125000,2871000,None,754000,23160000,28965000.0,None,8494000,4357000,-38992000,7220000,2752000,3504000,21172000,15259000.0,2279000,2279000,-3830000,3453000,39583000,None,22867000,None,12233000,681000,9283000,5990000,None,None,None,None,None,-1303000,None,None,None,None,None,None,None,None,None,None,None,None,None,None,None,29000000,USD,None,0,None,None,None,62000,None,None,-1746000,None,None,None,None,None,None,None,None,None,286000,None,None,None,3.3,2.98
13,2017-03-31,USD,9281000.0,9094000.0,5481000.0,3526000.0,-445000.0,1798000.0,959000.0,0,1860000.0,0,3075000.0,None,-445000.0,0,-1995000,None,None,None,0,0,0,62000.0,2184000.0,0,1681000.0,1798000.0,None,USD,None,None,None,None,None,28782000.0,None,None,None,None,None,None,None,21739000,15033000.0,2763000,2763000,None,None,None,None,21890000,None,None,None,None,None,None,None,None,None,None,None,None,None,None,None,None,None,None,None,None,None,None,None,None,None,None,30000000,USD,None,0,None,None,None,None,None,None,1798000,None,None,None,None,None,None,None,None,None,0,None,None,None,2.77,3.3
14,2016-12-31,USD,9575000.0,35220000.0,4854000.0,16379000.0,359000.0,2345000.0,1011000.0,0,2901000.0,0,8227000.0,None,359000.0,0,30000,None,None,None,0,0,0,489000.0,4085000.0,0,3842000.0,2345000.0,None,USD,49163000,2702000,None,493000,23362000,25801000.0,351000,6987000,3992000,-38927000,6788000,2545000,3490000,23203000,15839000.0,215000,215000,-3948000,2923000,40502000,None,21890000,None,10027000,735000,8473000,5869000,None,None,None,None,None,-1205000,None,None,None,None,None,None,None,None,None,None,None,None,None,None,None,29000000,USD,1000000,-153000,-384000,-59000,1404000,8119000,1000,189000,3842000,8410000,1181000,None,1025000,None,6200000,-1985000,1849000,-3461000,339000,None,None,None,3.28,2.77
15,2016-09-30,USD,9330000.0,0.0,5288000.0,0.0,0.0,1497000.0,1194000.0,0,1543000.0,0,-7596000.0,None,-428000.0,0,-30000,None,None,None,0,0,0,46000.0,0.0,0,0.0,1497000.0,None,USD,None,None,None,None,None,28925000.0,None,None,None,None,None,None,None,21169000,16348000.0,None,None,None,None,None,None,None,None,None,None,None,None,None,None,None,None,None,None,None,None,None,None,None,None,None,None,None,None,None,None,None,None,None,30000000,USD,None,None,None,None,None,None,None,None,1497000,None,None,None,None,None,None,None,None,None,0,None,None,None,2.9,3.28
16,2016-06-30,USD,8731000.0,0.0,5064000.0,0.0,0.0,2708000.0,950000.0,0,2762000.0,0,7596000.0,None,428000.0,0,30000,None,None,None,0,0,0,54000.0,0.0,0,0.0,2708000.0,None,USD,51513000,2726000,None,571000,24641000,26872000.0,None,7667000,4173000,None,7502000,2661000,3627000,23101000,16346000.0,None,None,None,2696000,None,None,None,1103000,None,793000,8751000,6969000,None,None,None,None,None,-1260000,None,None,None,None,None,None,None,None,None,None,None,None,None,None,None,30000000,USD,None,None,None,None,None,8157000,None,None,2708000,None,1604000,None,None,None,None,None,2412000,None,231000,None,None,None,3.31,2.9
17,2016-03-31,USD,9941000.0,0.0,5053000.0,0.0,0.0,1549000.0,927000.0,0,1595000.0,0,0.0,None,0.0,0,0,None,None,None,0,0,0,46000.0,0.0,0,0.0,1549000.0,None,USD,None,None,None,None,None,18111000.0,None,None,None,None,None,None,None,16553000,18827000.0,None,None,None,None,None,None,None,None,None,None,None,None,None,None,None,None,None,None,None,None,None,None,None,None,None,None,None,None,None,None,None,None,None,25000000,USD,None,None,None,None,None,None,None,None,1549000,None,None,None,None,None,None,None,None,None,0,None,None,None,4.02,3.31
18,2015-12-31,USD,12184000.0,31766000.0,6692000.0,13750000.0,452000.0,5761000.0,549000.0,0,6473000.0,0,6220000.0,None,1465000.0,0,38000,None,None,None,0,0,0,712000.0,-1360000.0,0,-1667000.0,5761000.0,None,USD,41895000,2661000,None,594000,26225000,15670000.0,547000,6827000,3636000,-42769000,7594000,2619000,3713000,14746000,17669000.0,209000,209000,-3567000,2305000,33039000,None,11979000,1086000,11762000,962000,6679000,6127000,None,None,None,None,None,-1240000,None,None,None,None,None,None,None,None,None,None,None,None,None,None,None,29000000,USD,1000000,518000,-541000,83000,893000,2158000,1000,1433000,5761000,2436000,1451000,None,1002000,None,1219000,-381000,-1752000,2060000,174000,None,None,None,4.13,4.02
19,2015-09-30,USD,7164000.0,0.0,4280000.0,0.0,0.0,-443000.0,686000.0,0,-488000.0,0,-7132000.0,None,0.0,0,-31000,None,None,None,0,0,0,36000.0,0.0,0,0.0,-443000.0,None,USD,None,None,None,None,None,9950000.0,None,None,None,None,None,None,None,12360000,14031000.0,None,None,None,None,None,None,None,None,None,None,None,None,None,None,None,None,None,None,None,None,None,None,None,None,None,None,None,None,None,None,None,None,None,25000000,USD,None,None,None,None,None,None,None,None,None,None,None,None,None,None,None,None,None,None,0,None,None,None,5.59,4.13
