,fiscalDateEnding,reportedCurrency_x,totalRevenue,totalOperatingExpense,costOfRevenue,grossProfit,ebit,netIncome_x,researchAndDevelopment,effectOfAccountingCharges,incomeBeforeTax,minorityInterest,sellingGeneralAdministrative,otherNonOperatingIncome,operatingIncome,otherOperatingExpense,interestExpense,taxProvision,interestIncome,netInterestIncome,extraordinaryItems,nonRecurring,otherItems,incomeTaxExpense,totalOtherIncomeExpense,discontinuedOperations,netIncomeFromContinuingOperations,netIncomeApplicableToCommonShares,preferredStockAndOtherAdjustments,reportedCurrency_y,totalAssets,intangibleAssets,earningAssets,otherCurrentAssets,totalLiabilities,totalShareholderEquity,deferredLongTermLiabilities,otherCurrentLiabilities,commonStock,retainedEarnings,otherLiabilities,goodwill,otherAssets,cash,totalCurrentLiabilities,shortTermDebt,currentLongTermDebt,otherShareholderEquity,propertyPlantEquipment,totalCurrentAssets,longTermInvestments,netTangibleAssets,shortTermInvestments,netReceivables,longTermDebt,inventory,accountsPayable,totalPermanentEquity,additionalPaidInCapital,commonStockTotalEquity,preferredStockTotalEquity,retainedEarningsTotalEquity,treasuryStock,accumulatedAmortization,otherNonCurrrentAssets,deferredLongTermAssetCharges,totalNonCurrentAssets,capitalLeaseObligations,totalLongTermDebt,otherNonCurrentLiabilities,totalNonCurrentLiabilities,negativeGoodwill,warrants,preferredStockRedeemable,capitalSurplus,liabilitiesAndShareholderEquity,cashAndShortTermInvestments,accumulatedDepreciation,commonStockSharesOutstanding,reportedCurrency,investments,changeInLiabilities,cashflowFromInvestment,otherCashflowFromInvestment,netBorrowings,cashflowFromFinancing,otherCashflowFromFinancing,changeInOperatingActivities,netIncome_y,changeInCash,operatingCashflow,otherOperatingCashflow,depreciation,dividendPayout,stockSaleAndPurchase,changeInInventory,changeInAccountReceivables,changeInNetIncome,capitalExpenditures,changeInReceivables,changeInExchangeRate,changeInCashAndCashEquivalents,clossingVal,nextClossingVal
0,2020-06-30,USD,3335000,4278000,1992000,1343000,-4207000,-4340000,313000,None,-4340000,None,1973000,None,-943000,None,87000,None,None,-87000,None,None,None,None,-3310000,None,-4340000,-4340000,None,USD,13907000,None,None,None,12193000,1714000,None,4011000,None,-129755000,None,None,405000,2727000,11036000,None,2197000,-3000,1680000,11822000,None,1714000,None,2518000,532000,5900000,2617000,None,None,None,None,None,None,None,405000,None,2085000,1536000,None,None,1157000,None,None,None,None,None,None,None,None,USD,-71000,1486000,-71000,None,1016000,1094000,None,60000,-4340000,-184000,-1207000,None,46000,None,None,-959000,-614000,3076000,71000,None,None,None,6.92,
1,2020-03-31,USD,3783000,2295000,2751000,1032000,-408000,-541000,282000,None,-541000,None,2027000,855000,-1263000,None,133000,None,740000,-133000,None,None,None,None,869000,None,-541000,-541000,None,USD,12423000,None,None,1845000,6539000,5884000,None,923000,2000,-125415000,7000,None,405000,2911000,5674000,1683000,1644000,-3000,390000,10181000,None,5884000,None,2309000,None,4700000,3068000,None,None,2000,None,-125415000,None,None,268000,None,658000,1753000,3000,865000,865000,None,None,None,131300000,12423000,2911000,None,15896632,USD,-47000,-152000,-47000,None,-171000,2104000,-1000,35000,-541000,1553000,-504000,541000,46000,None,2276000,-1546000,445000,-1045000,47000,-445000,None,1553000,0.33,6.92
2,2019-12-31,USD,6613000,4167000,5765000,848000,-3345000,-3589000,567000,None,-3552000,None,3519000,-26000,-3319000,-53000,207000,10000,-181000,-181000,None,81000,None,10000,100000,None,-3562000,-3589000,None,USD,11739000,None,None,1171000,7743000,3996000,None,914000,1000,-124874000,14000,None,405000,350000,6542000,3332000,3300000,-3000,389000,9334000,None,3996000,None,2337000,109000,6168000,2296000,None,None,1000,None,-124874000,None,None,2016000,None,2405000,1950000,109000,1092000,1201000,None,None,None,128872000,11739000,350000,None,12428418,USD,-72000,91000,-72000,2000,403000,408000,5000,122000,-1335000,41000,-295000,None,49000,None,-110000,575000,-531000,1013000,75000,None,None,41000,0.4732,0.33
3,2019-09-30,USD,2915000,3767000,1887000,1028000,-802000,-946000,191000,None,-946000,None,1689000,-46000,-852000,-53000,67000,None,-67000,-67000,None,-19000,None,None,-27000,None,-946000,-946000,None,USD,12828000,None,None,2691000,7588000,5240000,None,904000,1000,-123566000,20000,None,206000,634000,6242000,3023000,3023000,-3000,2165000,10457000,None,5240000,None,1782000,None,7399000,1228000,None,None,1000,None,-123566000,None,None,206000,None,2371000,2183000,5000,20000,1346000,None,None,None,128808000,12828000,634000,None,12000000,USD,-29000,-774000,-29000,None,-329000,-329000,-208000,80000,-946000,-1573000,-1209000,None,77000,None,-116000,608000,42000,-323000,29000,None,None,-1567000,0.4705,0.4732
4,2019-06-30,USD,3082000,5103000,3191000,-109000,-2133000,-2254000,318000,None,-2254000,None,1594000,None,-2021000,-53000,26000,None,-26000,-26000,None,None,None,None,-207000,None,-2254000,-2254000,None,USD,14869000,None,None,4281000,8717000,6152000,None,932000,1000,-122620000,29000,None,225000,2207000,7142000,3467000,3352000,-3000,422000,12212000,None,6152000,None,2030000,None,7667000,2743000,None,None,1000,None,-122620000,None,None,469000,None,891000,2437000,5000,1575000,1575000,None,None,None,128774000,14869000,2207000,None,12370030,USD,-24000,-197000,-24000,None,-66000,-71000,-5000,-397000,-2254000,-1659000,-1564000,None,95000,None,-116000,50000,568000,690000,23000,None,None,-1659000,0.4096,0.4705
5,2019-03-31,USD,3177000,2901000,3079000,98000,-2822000,-2865000,526000,None,-2865000,None,2241000,-19000,-2803000,-53000,43000,0,-43000,-43000,None,134000,None,None,-153000,None,-2865000,-2865000,None,USD,18039000,None,None,6116000,9606000,8433000,None,973000,1000,-120366000,30000,None,213000,3861000,7815000,3532000,3417000,-1000,510000,15071000,None,8433000,None,2599000,1756000,8251000,3310000,None,None,1000,None,-120366000,None,None,563000,None,1073000,2685000,5000,1791000,1791000,None,None,None,128799000,18039000,3861000,None,12191120,USD,-4000,-1346000,-4000,1000,1198000,1086000,-112000,264000,-2865000,-2474000,-3556000,None,105000,None,-111000,643000,-210000,-691000,5000,None,None,-2474000,1.22,0.4096
6,2018-12-31,USD,3118000,2992000,3099000,19000,-2816000,-2997000,657000,0,-2986000,0,2178000,-9000,-2816000,0,4000,11000,None,None,0,157000,0,11000,-170000,0,-2997000,-2997000,None,USD,18492000,None,None,1094000,7440000,11052000,None,30000,1000,-117315000,200000,None,194000,6335000,7240000,2219000,None,-1000,610000,17688000,None,11052000,None,2201000,None,8058000,4991000,None,None,1000,None,-117315000,None,None,194000,None,804000,None,None,200000,200000,None,None,None,128367000,18492000,6335000,None,12000000,USD,None,620000,6000,6000,2219000,2224000,-2000,-42000,-2997000,-719000,-2949000,-9111000,123000,None,7000,-2172000,755000,48000,5000,None,-5000,-724000,0.6187,1.22
7,2018-09-30,USD,5158000,3182000,3877000,1281000,-1918000,-1920000,638000,0,-1920000,0,2543000,-17000,-1901000,0,2000,None,None,None,0,1000,0,0,-20000,0,-1920000,-1920000,None,USD,18565000,0,None,8309000,4723000,13842000,0,378000,1000,-114318000,152000,0,147000,7054000,4571000,134000,None,-1000,713000,17705000,None,13842000,0,2962000,0,6434000,4059000,0,0,1000,0,-114318000,0,None,147000,None,860000,None,None,152000,152000,None,None,None,128160000,18565000,None,None,12071044,USD,None,-27000,6000,0,2219000,-21000,-21000,258000,-1920000,-1567000,-1546000,None,105000,0,0,-572000,411000,374000,5000,None,None,-1567000,2.05,0.6187
8,2018-06-30,USD,5172000,3097000,3876000,1296000,-1803000,-1804000,673000,0,-1804000,0,2421000,-2000,-1801000,0,1000,None,None,None,0,3000,0,0,-6000,0,-1804000,-1804000,None,USD,19763000,0,None,9661000,4255000,15508000,0,105000,1000,-112398000,176000,0,147000,8619000,4079000,167000,None,-1000,847000,18769000,None,15508000,0,3369000,0,5739000,3807000,0,0,1000,0,-112398000,0,None,147000,None,994000,None,None,176000,176000,None,None,None,127906000,19763000,None,None,12047272,USD,None,59000,-4000,-4000,2219000,14000,-7000,-293000,-1804000,-1547000,-1557000,None,143000,0,21000,-209000,171000,247000,5000,None,None,-1547000,1.9,2.05
9,2018-03-31,USD,4659000,3226000,3843000,816000,-2389000,-2390000,629000,0,-2390000,0,2647000,21000,-2410000,0,1000,None,None,None,0,-50000,0,0,70000,0,-2390000,-2390000,None,USD,21365000,0,None,11058000,4299000,17066000,0,118000,1000,-110594000,201000,0,144000,10172000,4098000,178000,None,3000,1004000,20217000,None,17066000,0,3551000,0,5608000,3802000,0,0,1000,0,-110594000,0,None,144000,None,1148000,None,None,201000,201000,None,None,None,127656000,21365000,None,None,11931237,USD,None,1420000,187000,244000,2219000,-32000,-32000,-221000,-2390000,-588000,-743000,None,151000,0,0,597000,66000,1647000,57000,None,None,-588000,2.55,1.9
10,2017-12-31,USD,4727000,3500000,3105000,1622000,-1972000,-1858000,674000,0,-1973000,0,2513000,-94000,-1878000,0,1000,None,None,None,0,325000,0,-115000,-2047000,0,-1858000,-1858000,None,USD,22151000,0,None,821000,2859000,19292000,0,5000,1000,-108204000,232000,0,159000,10761000,2627000,None,None,2000,1097000,20895000,None,19292000,0,3595000,0,5718000,2622000,0,0,1000,0,-108204000,0,None,159000,None,1256000,None,None,232000,232000,None,None,None,127493000,22151000,10761000,None,11868896,USD,None,-1754000,-8000,0,2219000,25000,-49000,-452000,-1858000,-1173000,-1190000,-1858000,681000,0,25000,5151000,2240000,668000,8000,None,-10000,-1183000,2.45,2.55
11,2017-09-30,USD,5002000,2925000,3865000,1137000,-1772000,-1773000,732000,0,-1773000,0,2393000,16000,-1788000,0,1000,None,None,None,0,-200000,0,0,0,0,-1773000,-1773000,None,USD,24535000,0,None,13391000,3593000,20942000,0,204000,1000,-106346000,248000,0,30000,11935000,3345000,85000,None,1000,1352000,23153000,None,20942000,0,2983000,0,6779000,3056000,0,0,1000,0,-106346000,0,None,30000,None,1382000,None,None,248000,248000,None,None,None,127286000,24535000,None,None,11856843,USD,None,-1000000,-14000,25000,None,56000,1000,-831000,-1773000,-1550000,-1536000,-1773000,0,0,-1000,3334000,2638000,237000,39000,None,None,-1550000,2.73,2.45
12,2017-06-30,USD,6011000,4601000,4510000,1501000,-3114000,-3114000,763000,0,-3114000,0,2778000,-14000,-3100000,0,0,None,None,None,0,1060000,0,0,0,0,-3114000,-3114000,None,USD,27802000,0,None,14901000,5279000,22523000,0,645000,1000,-104573000,577000,0,33000,13487000,4702000,69000,None,1000,1507000,26262000,None,22523000,0,3460000,0,7901000,3988000,0,0,1000,0,-104573000,0,None,33000,None,1540000,None,None,577000,577000,None,None,None,127094000,27802000,None,None,11855177,USD,None,1318000,-14000,72000,None,26000,-50000,103000,-3114000,-1491000,-1503000,-3114000,0,0,76000,1839000,2180000,1611000,86000,None,None,-1491000,2.63,2.73
13,2017-03-31,USD,4106000,5076000,3545000,561000,-4522000,-4522000,771000,0,-4522000,0,3631000,-7000,-4515000,0,0,None,None,None,0,700000,0,0,0,0,-4522000,-4522000,None,USD,29198000,0,None,16377000,3809000,25389000,0,911000,1000,-101459000,98000,0,32000,14970000,3711000,128000,None,4000,1761000,27405000,None,25389000,0,2587000,0,8441000,2672000,0,0,1000,0,-101459000,0,None,32000,None,1793000,None,None,98000,98000,None,None,None,126843000,29198000,None,None,11772123,USD,None,-1227000,-29000,0,None,30000,-47000,-114000,-4522000,-1644000,-1645000,-4522000,0,0,30000,866000,3054000,2877000,29000,None,None,-1644000,3.29,2.63
14,2016-12-31,USD,7186000,6717000,8258000,-1072000,-7800000,-7805000,1070000,0,-7800000,0,4790000,-11000,-7789000,0,-2000,None,None,None,0,857000,0,5000,-875000,-12000,-7805000,-7805000,None,USD,34978000,0,None,882000,5040000,29938000,0,1676000,1000,-96937000,107000,0,33000,16629000,4933000,None,None,-1000,2325000,32620000,None,29938000,0,5640000,0,9469000,4933000,0,0,1000,0,-96937000,0,None,33000,None,2358000,None,None,107000,107000,None,None,None,126875000,34978000,16629000,None,11710549,USD,None,-4128000,-124000,25000,2219000,69000,-309000,-1512000,-7805000,-2958000,-2903000,-7805000,805000,0,69000,-5018000,4313000,4902000,149000,None,None,-2958000,4.25,3.29
15,2016-09-30,USD,8261000,6232000,4960000,3082000,-3166000,-3177000,809000,0,-3166000,0,5423000,-16000,-3150000,0,0,None,None,None,0,0,0,11000,0,0,-3177000,-3177000,None,USD,43090000,0,None,1061000,5697000,37393000,0,2227000,1000,-89132000,99000,0,38000,19587000,5598000,384000,None,2000,3313000,39739000,None,37393000,0,5074000,0,14017000,5214000,0,0,1000,0,-89132000,0,None,38000,None,3351000,None,None,99000,99000,None,None,None,126522000,43090000,19587000,None,12000000,USD,None,None,-426000,2000,None,77000,None,None,-3177000,-5867000,-5441000,-3177000,0,0,0,6444000,5027000,-2264000,428000,None,13000,-5854000,4.89,4.25
16,2016-06-30,USD,7126000,6444000,4604000,2522000,-3916000,-3916000,854000,0,-3916000,0,5590000,6000,-3922000,0,0,None,None,None,0,0,0,-11000,0,0,-3916000,-3916000,None,USD,50106000,0,None,1704000,9973000,40133000,0,67000,1000,-85955000,101000,0,42000,25441000,9872000,395000,None,1000,3139000,46925000,None,40133000,0,5186000,0,14594000,9410000,0,0,1000,0,-85955000,0,None,42000,None,3181000,None,None,101000,101000,None,None,None,126086000,50106000,25441000,None,11690030,USD,None,None,-736000,0,None,63000,None,None,-3916000,-4684000,-4011000,-3916000,0,0,63000,6771000,4952000,-95000,736000,None,-15000,-4699000,6.24,4.89
17,2016-03-31,USD,8425000,5114000,5280000,3145000,-1966000,-1989000,804000,0,-1966000,0,4310000,3000,-1969000,0,0,None,None,None,0,0,0,11000,0,-12000,-1977000,-1989000,None,USD,51374000,0,None,1011000,7772000,43602000,0,67000,1000,-82039000,74000,0,63000,30140000,7698000,None,None,1000,2590000,48721000,None,43602000,0,6034000,0,11536000,7631000,0,0,1000,0,-82039000,0,None,63000,None,2653000,None,None,74000,74000,None,None,None,125639000,51374000,30140000,None,11652739,USD,None,None,-311000,0,None,14000,None,None,-1989000,-4495000,-4198000,-1977000,0,0,14000,3708000,4104000,-2233000,311000,None,7000,-4500000,7.43,6.24
18,2015-12-31,USD,16302000,5524000,9173000,7129000,1662000,1284000,872000,0,1648000,0,4652000,57000,1605000,0,14000,None,None,None,0,857000,0,-113000,-232000,-477000,1761000,1284000,None,USD,55702000,0,None,740000,10382000,45320000,0,93000,1000,-80050000,77000,0,51000,34640000,10305000,None,None,None,2429000,53222000,None,45320000,0,10110000,0,7732000,10212000,0,0,1000,0,-80050000,0,None,51000,None,2480000,None,None,77000,77000,None,None,None,125369000,55702000,34640000,None,11648978,USD,None,2064000,-1702000,627000,-15000,74000,-446000,1820000,1284000,47000,1675000,1657000,266000,0,89000,-2602000,-7493000,-536000,1702000,None,None,-326000,13.75,7.43
19,2015-09-30,USD,18335000,5389000,9126000,9130000,3769000,4256000,738000,0,3747000,0,4651000,28000,3567000,0,22000,None,None,None,0,0,0,-651000,0,-142000,4398000,4398000,None,USD,52106000,0,None,707000,8498000,43608000,0,104000,1000,-81334000,85000,0,68000,34966000,8343000,2000,None,None,812000,51226000,None,43608000,0,7568000,70000,7985000,8237000,0,0,1000,0,-81334000,0,None,68000,None,880000,None,70000,85000,155000,None,None,None,124941000,52106000,34966000,None,11000000,USD,None,None,-180000,-446000,-453000,23295000,None,None,4256000,25462000,2347000,4137000,0,0,23576000,0,0,-2364000,180000,None,None,24889000,11.81,13.75
