,fiscalDateEnding,reportedCurrency_x,totalRevenue,totalOperatingExpense,costOfRevenue,grossProfit,ebit,netIncome_x,researchAndDevelopment,effectOfAccountingCharges,incomeBeforeTax,minorityInterest,sellingGeneralAdministrative,otherNonOperatingIncome,operatingIncome,otherOperatingExpense,interestExpense,taxProvision,interestIncome,netInterestIncome,extraordinaryItems,nonRecurring,otherItems,incomeTaxExpense,totalOtherIncomeExpense,discontinuedOperations,netIncomeFromContinuingOperations,netIncomeApplicableToCommonShares,preferredStockAndOtherAdjustments,reportedCurrency_y,totalAssets,intangibleAssets,earningAssets,otherCurrentAssets,totalLiabilities,totalShareholderEquity,deferredLongTermLiabilities,otherCurrentLiabilities,commonStock,retainedEarnings,otherLiabilities,goodwill,otherAssets,cash,totalCurrentLiabilities,shortTermDebt,currentLongTermDebt,otherShareholderEquity,propertyPlantEquipment,totalCurrentAssets,longTermInvestments,netTangibleAssets,shortTermInvestments,netReceivables,longTermDebt,inventory,accountsPayable,totalPermanentEquity,additionalPaidInCapital,commonStockTotalEquity,preferredStockTotalEquity,retainedEarningsTotalEquity,treasuryStock,accumulatedAmortization,otherNonCurrrentAssets,deferredLongTermAssetCharges,totalNonCurrentAssets,capitalLeaseObligations,totalLongTermDebt,otherNonCurrentLiabilities,totalNonCurrentLiabilities,negativeGoodwill,warrants,preferredStockRedeemable,capitalSurplus,liabilitiesAndShareholderEquity,cashAndShortTermInvestments,accumulatedDepreciation,commonStockSharesOutstanding,reportedCurrency,investments,changeInLiabilities,cashflowFromInvestment,otherCashflowFromInvestment,netBorrowings,cashflowFromFinancing,otherCashflowFromFinancing,changeInOperatingActivities,netIncome_y,changeInCash,operatingCashflow,otherOperatingCashflow,depreciation,dividendPayout,stockSaleAndPurchase,changeInInventory,changeInAccountReceivables,changeInNetIncome,capitalExpenditures,changeInReceivables,changeInExchangeRate,changeInCashAndCashEquivalents,clossingVal,nextClossingVal
0,2020-06-30,USD,56202000,37912000,None,56202000,18290000,14634000,None,None,18290000,None,37912000,None,18290000,9128000,7358000,3656000,72964000,65606000,None,None,None,3656000,None,None,14634000,14634000,None,USD,8357501000,23196000,1657860000,None,7489538000,867963000,None,6699580000,281000,380667000,61785000,210344000,6246764000,348727000,6949580000,250000000,None,32809000,58231000,6378508000,1057239000,634423000,998104000,6029781000,431345000,None,None,None,None,281000,None,380667000,-73528000,None,629983000,None,1978993000,None,431345000,108613000,539958000,None,None,None,527734000,8357501000,348727000,None,None,USD,-680349000,0,-679035000,954000,22042000,817781000,737674000,-96000,14634000,165044000,26298000,-1722000,4615000,-4715000,827000,None,None,8771000,614000,None,None,165044000,31.12,
1,2020-03-31,USD,54512000,38673000,None,54512000,15839000,12868000,None,None,15839000,None,38673000,None,15839000,7805000,13320000,2971000,76515000,63195000,None,None,None,2971000,None,None,12868000,12868000,None,USD,7500643000,24585000,1513056000,None,6654207000,846436000,None,5989906000,281000,370748000,51728000,210344000,5572895000,183683000,6211906000,222000000,None,23097000,59358000,5549013000,1211647000,611507000,1161514000,5365330000,347254000,None,None,None,None,281000,None,370748000,-73528000,None,445696000,None,1951630000,None,347254000,95047000,442301000,None,None,None,525838000,7500643000,183683000,None,27000000,USD,-150583000,0,-153652000,-2151000,-59254000,137517000,218582000,-2181000,12868000,16427000,32562000,-4815000,4069000,-4743000,-17068000,None,None,20440000,918000,None,None,16427000,27.91,31.12
2,2019-12-31,USD,74690000,38354000,None,74690000,36336000,29090000,None,None,36336000,None,38354000,None,36336000,11819000,15625000,7246000,76977000,61352000,None,None,None,7246000,None,None,29090000,29090000,None,USD,7333791000,26076000,1467313000,30555000,6466606000,867185000,None,5771023000,281000,380737000,36539000,210344000,5474033000,167256000,5993429000,222406000,175714000,17749000,60013000,167256000,6625576000,630765000,1135317000,None,406430000,6344000,5771023000,None,None,281000,None,380737000,-58181000,None,238956000,None,7160965000,None,406430000,66747000,473177000,None,None,None,526599000,7333791000,167256000,None,26000000,USD,-87871000,0,-80761000,9439000,-318962000,-34372000,293024000,-8345000,29090000,-89246000,25887000,-18718000,4046000,-4513000,-3921000,None,None,4538000,2329000,None,None,-89246000,48.21,27.91
3,2019-09-30,USD,74777000,38239000,None,74777000,36538000,29069000,None,None,36538000,None,38239000,None,36538000,10707000,18032000,7469000,80759000,62727000,None,None,None,7469000,-393000,None,29069000,29069000,None,USD,7346791000,27626000,1481575000,24066000,6500696000,846095000,None,5624380000,280000,356160000,41186000,211251000,5391046000,256502000,6085806000,461426000,None,19211000,59216000,5439961000,1354986000,607218000,1247333000,5183459000,340813000,8498000,5624380000,None,None,280000,None,356160000,-54472000,None,247470000,None,1900549000,None,340813000,74077000,414890000,None,None,None,524916000,7346791000,256502000,None,27000000,USD,-95991000,1161000,-101752000,-3989000,73531000,122851000,65394000,12128000,29069000,67102000,46003000,7206000,3839000,-4257000,-11817000,None,5911000,-1183000,1772000,5911000,None,67102000,40.75,48.21
4,2019-06-30,USD,71957000,49054000,None,71957000,22903000,18424000,None,None,22903000,None,49054000,None,22903000,9745000,17486000,4479000,78949000,61463000,None,None,None,4479000,-11939000,None,18424000,18424000,None,USD,7181855000,29201000,1426643000,79934000,6356354000,825501000,None,5559338000,280000,331348000,35912000,211251000,5260040000,189400000,5951485000,389446000,None,13074000,58888000,5322083000,1328767000,585049000,1223052000,5132683000,339204000,10531000,2701000,None,None,280000,None,331348000,-42655000,None,114648000,None,1742755000,14815000,339204000,50850000,390054000,None,None,None,523454000,7181855000,189400000,None,27000000,USD,-250359000,-6190000,-249242000,2085000,193407000,212305000,22933000,-15783000,18424000,-32082000,4855000,-13648000,3943000,-4035000,0,None,-732000,3058000,968000,-732000,None,-32082000,41.6,40.75
5,2019-03-31,USD,60097000,39838000,None,60097000,20259000,16156000,None,None,20259000,None,39838000,None,20259000,6597000,15274000,4103000,67394000,52120000,None,None,None,4103000,-8600000,None,16156000,16156000,None,USD,6932757000,31048000,1345159000,70810000,6134922000,797835000,None,5537113000,280000,316959000,37844000,207632000,5117886000,221482000,5720810000,180466000,None,1490000,60301000,5221740000,1199067000,559155000,1099185000,5000258000,352839000,6804000,3231000,None,None,280000,None,316959000,-42655000,None,198111000,None,1696159000,15462000,352839000,45811000,398650000,None,None,None,521761000,6932757000,221482000,None,24000000,USD,77284000,-871000,53235000,-22781000,93746000,-44017000,-134000000,-975000,16156000,24930000,15712000,-858000,2407000,-3763000,0,None,-6210000,5088000,1268000,-6210000,None,24930000,40.77,41.6
6,2018-12-31,USD,59175000,30747000,15529000,59175000,28428000,23529000,0,0,28428000,0,30747000,None,28428000,6878000,13409000,None,None,None,0,0,0,4899000,-2351000,0,23529000,23529000,None,USD,5645662000,8553000,None,70453000,5041858000,603804000,None,4587985000,239000,304566000,37267000,117345000,4416676000,196552000,4659962000,70000000,None,-9282000,32109000,212621000,5120665000,477906000,3185000,16069000,341606000,469000,1977000,None,None,239000,None,304566000,-42655000,None,154415000,None,5433087000,None,341606000,40290000,381896000,None,None,None,350936000,5645662000,196552000,None,23000000,USD,-113161000,2991000,-101814000,10757000,-269345000,93359000,380806000,18623000,23529000,40487000,48942000,12873000,1858000,-2979000,-15123000,None,None,3881000,666000,3810000,None,40487000,37.63,40.77
7,2018-09-30,USD,54240000,29922000,14927000,54240000,24318000,22516000,0,0,24318000,0,29922000,None,24318000,7407000,12664000,None,None,None,0,0,0,1802000,-1167000,0,22516000,22516000,None,USD,5517539000,9148000,None,67537000,4930702000,586837000,0,4210476000,239000,284016000,31959000,117345000,4352333000,156065000,4613909000,401000000,None,-16627000,32354000,4399188000,776082000,460344000,3405000,4243123000,279939000,408000,2433000,0,0,239000,0,284016000,-30108000,None,183422000,None,1118351000,None,279939000,36854000,316793000,None,None,None,349317000,5517539000,156065000,None,23000000,USD,-20255000,-1747000,-19194000,1515000,34079000,-9996000,-37513000,-17247000,22516000,-21192000,7998000,-16152000,1917000,-2780000,-3782000,2703000,0,3536000,454000,-2072000,None,-21192000,53.05,37.63
8,2018-06-30,USD,56351000,29219000,11221000,56351000,27132000,22251000,0,0,27132000,0,29219000,None,27132000,7118000,10831000,None,None,None,0,0,0,4881000,-897000,0,22251000,22251000,None,USD,5509924000,9768000,None,66972000,4935840000,574084000,0,4247912000,239000,264280000,33805000,117345000,4342868000,177257000,4611330000,361534000,652239000,-12580000,32814000,195065000,757591000,446971000,2180000,17808000,285347000,454000,1884000,0,0,239000,0,264280000,-26326000,None,4397341000,None,5314859000,None,285347000,39163000,324510000,None,None,None,348471000,5509924000,177257000,None,23000000,USD,-90984000,3682000,-96581000,-4052000,137627000,101084000,-33999000,3761000,22251000,34156000,29653000,-311000,1913000,-2544000,0,2006000,0,2648000,1545000,-530000,None,34156000,53.95,53.05
9,2018-03-31,USD,53842000,29143000,10864000,53842000,24699000,20921000,0,0,24699000,0,29143000,None,24699000,6714000,8993000,None,None,None,0,0,0,3778000,-1216000,0,20921000,20921000,None,USD,5383102000,10399000,None,62684000,4828087000,555015000,0,4281377000,239000,244573000,37379000,117345000,1014712000,143101000,4508047000,224624000,513337000,-11563000,32127000,160378000,753862000,427271000,2400000,17277000,284707000,44567000,2046000,0,0,239000,0,244573000,-26326000,None,4308991000,None,5222724000,None,284707000,35333000,320040000,None,None,None,348092000,5383102000,143101000,None,23000000,USD,-115015000,-2325000,-114029000,1356000,-35085000,81592000,122277000,-3213000,20921000,-10222000,22215000,-1607000,2038000,-2542000,-3058000,1528000,0,6397000,370000,-3209000,None,-10222000,46.9,53.95
10,2017-12-31,USD,55609000,28260000,10292000,55609000,27349000,7529000,0,0,27349000,0,28260000,None,27349000,22563000,18392000,None,None,None,0,14586000,0,19820000,-11876000,0,7529000,7529000,None,USD,5289225000,11056000,None,79557000,4740652000,548573000,0,4156414000,238000,225360000,39716000,117345000,999045000,153323000,4330887000,172743000,548111000,-3818000,32618000,167392000,4799420000,420172000,2645000,14069000,371779000,47121000,1730000,0,0,238000,0,225360000,-23268000,None,161394000,None,5121833000,None,371779000,37986000,409765000,None,None,None,350061000,5289225000,153323000,None,23000000,USD,-107214000,-147000,-114856000,-6960000,-42566000,52897000,99776000,-43790000,7529000,-29785000,32174000,-4311000,1895000,-2540000,-2909000,6887000,0,27064000,682000,144000,None,-29785000,45.15,46.9
11,2017-09-30,USD,51575000,27404000,9265000,51575000,24171000,16315000,0,0,24171000,0,27404000,None,24171000,432000,934000,None,None,None,0,-7603000,0,7856000,0,0,16315000,16315000,None,USD,5231488000,11745000,None,58864000,4685152000,546336000,0,4059211000,237000,220371000,39876000,117345000,983272000,183108000,4310086000,248868000,589343000,-489000,32803000,197321000,4702603000,417246000,0,14213000,337197000,42193000,2007000,0,0,237000,0,220371000,-23268000,None,169671000,None,5034167000,None,337197000,37869000,375066000,None,None,None,349485000,5231488000,183108000,None,24000000,USD,-124186000,7509000,-124950000,-40000,49924000,169033000,138291000,7799000,16315000,65344000,21261000,-582000,1912000,-2546000,-16636000,3433000,0,-1603000,724000,-2290000,None,65344000,42.35,45.15
12,2017-06-30,USD,50151000,32651000,9325000,50151000,17500000,11955000,0,0,17500000,0,32651000,None,17500000,-2124000,811000,None,None,None,0,-2188000,0,5545000,0,0,11955000,11955000,None,USD,5038696000,12458000,None,54029000,4489943000,548753000,0,3921251000,237000,206602000,32440000,116186000,992443000,117764000,4123702000,200992000,418172000,329000,33987000,129687000,4585231000,420109000,0,11923000,335260000,40061000,1459000,0,0,237000,0,206602000,-6632000,None,161147000,None,4909009000,None,335260000,30981000,366241000,None,None,None,348217000,5038696000,117764000,None,24000000,USD,-34529000,-121000,-33133000,2289000,32129000,-81448000,-110993000,2211000,11955000,-91237000,23344000,215000,2355000,-2584000,0,5430000,1988000,8634000,893000,306000,None,-91237000,40.8,42.35
13,2017-03-31,USD,44233000,26736000,6483000,44233000,17497000,12391000,0,0,17497000,0,26736000,None,17497000,1385000,5098000,None,None,None,0,1667000,0,5106000,0,0,12391000,12391000,None,USD,5106226000,11758000,None,55051000,4568305000,537921000,0,4031620000,237000,197231000,32451000,113886000,970064000,209001000,4184649000,151115000,386167000,-1174000,34291000,221230000,4548962000,412277000,0,12229000,353119000,43736000,1914000,0,0,237000,0,197231000,-6632000,None,176099000,None,4884996000,None,353119000,30537000,383656000,None,None,None,348259000,5106226000,209001000,None,22000000,USD,-48224000,-51537000,-39505000,8966000,52460000,80692000,30811000,-1746000,12391000,10199000,-30988000,-3006000,2143000,-2579000,0,4108000,1682000,7339000,247000,1682000,None,10199000,42.4,40.8
14,2016-12-31,USD,43862000,23181000,4605000,43862000,20681000,13628000,0,0,20681000,0,23181000,None,20681000,12712000,10266000,None,None,None,0,4720000,0,7053000,-6371000,0,13628000,13628000,None,USD,4081328000,2151000,None,77625000,3694230000,387098000,0,3233361000,203000,182190000,78349000,30334000,703271000,198802000,3234466000,386536000,386536000,-1741000,14910000,209919000,3646489000,354613000,980000,11117000,382520000,48613000,1105000,0,0,203000,0,182190000,-6632000,None,177525000,None,3871409000,None,382520000,77244000,459764000,None,None,None,213078000,4081328000,198802000,None,20000000,USD,-97235000,50457000,-87186000,11261000,6691000,113051000,110769000,34680000,13628000,80303000,54438000,-10279000,1881000,-2206000,-2203000,0,0,1342000,1212000,-2591000,None,80303000,43.0,42.4
15,2016-09-30,USD,38962000,20814000,5307000,38962000,18148000,11832000,0,0,18148000,0,20814000,None,18148000,324000,213000,None,None,None,0,-5001000,0,6316000,0,0,11832000,11832000,None,USD,3909644000,2357000,None,None,3528546000,381098000,0,3124825000,203000,170768000,27892000,30334000,678642000,118499000,3254473000,129000000,319022000,4668000,14498000,127025000,3548299000,348407000,0,8526000,246829000,54802000,648000,0,0,203000,0,170768000,-6632000,None,187131000,None,3782619000,None,246829000,27244000,274073000,None,None,None,212091000,3909644000,118499000,None,20000000,USD,-149310000,1261000,-147171000,2683000,40660000,134951000,96670000,3183000,11832000,8203000,20423000,482000,1627000,-2201000,-178000,0,0,5624000,544000,-403000,None,8203000,31.25,43.0
16,2016-06-30,USD,40452000,21353000,3630000,40452000,19761000,12352000,0,0,19099000,0,21353000,None,19099000,380000,218000,None,None,None,0,1667000,0,6747000,0,0,12352000,12352000,None,USD,3761665000,2589000,None,None,3390036000,371629000,0,3028236000,202000,166654000,26631000,30334000,679980000,110296000,3106861000,78000000,278362000,5517000,14512000,118419000,3396511000,338706000,0,8123000,257169000,59488000,625000,0,0,202000,0,161137000,-6454000,None,199300000,None,3643246000,None,257169000,26006000,283175000,None,None,None,211227000,3761665000,110296000,None,20000000,USD,-53505000,-11049000,-47516000,6224000,-45926000,48037000,94720000,4019000,12352000,4063000,3542000,423000,1570000,-2002000,1245000,0,276000,-428000,235000,674000,None,4063000,27.89,31.25
17,2016-03-31,USD,37673000,20762000,3792000,37673000,16911000,11025000,0,0,16911000,0,20762000,None,16911000,0,3032000,None,None,None,0,0,0,5886000,0,0,11025000,11025000,None,USD,3709905000,2832000,None,None,3350521000,359384000,0,2931746000,202000,154716000,37680000,30334000,674115000,106233000,3062788000,130500000,None,3929000,14812000,115030000,3328972000,326218000,0,8797000,250595000,61594000,542000,0,0,202000,0,150787000,-5954000,None,217925000,None,3594875000,None,250595000,37138000,287733000,None,None,None,210420000,3709905000,106233000,None,20000000,USD,-77413000,1750000,-76184000,1734000,-56038000,84142000,147155000,None,11025000,12076000,4118000,-12070000,1499000,-1802000,-5956000,319000,0,2312000,505000,-398000,None,12076000,27.04,27.89
18,2015-12-31,USD,39010000,22886000,2643000,39010000,16124000,10679000,0,0,16124000,0,22886000,None,16124000,14716000,9195000,None,None,None,0,1386000,0,5445000,-7038000,0,10679000,10679000,None,USD,3608483000,3075000,None,75967000,3257654000,350829000,0,2784591000,201000,141564000,35930000,30334000,655791000,94157000,2895220000,110000000,110000000,218000,14842000,102556000,3236833000,317420000,1000000,8399000,327133000,60814000,629000,0,0,201000,0,141564000,-1743000,None,220843000,None,3505927000,None,327133000,35301000,362434000,None,None,None,210589000,3608483000,94157000,None,20000000,USD,-126075000,3407000,-119508000,7526000,110642000,79599000,-29079000,17825000,10679000,-32733000,7176000,962000,1542000,-1605000,-359000,0,0,-9674000,959000,260000,None,-32733000,28.35,27.04
19,2015-09-30,USD,34363000,19932000,3546000,34363000,14431000,9709000,0,0,14431000,0,19932000,None,14431000,0,102000,None,None,None,0,0,0,4722000,0,0,9709000,9709000,None,USD,3516541000,3323000,None,None,3172978000,343563000,0,2813963000,200000,132490000,32524000,30334000,671102000,126890000,2889743000,75000000,None,2973000,14395000,135550000,3104757000,309906000,0,8660000,251491000,60852000,780000,0,0,200000,0,132490000,-1743000,None,228182000,None,3380991000,None,251491000,31744000,283235000,None,None,None,209643000,3516541000,126890000,None,20000000,USD,-116040000,3788000,-123834000,-7625000,8138000,129392000,122407000,None,9709000,27094000,21536000,5619000,1586000,-1402000,249000,70000,0,1573000,169000,-739000,None,27094000,25.17,28.35
