,fiscalDateEnding,reportedCurrency_x,totalRevenue,totalOperatingExpense,costOfRevenue,grossProfit,ebit,netIncome_x,researchAndDevelopment,effectOfAccountingCharges,incomeBeforeTax,minorityInterest,sellingGeneralAdministrative,otherNonOperatingIncome,operatingIncome,otherOperatingExpense,interestExpense,taxProvision,interestIncome,netInterestIncome,extraordinaryItems,nonRecurring,otherItems,incomeTaxExpense,totalOtherIncomeExpense,discontinuedOperations,netIncomeFromContinuingOperations,netIncomeApplicableToCommonShares,preferredStockAndOtherAdjustments,reportedCurrency_y,totalAssets,intangibleAssets,earningAssets,otherCurrentAssets,totalLiabilities,totalShareholderEquity,deferredLongTermLiabilities,otherCurrentLiabilities,commonStock,retainedEarnings,otherLiabilities,goodwill,otherAssets,cash,totalCurrentLiabilities,shortTermDebt,currentLongTermDebt,otherShareholderEquity,propertyPlantEquipment,totalCurrentAssets,longTermInvestments,netTangibleAssets,shortTermInvestments,netReceivables,longTermDebt,inventory,accountsPayable,totalPermanentEquity,additionalPaidInCapital,commonStockTotalEquity,preferredStockTotalEquity,retainedEarningsTotalEquity,treasuryStock,accumulatedAmortization,otherNonCurrrentAssets,deferredLongTermAssetCharges,totalNonCurrentAssets,capitalLeaseObligations,totalLongTermDebt,otherNonCurrentLiabilities,totalNonCurrentLiabilities,negativeGoodwill,warrants,preferredStockRedeemable,capitalSurplus,liabilitiesAndShareholderEquity,cashAndShortTermInvestments,accumulatedDepreciation,commonStockSharesOutstanding,reportedCurrency,investments,changeInLiabilities,cashflowFromInvestment,otherCashflowFromInvestment,netBorrowings,cashflowFromFinancing,otherCashflowFromFinancing,changeInOperatingActivities,netIncome_y,changeInCash,operatingCashflow,otherOperatingCashflow,depreciation,dividendPayout,stockSaleAndPurchase,changeInInventory,changeInAccountReceivables,changeInNetIncome,capitalExpenditures,changeInReceivables,changeInExchangeRate,changeInCashAndCashEquivalents,clossingVal,nextClossingVal
0,2020-06-30,USD,8792000,7983000,6892000,1900000,1200000,704000,-4000,None,726000,None,1095000,None,809000,None,83000,22000,None,-83000,None,None,None,22000,None,None,704000,704000,None,USD,23225000,None,None,None,15669000,7556000,None,None,3964000,-18476000,364000,None,117000,3407000,12965000,None,4188000,3485000,8436000,14672000,None,7556000,None,7307000,1468000,3474000,3983000,None,None,None,None,None,None,None,58000,None,8553000,2013000,None,None,2704000,None,None,None,None,None,None,None,None,USD,-308000,-101000,-308000,-58000,55000,55000,None,91000,704000,1193000,1398000,None,391000,None,None,27000,281000,6000,250000,None,None,None,3.97,
1,2020-03-31,USD,9157000,8545000,7354000,1803000,1006000,541000,2000,None,556000,None,1189000,None,612000,None,55000,15000,-55000,-55000,None,None,None,15000,-1000,None,541000,541000,None,USD,22219000,None,None,None,15553000,6666000,None,None,3964000,-19180000,324000,None,58000,2214000,13856000,None,4955000,3299000,8646000,13515000,None,6666000,None,7379000,340000,3404000,4277000,None,None,None,None,None,None,None,None,None,8704000,2124000,340000,None,1697000,None,None,None,18583000,None,2214000,None,4000000,USD,-204000,-257000,-204000,-58000,-662000,-662000,-151000,670000,541000,586000,1479000,None,395000,None,None,221000,-132000,41000,204000,None,None,None,3.54,3.97
2,2019-12-31,USD,8581000,8203000,7124000,1457000,1556000,369000,16000,None,395000,None,1063000,None,378000,None,None,26000,-31000,74000,None,None,None,26000,-57000,None,369000,369000,None,USD,22829000,None,None,None,16560000,6269000,None,206000,3964000,-19720000,313000,None,60000,1628000,14766000,None,5592000,3442000,9251000,13518000,None,6269000,None,7480000,387000,3735000,4673000,None,None,None,None,None,None,None,9311000,None,9311000,2477000,387000,None,1794000,None,None,None,18583000,None,1628000,None,4000000,USD,-263000,60000,-263000,125000,-266000,-266000,-477000,-501000,369000,-661000,-141000,None,389000,None,3298000,77000,-565000,30000,388000,None,None,None,3.6,3.54
3,2019-09-30,USD,9279000,8711000,7524000,1755000,939000,391000,0,None,420000,None,1187000,None,568000,None,-146000,29000,-146000,-146000,None,None,None,29000,-2000,None,391000,391000,None,USD,23137000,None,None,195000,17313000,5824000,None,3579000,3964000,-20090000,244000,None,59000,2289000,15271000,5569000,5569000,3367000,9545000,13533000,None,5824000,None,6852000,436000,3785000,4755000,None,None,None,None,None,None,None,59000,None,9604000,2730000,436000,None,2042000,None,None,None,18583000,None,2289000,None,4000000,USD,-293000,-102000,-293000,-58000,-678000,-678000,-289000,-390000,391000,452000,1396000,None,371000,None,3298000,211000,886000,29000,293000,None,None,None,3.26,3.6
4,2019-06-30,USD,8198000,8191000,6942000,1256000,382000,790000,0,None,800000,None,1249000,None,7000,None,-78000,10000,-78000,-78000,None,None,None,10000,871000,None,790000,790000,None,USD,23169000,None,None,None,17873000,5296000,None,3685000,3964000,-20481000,214000,None,57000,1837000,15570000,6421000,6421000,3230000,9415000,13697000,None,5296000,None,7587000,116000,3910000,4312000,None,None,None,None,None,None,None,57000,None,9472000,3125000,116000,None,2303000,None,None,None,18583000,None,1837000,None,4000000,USD,-91000,-652000,-91000,None,-2108000,1182000,-194000,683000,790000,769000,-301000,None,375000,None,3298000,302000,-1838000,38000,91000,None,None,None,4.35,3.26
5,2019-03-31,USD,8735000,8302000,7196000,1539000,805000,242000,0,None,255000,None,1106000,None,433000,None,184000,13000,-184000,-184000,None,None,None,13000,6000,None,242000,242000,None,USD,21467000,None,None,660000,20308000,1159000,None,1003000,1985000,-20426000,218000,None,167000,1068000,17772000,8282000,8282000,2330000,9657000,11643000,None,1159000,None,5623000,213000,4142000,5000000,None,None,None,None,None,None,None,55000,None,9824000,3108000,213000,2105000,2536000,None,None,None,17270000,None,1068000,None,2000000,USD,-159000,846000,-159000,None,-1380000,-1380000,-96000,310000,242000,75000,1624000,None,372000,None,None,-415000,240000,29000,159000,None,None,None,1.629,4.35
6,2018-12-31,USD,7827000,8244000,7224000,603000,-417000,-631000,-1000,0,-625000,0,1021000,None,-417000,0,-184000,6000,None,None,0,0,0,6000,-208000,0,-631000,-631000,None,USD,18160000,None,None,None,17278000,882000,None,666000,1985000,-21513000,211000,None,92000,992000,16759000,843000,843000,3140000,6623000,11445000,None,882000,None,6550000,308000,3611000,4108000,None,None,None,None,None,None,None,None,None,None,None,308000,None,None,None,None,None,17270000,None,992000,None,2000000,USD,None,-1516000,-423000,None,62000,62000,1000,-190000,-631000,-209000,137000,None,367000,None,None,631000,1264000,212000,423000,None,None,None,2.1199,1.629
7,2018-09-30,USD,8503000,8810000,7530000,973000,-307000,-463000,-1000,0,-439000,0,1280000,None,-307000,0,-132000,None,None,None,0,0,0,24000,-132000,0,-463000,-463000,None,USD,21701000,None,None,367000,20307000,1394000,None,3805000,1985000,-20882000,252000,None,54000,1201000,19904000,1098000,1098000,3021000,7634000,14013000,None,1394000,None,8482000,151000,4330000,6300000,None,None,None,None,None,None,None,None,None,None,None,151000,None,None,None,None,None,17270000,None,1201000,None,2000000,USD,None,-440000,-86000,None,89000,89000,1000,-617000,-463000,210000,164000,None,416000,None,None,253000,1016000,-1000,86000,None,None,None,3.41,2.1199
8,2018-06-30,USD,8667000,9388000,8089000,578000,-721000,-843000,-1000,0,-826000,0,1299000,None,-721000,0,-105000,None,None,None,0,0,0,17000,-105000,0,-843000,-843000,None,USD,21972000,None,None,212000,20163000,1809000,None,3864000,1985000,-20419000,245000,None,54000,991000,19696000,10098000,10098000,2973000,7468000,14450000,None,1809000,None,8692000,222000,4555000,5956000,None,None,None,None,None,None,None,None,None,None,None,None,None,None,None,None,None,None,None,None,None,2000000,USD,None,-205000,-30000,None,1200000,1200000,1000,294000,-843000,556000,-571000,None,425000,None,None,-330000,78000,10000,30000,None,None,None,3.9,3.41
9,2018-03-31,USD,8943000,9569000,8499000,444000,-626000,-670000,1000,0,-653000,0,1069000,None,-626000,0,-27000,None,None,None,0,0,0,17000,-27000,0,-670000,-670000,None,USD,22425000,None,None,241000,19671000,2754000,None,3860000,1985000,-19576000,240000,None,56000,435000,19125000,9267000,9267000,3075000,8075000,14294000,None,2754000,None,9223000,306000,4395000,6304000,None,None,None,None,None,None,None,None,None,None,None,None,None,None,None,None,None,None,None,None,None,2000000,USD,None,975000,-80000,None,493000,493000,1000,533000,-670000,-452000,-859000,None,441000,None,None,-585000,-1569000,16000,80000,None,None,None,3.63,3.9
10,2017-12-31,USD,9092000,17934000,7890000,176000,-2325000,-2028000,3000,0,-1975000,0,1308000,None,-2325000,0,54000,None,None,None,0,0,0,22000,350000,0,-2028000,-2028000,None,USD,22145000,None,None,1781000,18686000,3459000,None,4111000,1985000,-18906000,231000,None,57000,887000,18067000,1856000,1856000,3110000,8586000,13502000,None,3459000,None,6963000,388000,3871000,5451000,None,None,None,None,None,None,None,None,None,None,None,None,None,None,None,None,None,None,None,None,None,2000000,USD,None,-330000,-275000,None,3244000,3244000,None,-1287000,-3775000,-347000,-3444000,None,2070000,None,None,471000,-597000,4000,275000,None,None,None,4.08,3.63
11,2017-09-30,USD,7702000,37018000,6955000,2469000,-1964000,-3102000,4000,0,-3039000,0,1170000,None,-1964000,0,-806000,None,None,None,0,0,0,3000,-1075000,0,-3102000,-3102000,None,USD,21198000,None,None,348000,17137000,4061000,None,3852000,1985000,-18237000,159000,None,54000,1003000,15576000,8061000,8061000,3043000,8624000,12520000,None,4061000,None,6827000,1402000,4342000,5065000,None,None,None,None,None,None,None,None,None,None,None,None,None,None,None,None,None,None,None,None,None,2000000,USD,None,-99000,-71000,None,1835000,2736000,1000,-853000,-1206000,211000,-1283000,None,432000,None,None,-76000,168000,351000,232000,None,None,None,0.66,4.08
12,2017-06-30,USD,7493000,-27877000,6923000,-1802000,1501000,2169000,15000,0,2104000,0,1153000,None,1501000,0,667000,None,None,None,0,0,0,26000,603000,0,2169000,2169000,None,USD,21135000,355000,None,394000,15809000,5326000,None,4008000,1985000,-17032000,157000,None,410000,792000,13960000,6262000,6262000,3103000,8966000,11759000,None,4971000,None,6268000,1692000,4305000,5382000,None,None,None,None,None,None,None,None,None,None,None,None,None,None,None,None,None,None,None,None,None,2000000,USD,None,-735000,-70000,None,310000,901000,-1000,-116000,-1087000,-237000,-516000,None,436000,None,None,6000,1152000,-12000,161000,None,None,None,0.7,0.66
13,2017-03-31,USD,8467000,9097000,7579000,484000,-630000,-814000,19000,0,-791000,0,1114000,None,-630000,0,-177000,None,None,None,0,0,0,23000,-161000,0,-814000,-814000,None,USD,21704000,341000,None,263000,15510000,6194000,None,3853000,1985000,-15945000,151000,None,382000,1029000,13556000,5721000,5721000,2884000,8871000,12451000,None,5853000,None,7167000,1803000,3992000,5785000,None,None,None,None,None,None,None,None,None,None,None,None,None,None,None,None,None,None,None,None,None,2000000,USD,None,529000,-91000,None,591000,591000,-1000,-126000,-814000,-206000,-775000,None,417000,None,None,161000,-943000,1000,91000,None,None,None,0.72,0.7
14,2016-12-31,USD,8109000,39064000,8128000,2817000,-1999000,-3624000,20000,0,-2567000,0,1150000,None,-1999000,0,-304000,None,None,None,0,0,0,1081000,-568000,0,-3725000,-3624000,None,USD,20145000,322000,None,456000,13511000,6634000,None,3818000,1985000,-15131000,144000,None,372000,1234000,11413000,774000,774000,2510000,8453000,11320000,None,6312000,None,5704000,1954000,3926000,4727000,None,None,None,None,None,None,None,None,None,None,None,None,None,None,None,None,None,None,None,None,None,2000000,USD,None,-561000,-479000,-42000,473000,473000,None,-911000,-3624000,196000,165000,None,1856000,None,None,289000,2145000,971000,708000,None,None,None,0.79,0.72
15,2016-09-30,USD,9251000,0,7905000,0,0,-213000,33000,0,-208000,0,1218000,None,-245000,0,0,None,None,None,0,0,0,29000,0,0,0,-213000,None,USD,24129000,330000,None,321000,14169000,10112000,None,4511000,1985000,None,299000,None,1463000,842000,11665000,None,None,None,9611000,None,None,None,None,None,2205000,4834000,5910000,None,None,None,None,None,None,None,None,None,None,None,None,None,None,None,None,None,None,None,None,None,10000000,USD,None,None,None,None,None,None,None,None,None,None,1495000,None,None,None,None,None,1502000,None,561000,None,None,None,1.03,0.79
16,2016-06-30,USD,9905000,0,7964000,0,0,213000,31000,0,208000,-7000,1217000,None,245000,0,0,None,None,None,0,0,0,25000,0,0,0,213000,None,USD,24672000,301000,None,227000,14481000,10308000,None,4611000,1985000,None,296000,None,1416000,894000,11762000,None,None,None,9747000,None,None,None,None,None,2423000,4618000,5778000,None,None,None,None,None,None,None,None,None,None,None,None,None,None,None,None,None,None,None,None,None,2000000,USD,None,None,None,None,None,None,None,None,213000,None,853000,None,None,None,None,None,575000,None,330000,None,None,None,1.078,1.03
17,2016-03-31,USD,9800000,0,8395000,0,0,0,33000,0,0,7000,1231000,None,0,0,0,None,None,None,0,0,0,23000,0,0,0,0,None,USD,25080000,293000,None,202000,14856000,10313000,None,4721000,1985000,None,298000,None,1439000,938000,11831000,None,None,None,10089000,None,None,None,None,None,2727000,4481000,6294000,None,None,None,None,None,None,None,None,None,None,None,None,None,None,None,None,None,None,None,None,None,2000000,USD,None,None,None,None,None,None,None,None,None,None,890000,None,None,None,None,126000,None,None,93000,None,None,None,1.07,1.078
18,2015-12-31,USD,10407000,39853000,8308000,6548000,1497000,229000,33000,0,340000,-91000,1236000,None,455000,0,-277000,None,None,None,0,0,0,142000,-253000,0,1026000,229000,None,USD,25419000,276000,None,460000,15175000,10335000,None,4594000,1985000,-11507000,289000,None,1389000,1038000,11981000,686000,686000,2587000,10067000,13963000,None,10059000,None,8015000,2905000,4450000,6112000,None,None,None,None,None,None,None,None,None,None,None,None,None,None,None,None,None,None,None,None,None,2000000,USD,None,-1396000,-866000,-69000,-1068000,-1068000,None,-253000,229000,-91000,1720000,None,1731000,None,None,213000,171000,211000,797000,None,None,None,1.27,1.07
19,2015-09-30,USD,10843000,0,8641000,0,0,624000,-73000,0,669000,-18000,1122000,None,607000,0,0,None,None,None,0,0,0,45000,0,0,0,624000,None,USD,26317000,206000,None,255000,16336000,10044000,None,4434000,1985000,None,189000,None,1301000,1218000,13126000,None,None,None,10081000,None,None,None,None,None,3021000,4703000,6425000,None,None,None,None,None,None,None,None,None,None,None,None,None,None,None,None,None,None,None,None,None,2000000,USD,None,None,None,None,None,None,None,None,624000,None,None,None,None,None,None,None,None,None,0,None,None,None,1.25,1.27
