,fiscalDateEnding,reportedCurrency_x,totalRevenue,totalOperatingExpense,costOfRevenue,grossProfit,ebit,netIncome_x,researchAndDevelopment,effectOfAccountingCharges,incomeBeforeTax,minorityInterest,sellingGeneralAdministrative,otherNonOperatingIncome,operatingIncome,otherOperatingExpense,interestExpense,taxProvision,interestIncome,netInterestIncome,extraordinaryItems,nonRecurring,otherItems,incomeTaxExpense,totalOtherIncomeExpense,discontinuedOperations,netIncomeFromContinuingOperations,netIncomeApplicableToCommonShares,preferredStockAndOtherAdjustments,reportedCurrency_y,totalAssets,intangibleAssets,earningAssets,otherCurrentAssets,totalLiabilities,totalShareholderEquity,deferredLongTermLiabilities,otherCurrentLiabilities,commonStock,retainedEarnings,otherLiabilities,goodwill,otherAssets,cash,totalCurrentLiabilities,shortTermDebt,currentLongTermDebt,otherShareholderEquity,propertyPlantEquipment,totalCurrentAssets,longTermInvestments,netTangibleAssets,shortTermInvestments,netReceivables,longTermDebt,inventory,accountsPayable,totalPermanentEquity,additionalPaidInCapital,commonStockTotalEquity,preferredStockTotalEquity,retainedEarningsTotalEquity,treasuryStock,accumulatedAmortization,otherNonCurrrentAssets,deferredLongTermAssetCharges,totalNonCurrentAssets,capitalLeaseObligations,totalLongTermDebt,otherNonCurrentLiabilities,totalNonCurrentLiabilities,negativeGoodwill,warrants,preferredStockRedeemable,capitalSurplus,liabilitiesAndShareholderEquity,cashAndShortTermInvestments,accumulatedDepreciation,commonStockSharesOutstanding,reportedCurrency,investments,changeInLiabilities,cashflowFromInvestment,otherCashflowFromInvestment,netBorrowings,cashflowFromFinancing,otherCashflowFromFinancing,changeInOperatingActivities,netIncome_y,changeInCash,operatingCashflow,otherOperatingCashflow,depreciation,dividendPayout,stockSaleAndPurchase,changeInInventory,changeInAccountReceivables,changeInNetIncome,capitalExpenditures,changeInReceivables,changeInExchangeRate,changeInCashAndCashEquivalents,clossingVal,nextClossingVal
0,2020-06-30,USD,584699000,77516000,451749000,132950000,54223000,40248000,None,None,54223000,-440000,31427000,-1211000,55434000,46089000,None,None,None,None,None,None,None,13535000,None,None,40688000,40248000,None,USD,2488157000,6072000,None,27150000,1770381000,715997000,25877000,254625000,57000,467219000,87201000,54469000,34688000,201738000,581038000,3292000,None,None,780439000,547306000,None,655456000,16357000,302061000,None,None,323121000,None,None,57000,None,467219000,-71049000,None,1096259000,None,3612000,None,None,1163466000,1189343000,None,None,None,319770000,2488157000,218095000,None,53755000,USD,-1284000,44127000,-12784000,-240000,-101246000,4290000,108003000,47254000,40689000,138521000,147015000,17291000,13815000,-2683000,216000,None,None,3883000,11260000,27210000,None,138521000,41.85,
1,2020-03-31,USD,589613000,78299000,454521000,135092000,53826000,40849000,None,None,53826000,352000,32249000,-2967000,56793000,46050000,3665000,12625000,698000,-2967000,None,None,None,-12625000,None,None,41201000,40849000,None,USD,2388006000,6199000,None,25565000,1711191000,675236000,5955000,46055000,57000,429689000,66140000,54469000,33756000,63217000,330143000,2727000,2727000,None,783291000,433321000,None,614568000,15021000,329518000,344558000,None,281361000,None,None,57000,None,429689000,-70296000,None,1107114000,None,3612000,1016405000,344558000,1375093000,1381048000,None,None,None,315786000,2388006000,78238000,None,53666000,USD,388000,-7873000,-15542000,-120000,19334000,-7539000,-720000,-20303000,41201000,4042000,27123000,-3840000,13930000,-2705000,-24168000,None,-21845000,5550000,15810000,-21845000,None,4042000,37.61,41.85
2,2019-12-31,USD,311152000,40746000,255821000,55331000,11202000,27394000,None,None,11202000,-1270000,-20208000,-3383000,14585000,60954000,4149000,3349000,766000,-3383000,18844000,None,None,-44559000,-6494000,19473000,7853000,27394000,None,USD,2361909000,6450000,None,25167000,1705765000,654197000,5278000,44964000,56000,391523000,63392000,54469000,44883000,59175000,343173000,2702000,2702000,None,767565000,411081000,30571000,593278000,17754000,308985000,325217000,None,295507000,None,None,56000,None,391523000,-45296000,None,1117729000,None,4615000,1018947000,325217000,1357314000,1362592000,None,None,None,307914000,2361909000,76929000,None,53487000,USD,-17475000,39856000,-97627000,-63594000,49346000,57776000,11159000,-20303000,27326000,14779000,54630000,-31130000,11167000,-2564000,-165000,None,-26251000,33662000,16558000,-26251000,None,14779000,45.37,37.61
3,2019-09-30,USD,600507000,83757000,477805000,122702000,35781000,27159000,None,None,35781000,669000,31710000,-3164000,38945000,52047000,3900000,7953000,736000,-3164000,None,None,None,7953000,-7896000,None,27828000,27159000,None,USD,2359549000,39639000,None,27686000,1657743000,686259000,3968000,60817000,55000,426414000,62926000,96199000,25572000,44396000,354629000,10177000,10177000,None,708224000,393201000,34561000,550421000,13026000,308093000,265692000,None,283635000,None,None,55000,None,426414000,-43890000,None,1114181000,None,8105000,1035313000,265692000,1299146000,1303114000,None,None,None,303680000,2359549000,57422000,None,53367000,USD,250000,27474000,-51132000,-31861000,-2529000,-8829000,2116000,32019000,27828000,5354000,65315000,1944000,14612000,-2558000,-3742000,None,-11457000,4914000,19221000,-11457000,None,5354000,47.43,45.37
4,2019-06-30,USD,575651000,80805000,457000000,118651000,34477000,28609000,None,None,34477000,-316000,30561000,-3369000,37846000,50244000,3941000,5552000,572000,-3369000,None,None,None,5552000,-5427000,None,28925000,28609000,None,USD,2321521000,34751000,None,31566000,1644214000,662052000,2977000,129502000,55000,401996000,60542000,97408000,25666000,39042000,327348000,10153000,10153000,None,674892000,375546000,38929000,529893000,8003000,296935000,268179000,None,187693000,None,None,55000,None,401996000,-38890000,None,1130321000,None,8603000,1047831000,268179000,1045710000,1316866000,None,None,None,298891000,2321521000,47045000,None,53272000,USD,-72863000,15801000,-72863000,-51046000,26552000,26645000,-485000,14397000,28925000,1218000,47436000,-8869000,13474000,-2543000,3121000,None,-6375000,4480000,22117000,-6375000,None,1218000,56.92,47.43
5,2019-03-31,USD,549214000,81408000,430002000,119212000,34707000,27372000,None,None,34707000,-235000,68810000,-3097000,37804000,12598000,3672000,5275000,-3109000,-3097000,5892000,None,None,7100000,-6087000,5892000,27607000,27372000,None,USD,2218359000,32249000,None,24167000,1573356000,632705000,1662000,128174000,55000,378443000,58081000,87062000,25261000,37824000,311443000,10129000,10129000,None,627400000,357729000,42937000,513394000,4037000,291701000,240660000,None,173140000,None,None,55000,None,378443000,-38405000,None,1105316000,None,8603000,1021392000,240660000,1019591000,1261913000,None,None,None,292612000,2218359000,41861000,None,52955000,USD,-300000,-13649000,-25393000,-11448000,7483000,7292000,-92000,-14256000,27607000,6741000,24842000,10766000,12891000,-2525000,2334000,None,-16341000,3568000,13645000,-16341000,None,6741000,51.19,56.92
6,2018-12-31,USD,537775000,144076000,359252000,178523000,31322000,26360000,0,0,31322000,-199000,131877000,-3125000,34447000,12199000,-3711000,None,None,None,32871000,0,0,4763000,-8617000,0,26559000,26360000,None,USD,1181958000,58602000,None,32208000,579618000,590935000,22651000,69784000,55000,344901000,77256000,80477000,40357000,31083000,269227000,10105000,10105000,None,618874000,348072000,36168000,451856000,8682000,276099000,233135000,None,189338000,None,None,55000,None,344901000,-38405000,None,64283000,None,11650000,None,233135000,54605000,310391000,None,None,None,284384000,1181958000,39765000,None,52584000,USD,-6611000,19879000,-55942000,-32015000,-12512000,-11657000,-2000,20071000,26559000,-14574000,53025000,1616000,12492000,-2377000,3232000,None,-16578000,9057000,17316000,-16578000,None,-14574000,38.79,51.19
7,2018-09-30,USD,514364000,71354000,413723000,100641000,25765000,20861000,0,0,25765000,511000,59452000,-3522000,29287000,11902000,-3989000,None,None,None,0,0,0,5415000,-7175000,0,20350000,20861000,None,USD,1143575000,57821000,None,31614000,571199000,561899000,23031000,74297000,54000,321448000,77735000,78612000,33806000,45657000,247860000,10080000,10080000,None,593088000,348413000,32487000,425466000,9688000,261454000,245604000,0,163483000,572376000,0,54000,0,321448000,-38405000,None,53606000,None,12035000,None,245604000,54704000,323339000,None,None,None,278802000,1143575000,55345000,None,52248000,USD,1992000,16928000,-14025000,-2680000,-22505000,-23539000,-44000,20492000,20350000,18473000,56037000,6653000,12196000,-2347000,1313000,0,-9997000,9907000,13337000,-9997000,None,18473000,37.92,38.79
8,2018-06-30,USD,496386000,34007000,430604000,65782000,28468000,22011000,0,0,28468000,-315000,22386000,-3307000,31775000,11621000,-3869000,None,None,None,0,1664000,0,6142000,-3307000,0,22326000,22011000,None,USD,1125847000,57854000,None,36391000,575568000,539788000,23391000,66972000,54000,303157000,77166000,81019000,37750000,27184000,230336000,10058000,10058000,None,591580000,327569000,31396000,400915000,12952000,251042000,268066000,0,153306000,550279000,0,54000,0,303157000,-38405000,None,55094000,None,12731000,None,268066000,53775000,345232000,None,None,None,274982000,1125847000,40136000,None,52033000,USD,7373000,19651000,-55781000,-49941000,-12428000,-12937000,73000,4680000,22326000,-7873000,60845000,-3360000,11910000,-2367000,1858000,0,7023000,3295000,13213000,7023000,None,-7873000,35.82,37.92
9,2018-03-31,USD,492134000,35062000,424093000,68041000,29814000,23132000,0,0,29814000,-161000,25104000,-3165000,32979000,11622000,-3613000,None,None,None,0,-1664000,0,6521000,-1501000,0,23293000,23132000,None,USD,1092709000,57485000,None,37529000,566766000,517995000,23518000,63088000,54000,285398000,75036000,80963000,40830000,35057000,211281000,10035000,10035000,None,541019000,344726000,28065000,379547000,13631000,258509000,280449000,0,138158000,525943000,0,54000,0,285398000,-38405000,None,55785000,None,12731000,None,280449000,51518000,355485000,None,None,None,270948000,1092709000,48688000,None,51764000,USD,-10025000,-12891000,-25463000,-4356000,-22512000,-22212000,-383000,-3495000,23293000,-7280000,40395000,8568000,11921000,-2328000,2628000,0,6453000,3051000,11082000,6453000,None,-7280000,26.3,35.82
10,2017-12-31,USD,487705000,34183000,427379000,60326000,23180000,11206000,0,0,23180000,-700000,22833000,-2963000,26143000,11760000,3599000,None,None,None,0,-410000,0,11958000,-25328000,0,11222000,11206000,None,USD,1102433000,58052000,None,47579000,602374000,492397000,23343000,63815000,53000,264691000,73563000,81062000,197273000,42337000,225821000,9939000,9939000,None,537084000,368076000,28685000,353283000,13092000,265068000,302990000,0,152067000,500059000,266058000,53000,0,264691000,-38405000,None,45414000,None,12745000,None,302990000,50220000,376553000,None,None,None,266058000,1102433000,55429000,None,51360000,USD,621000,13117000,-23527000,-6757000,17233000,16106000,-2858000,4415000,11222000,2282000,9703000,-29909000,12032000,-2106000,979000,0,-52301000,22444000,17391000,-19203000,None,2282000,22.2,26.3
11,2017-09-30,USD,471594000,30709000,415326000,56268000,22435000,14212000,0,0,22435000,63000,19261000,-3124000,25559000,11448000,3519000,None,None,None,0,173320000,0,8160000,0,0,14275000,14212000,None,USD,1070848000,58221000,None,35563000,583685000,479954000,23729000,77266000,53000,255903000,73741000,77663000,199924000,40055000,222488000,8170000,8170000,None,531079000,339845000,None,344070000,9108000,255119000,287456000,0,137052000,487163000,0,53000,0,255903000,-38405000,None,41541000,None,22499000,None,287456000,50012000,361197000,None,None,None,262403000,1070848000,49163000,None,51082000,USD,23076000,18961000,-34440000,-40754000,2905000,2690000,-58000,18338000,14274000,6579000,38329000,2476000,11706000,-2178000,1963000,0,33098000,9721000,16762000,-18809000,None,6579000,22.59,22.2
12,2017-06-30,USD,448279000,26717000,399531000,48748000,19266000,12217000,0,0,19266000,163000,17253000,-2765000,22031000,10750000,3053000,None,None,None,0,-1286000,0,6886000,0,0,12380000,12217000,None,USD,1032184000,58628000,None,33478000,561223000,464329000,23522000,69787000,53000,244049000,72180000,73159000,217953000,33476000,204578000,8165000,292630000,None,490386000,323845000,None,332542000,13643000,243248000,284465000,0,126626000,470961000,0,53000,0,244049000,-38405000,None,63153000,23013000,708339000,None,284465000,48658000,356645000,None,None,None,258632000,1032184000,47119000,None,50795000,USD,16469000,-2464000,-27229000,-32682000,25963000,23864000,-58000,-7259000,12381000,1969000,5334000,-17780000,11005000,-2171000,72000,0,14289000,9581000,11016000,-7389000,None,1969000,21.77,22.59
13,2017-03-31,USD,441739000,46801000,387386000,54353000,4397000,2840000,0,0,4397000,116000,21270000,-3155000,7552000,10514000,3445000,None,None,None,0,15017000,0,1441000,0,0,2956000,2840000,None,USD,984469000,55514000,None,21424000,526159000,453859000,10980000,72154000,53000,235689000,57807000,68926000,188264000,31507000,209874000,8155000,8155000,None,490582000,305623000,None,329419000,9829000,242863000,258478000,0,129565000,458310000,0,53000,0,235689000,-37185000,None,40811000,23013000,678846000,None,258478000,46827000,316285000,None,None,None,255302000,984469000,41336000,None,50657000,USD,-2394000,-9773000,-21397000,-7006000,-17015000,-24388000,None,1789000,2956000,-26199000,19586000,12789000,10768000,-2179000,-5194000,0,6900000,9746000,11997000,-6900000,None,-26199000,18.8,21.77
14,2016-12-31,USD,433048000,7861000,389504000,43544000,33857000,18337000,0,0,33857000,2669000,6095000,-1826000,35683000,1766000,2185000,None,None,None,0,55000000,0,12851000,5196000,0,21006000,18337000,None,USD,1001025000,54662000,None,20173000,540530000,456449000,9124000,58763000,52000,235021000,53116000,67100000,182665000,57706000,211928000,8129000,8129000,None,484498000,333862000,23634000,334687000,11550000,244433000,275486000,0,145036000,460495000,252493000,52000,0,235021000,-31117000,None,37830000,23073000,667163000,None,275486000,43992000,328602000,None,None,None,252493000,1001025000,69256000,None,50838000,USD,-284000,301000,-98212000,-84502000,112967000,112800000,849000,21964000,21006000,17292000,2704000,66000,9955000,-2042000,1026000,0,-63617000,-8214000,13426000,-20410000,None,17292000,22.21,18.8
15,2016-09-30,USD,428065000,25712000,382313000,45752000,18141000,11155000,0,0,18141000,29000,14801000,-1899000,20040000,10911000,2135000,None,None,None,0,-55000000,0,6957000,0,0,11184000,11155000,None,USD,853415000,62061000,None,28360000,415795000,436607000,8545000,59240000,52000,218887000,54262000,67100000,194410000,40414000,199059000,8141000,8141000,None,350255000,308750000,None,307446000,7511000,232465000,162474000,0,131678000,437620000,0,52000,0,218887000,-31117000,None,43822000,21427000,544665000,None,162474000,45717000,216736000,None,None,None,248785000,853415000,47925000,None,50642000,USD,5406000,15945000,-12567000,-2143000,-15058000,-14894000,771000,11074000,11184000,6895000,34356000,3516000,11170000,-2034000,1427000,0,43207000,6453000,15830000,-13912000,None,6895000,20.13,22.21
16,2016-06-30,USD,410517000,29429000,361279000,49238000,18641000,11326000,0,0,18641000,37000,19657000,-1168000,19809000,9772000,1446000,None,None,None,0,11000000,0,7278000,0,0,11363000,11326000,None,USD,840075000,64156000,None,24369000,415982000,423454000,9975000,47353000,52000,209778000,53340000,69650000,204858000,33519000,178920000,634000,634000,None,347203000,288014000,None,289648000,3503000,226623000,183722000,0,130933000,424093000,0,52000,0,209778000,-31131000,None,50229000,20823000,552061000,None,183722000,43365000,237062000,None,None,None,244755000,840075000,37022000,None,50403000,USD,-5058000,13421000,-79753000,-56483000,38086000,37769000,869000,-3425000,11363000,-17851000,24133000,-3425000,9930000,-2025000,839000,0,29295000,8229000,18212000,-15385000,None,-17851000,21.01,20.13
17,2016-03-31,USD,383234000,33620000,333299000,49935000,15179000,9172000,0,0,15179000,118000,17387000,-1136000,16315000,16233000,1370000,None,None,None,0,0,0,5889000,0,0,9290000,9172000,None,USD,773681000,63340000,None,22695000,363485000,410417000,9860000,46018000,52000,200566000,49732000,41034000,168963000,51370000,168111000,627000,627000,None,311479000,293239000,None,306043000,2003000,217171000,145642000,0,121466000,0,0,52000,0,200566000,-31223000,None,43766000,20823000,480442000,None,145642000,39872000,195374000,None,None,None,241022000,773681000,53373000,None,50205000,USD,-1646000,-12368000,-20104000,-227000,45213000,17210000,692000,13911000,9290000,9801000,12695000,13911000,8452000,-2072000,-26623000,0,13910000,7320000,18231000,-13910000,None,9801000,22.64,21.01
18,2015-12-31,USD,373155000,25174000,323645000,49510000,23786000,13602000,0,0,23786000,835000,17247000,-550000,24336000,7927000,793000,None,None,None,0,11000000,0,9349000,-1983000,0,14437000,13602000,None,USD,747759000,64077000,None,26968000,320774000,427324000,3976000,46205000,51000,193420000,41857000,40886000,153156000,41569000,179866000,620000,620000,None,299633000,294970000,32713000,322361000,2004000,224429000,99051000,0,133041000,0,0,51000,0,193420000,-1223000,None,42744000,5449000,452789000,None,99051000,37881000,140908000,None,None,None,235076000,747759000,43573000,None,51370000,USD,3910000,19852000,-47962000,-34154000,29850000,29393000,898000,28188000,14437000,1500000,20069000,-5187000,8074000,-1935000,580000,0,-100324000,7528000,17718000,-24635000,None,1500000,22.63,22.64
19,2015-09-30,USD,351086000,24453000,305045000,46041000,21028000,13472000,0,0,21028000,-313000,17165000,-560000,21588000,7288000,802000,None,None,None,0,0,0,7869000,0,0,13159000,13472000,None,USD,682503000,64939000,None,6792000,271306000,412596000,3811000,43492000,26000,181890000,40749000,39736000,155809000,40069000,161348000,613000,None,None,257164000,269530000,None,307921000,4500000,192016000,69209000,0,117243000,0,0,26000,0,181890000,-1294000,None,40537000,10597000,412973000,None,69209000,36938000,109958000,None,None,None,231974000,682503000,44569000,None,25606000,USD,1034000,19519000,-31149000,-18657000,14851000,14091000,896000,None,13157000,-10566000,6492000,-14583000,7436000,-1930000,274000,0,75689000,6917000,13526000,-25954000,None,-10566000,42.63,22.63
