,fiscalDateEnding,reportedCurrency_x,totalRevenue,totalOperatingExpense,costOfRevenue,grossProfit,ebit,netIncome_x,researchAndDevelopment,effectOfAccountingCharges,incomeBeforeTax,minorityInterest,sellingGeneralAdministrative,otherNonOperatingIncome,operatingIncome,otherOperatingExpense,interestExpense,taxProvision,interestIncome,netInterestIncome,extraordinaryItems,nonRecurring,otherItems,incomeTaxExpense,totalOtherIncomeExpense,discontinuedOperations,netIncomeFromContinuingOperations,netIncomeApplicableToCommonShares,preferredStockAndOtherAdjustments,reportedCurrency_y,totalAssets,intangibleAssets,earningAssets,otherCurrentAssets,totalLiabilities,totalShareholderEquity,deferredLongTermLiabilities,otherCurrentLiabilities,commonStock,retainedEarnings,otherLiabilities,goodwill,otherAssets,cash,totalCurrentLiabilities,shortTermDebt,currentLongTermDebt,otherShareholderEquity,propertyPlantEquipment,totalCurrentAssets,longTermInvestments,netTangibleAssets,shortTermInvestments,netReceivables,longTermDebt,inventory,accountsPayable,totalPermanentEquity,additionalPaidInCapital,commonStockTotalEquity,preferredStockTotalEquity,retainedEarningsTotalEquity,treasuryStock,accumulatedAmortization,otherNonCurrrentAssets,deferredLongTermAssetCharges,totalNonCurrentAssets,capitalLeaseObligations,totalLongTermDebt,otherNonCurrentLiabilities,totalNonCurrentLiabilities,negativeGoodwill,warrants,preferredStockRedeemable,capitalSurplus,liabilitiesAndShareholderEquity,cashAndShortTermInvestments,accumulatedDepreciation,commonStockSharesOutstanding,reportedCurrency,investments,changeInLiabilities,cashflowFromInvestment,otherCashflowFromInvestment,netBorrowings,cashflowFromFinancing,otherCashflowFromFinancing,changeInOperatingActivities,netIncome_y,changeInCash,operatingCashflow,otherOperatingCashflow,depreciation,dividendPayout,stockSaleAndPurchase,changeInInventory,changeInAccountReceivables,changeInNetIncome,capitalExpenditures,changeInReceivables,changeInExchangeRate,changeInCashAndCashEquivalents,clossingVal,nextClossingVal
0,2020-06-30,USD,448405000,112660000,241033000,207372000,94925000,68036000,32572000,None,82397000,None,66872000,213000,94712000,13216000,-13005000,14361000,213000,-12792000,None,None,None,14361000,477000,None,68036000,68036000,None,USD,2804040000,342258000,None,773416000,1530547000,1231789000,71494000,58626000,1349000,447590000,108600000,725678000,24144000,532667000,237955000,None,None,-48777000,475202000,1188847000,None,931235000,None,275557000,1183992000,332885000,179329000,None,None,1349000,None,447590000,-7112000,None,72055000,None,889515000,41704000,1183992000,37106000,1292592000,None,None,None,838739000,2804040000,532667000,None,134746225,USD,-24097000,48300000,-24097000,191000,103036000,92148000,-1281000,2092000,68036000,198072000,130021000,2092000,33855000,-10805000,1198000,-37157000,None,12987000,24288000,1908000,-482000,197590000,59.05,
1,2020-03-31,USD,412327000,104734000,226849000,185478000,80187000,61006000,29632000,None,69628000,None,58891000,-557000,80744000,16211000,10559000,8622000,321000,-10238000,None,None,None,8622000,-878000,None,61006000,61006000,None,USD,2598565000,355815000,None,778973000,1383689000,1171327000,71516000,60857000,1348000,390542000,106811000,726234000,25311000,335077000,201990000,4000000,4000000,-46610000,474841000,966306000,None,859061000,None,277796000,1074888000,300694000,137133000,None,None,1348000,None,390542000,-7112000,None,75369000,None,906025000,43549000,1074888000,35295000,1181699000,None,None,None,833159000,2598565000,335077000,None,134606529,USD,-98210000,-38245000,-98210000,-75625000,142000000,71685000,-30455000,3426000,61006000,-15122000,11403000,3426000,36859000,-10847000,-29013000,-18205000,None,10557000,22585000,-43995000,-1712000,-16834000,44.77,59.05
2,2019-12-31,USD,426998000,113551000,229362000,197636000,84469000,57438000,30352000,None,71094000,None,67171000,384000,84085000,16028000,13375000,13656000,632000,-12743000,None,None,None,13656000,-248000,None,57438000,57438000,None,USD,2516086000,333952000,None,58979000,1306370000,1165889000,71586000,87778000,1349000,366127000,109453000,695044000,24989000,351911000,264433000,4000000,4000000,-37259000,479544000,932397000,None,180720000,None,234409000,932484000,287098000,172655000,None,None,1349000,None,366127000,-7112000,None,63904000,11245000,1583689000,43827000,932484000,37867000,1041937000,None,None,None,842784000,2516086000,351911000,None,134727368,USD,-35859000,26344000,-35859000,-9927000,-2000000,-24992000,-145000,-5223000,57438000,67793000,128644000,-5223000,38710000,-10787000,-12060000,-15665000,27241000,-201000,25932000,27241000,1370000,69163000,50.09,44.77
3,2019-09-30,USD,394147000,117557000,223797000,170350000,53031000,40767000,31173000,None,41643000,None,71232000,238000,52793000,15152000,11388000,876000,1172000,-10216000,None,None,None,876000,-934000,None,40767000,40767000,None,USD,2467684000,367558000,None,49916000,1303392000,1119917000,103326000,74528000,1351000,332579000,156232000,659840000,37357000,282748000,213080000,4000000,4000000,-44113000,470005000,884240000,None,136894000,None,261306000,934080000,290270000,134552000,None,None,1351000,None,332579000,-7112000,None,62850000,None,23191000,44375000,934080000,52906000,1090312000,None,None,None,837212000,2467684000,282748000,None,134939086,USD,-240810000,-15169000,-240810000,-214488000,-2000000,-22662000,-281000,-840000,40767000,-238181000,25291000,-840000,34458000,-10815000,-11566000,-9398000,-35841000,11314000,26322000,-35841000,-453000,-238634000,47.06,50.09
4,2019-06-30,USD,378874000,111365000,212600000,166274000,178547000,123997000,30624000,None,167232000,None,64150000,123638000,54909000,16591000,11315000,43235000,1623000,-9692000,None,None,None,43235000,122015000,None,123997000,123997000,None,USD,2424722000,266425000,None,46456000,1281561000,1102549000,89848000,70263000,1353000,315511000,132746000,583328000,37085000,521382000,215140000,4000000,4000000,-38125000,445254000,1048454000,None,293408000,None,218682000,933675000,261934000,140877000,None,None,1353000,None,315511000,-7112000,None,58108000,None,23153000,40612000,933675000,42898000,1066421000,None,None,None,830922000,2424722000,521382000,None,135141280,USD,-25114000,50576000,-25114000,522000,-1000000,-26315000,-821000,-4626000,123997000,179472000,230901000,-4626000,35187000,-9494000,-15000000,5840000,14545000,5382000,25636000,14545000,-450000,179022000,37.32,47.06
5,2019-03-31,USD,391047000,129902000,213654000,177393000,48964000,32658000,28991000,None,38080000,None,82254000,1473000,47491000,18657000,10884000,5422000,1225000,-9659000,None,None,None,5422000,248000,None,32658000,32658000,None,USD,2314008000,284581000,None,76804000,1272997000,1000464000,84080000,74622000,1357000,213481000,125948000,584537000,35815000,342360000,212780000,4000000,4000000,-36399000,442395000,922812000,None,171893000,None,232138000,934269000,271510000,134158000,None,None,1357000,None,213481000,-7112000,None,56864000,None,22819000,40547000,934269000,41868000,1060217000,None,None,None,829137000,2314008000,342360000,None,135513636,USD,-84057000,-87892000,-84057000,-49592000,-1000000,-52851000,-7977000,18211000,32658000,-139446000,-2538000,18211000,35378000,-9470000,-34404000,-2131000,-9109000,10347000,34465000,-9109000,-256000,-139702000,35.69,37.32
6,2018-12-31,USD,401642000,108432000,221902000,179740000,69358000,80784000,30675000,0,59706000,0,60707000,-1950000,71308000,17050000,9652000,None,None,None,0,0,0,-21078000,-16990000,0,80784000,80784000,None,USD,2317641000,295687000,None,57081000,1305616000,1012025000,69290000,62732000,1362000,213753000,101085000,550202000,22885000,482062000,269668000,4000000,4000000,-33636000,419529000,1029338000,None,166136000,None,222055000,934863000,268140000,202936000,None,None,1362000,None,213753000,-7112000,None,12723000,10162000,1288303000,None,934863000,31795000,1035948000,None,None,None,837658000,2317641000,482062000,None,135976981,USD,None,8202000,-35353000,-537000,285750000,131381000,-3246000,-15215000,80784000,187355000,91327000,-15215000,35764000,-9890000,-141233000,-9312000,-8760000,-136000,34816000,-8760000,-186000,187169000,27.895,35.69
7,2018-09-30,USD,398597000,113741000,216881000,181716000,67474000,48060000,29964000,0,59487000,0,62358000,-501000,67975000,21419000,7987000,None,None,None,0,0,0,11427000,-12521000,0,48060000,48060000,None,USD,2103456000,323379000,None,49234000,1019785000,1083671000,125816000,55389000,1416000,258223000,158148000,542235000,23190000,294893000,211012000,None,None,-33665000,393706000,820946000,None,218057000,0,212729000,650625000,264090000,155623000,0,0,1416000,0,258223000,-7112000,None,11455000,None,11735000,None,650625000,32332000,808773000,None,None,None,864809000,2103456000,294893000,None,141404935,USD,None,3848000,-24834000,3066000,293150000,-20286000,-389000,1190000,48060000,39023000,84143000,1190000,37956000,-9899000,-9998000,-6316000,-11400000,10805000,27900000,-11400000,-1236000,37787000,28.95,27.895
8,2018-06-30,USD,383059000,107445000,200681000,182378000,72427000,54349000,30231000,0,64131000,0,65200000,-2506000,74933000,12014000,8296000,None,None,None,0,0,0,9782000,-15810000,0,54349000,54349000,None,USD,2066108000,361429000,None,51367000,1013203000,1052905000,127741000,56828000,1417000,222381000,158718000,529933000,20261000,257106000,204262000,650223000,650223000,-32250000,380259000,774226000,None,161543000,0,200395000,650223000,265358000,147434000,0,0,1417000,0,222381000,0,None,9281000,None,10980000,None,650223000,30977000,808941000,None,None,None,861357000,2066108000,257106000,None,141691182,USD,None,4812000,-367200000,-340810000,-2000000,-17905000,1460000,3601000,54349000,-286816000,98289000,3601000,27816000,-9919000,-7446000,-7517000,8698000,6530000,26390000,8698000,-6314000,-293130000,33.9,28.95
9,2018-03-31,USD,367199000,97524000,191202000,175997000,79267000,57562000,27586000,0,71108000,0,58269000,794000,78473000,11669000,8159000,None,None,None,0,0,0,13546000,-7365000,0,57562000,57562000,None,USD,1961330000,190814000,None,51385000,936936000,1024394000,86869000,39959000,1418000,186276000,120647000,375340000,585979000,550236000,266468000,100000000,100000000,-19673000,364301000,1011050000,None,458240000,0,195284000,549821000,214145000,126509000,0,0,1418000,0,186276000,0,None,9639000,None,10186000,None,549821000,33778000,670468000,None,None,None,856373000,1961330000,550236000,None,141802172,USD,None,-27293000,-58557000,-37510000,-25000000,-58779000,-14369000,-2962000,57562000,-78519000,38817000,-2962000,27566000,-9883000,-9527000,-14955000,-6011000,4910000,21047000,-6011000,3347000,-75172000,34.8,33.9
10,2017-12-31,USD,350562000,92527000,186883000,163679000,49848000,-28341000,26489000,0,41923000,0,55018000,-21304000,71152000,11020000,7925000,None,None,None,0,0,0,70264000,-68256000,0,-28341000,-28341000,None,USD,1976172000,182430000,None,50677000,983154000,993018000,85673000,34514000,1413000,147418000,117803000,359688000,559041000,625408000,290971000,100000000,100000000,-23512000,359523000,1057608000,None,450900000,0,183434000,574380000,198089000,156457000,993018000,867699000,1413000,0,147418000,0,None,7820000,9103000,918564000,None,574380000,32130000,692183000,None,None,None,867699000,1976172000,625408000,None,141282539,USD,None,71229000,-25590000,68000,141467000,123346000,-209000,-4716000,-28341000,183497000,85741000,-7993000,28919000,-9896000,-8016000,-5330000,-15401000,27313000,25658000,-56000,6714000,190211000,30.45,34.8
11,2017-09-30,USD,345591000,94752000,190184000,155407000,57899000,40902000,26002000,0,50150000,0,57699000,-2756000,60655000,11051000,7749000,None,None,None,0,0,0,9248000,0,0,40902000,40902000,None,USD,1757749000,190754000,None,36585000,739384000,1018365000,26905000,41618000,1415000,193658000,58040000,355855000,562588000,435197000,269879000,100000000,100000000,-41048000,346660000,848501000,None,471756000,0,183417000,411465000,193302000,128261000,0,0,1415000,0,193658000,0,None,6732000,None,9247000,None,411465000,31135000,469505000,None,None,None,864340000,1757749000,435197000,None,141473733,USD,None,19618000,-24584000,863000,-25000000,-34491000,-168000,1552000,40902000,29966000,89041000,1552000,25836000,0,-9323000,-1047000,0,14493000,25447000,-12313000,-404000,29562000,28.85,30.45
12,2017-06-30,USD,329002000,91213000,178699000,150303000,59229000,39991000,27221000,0,51033000,0,52985000,139000,59090000,11007000,8196000,None,None,None,0,0,0,11042000,0,0,39991000,39991000,None,USD,1727443000,206182000,None,38090000,745174000,982269000,27116000,33874000,1418000,160376000,58242000,355178000,577304000,405635000,251022000,100000000,535910000,-42185000,341146000,808993000,None,420909000,0,171113000,435910000,194155000,117148000,0,0,1418000,0,160376000,0,None,7322000,None,8622000,None,435910000,31126000,494152000,None,None,None,862660000,1727443000,405635000,None,141790240,USD,None,14386000,-40277000,-19975000,-25000000,-28800000,-1664000,-1049000,39991000,16082000,85159000,-1049000,25418000,0,-2136000,-8422000,0,10321000,20302000,4514000,-1606000,14476000,21.95,28.85
13,2017-03-31,USD,317377000,88676000,177781000,139596000,50098000,32514000,27239000,0,41625000,0,50492000,-822000,50920000,10945000,8473000,None,None,None,0,0,0,9111000,0,0,32514000,32514000,None,USD,1696094000,208591000,None,36218000,751033000,945061000,26646000,40183000,1417000,123380000,54479000,349120000,573416000,391159000,236239000,100000000,100000000,-38164000,330926000,791752000,None,387350000,0,176032000,460315000,188343000,96056000,0,0,1417000,0,123380000,0,None,7287000,None,8418000,None,460315000,27833000,514794000,None,None,None,858428000,1696094000,391159000,None,141710104,USD,None,-24742000,-22004000,186000,-25000000,-32804000,-4845000,2774000,32514000,-21376000,33432000,2774000,24922000,0,-2959000,-5415000,0,10925000,22190000,-7546000,6146000,-15230000,23.4,21.95
14,2016-12-31,USD,308502000,86895000,176702000,131800000,43687000,26098000,27223000,0,34619000,0,48734000,-1218000,44905000,10938000,9068000,None,None,None,0,0,0,8521000,-41837000,0,26098000,26098000,None,USD,1699532000,217548000,None,44538000,800314000,899218000,26846000,29213000,1413000,92303000,54066000,345269000,577839000,406389000,261571000,100000000,100000000,-54276000,321562000,800131000,None,336401000,0,165675000,484677000,183529000,132358000,899218000,859778000,1413000,0,92303000,0,None,7000000,8022000,899401000,None,484677000,27220000,538743000,None,None,None,859778000,1699532000,406389000,None,141319964,USD,1726000,19549000,-19898000,94000,-25000000,-28243000,-1195000,844000,26098000,8938000,57079000,1063000,29188000,-9896000,-2048000,-2575000,-25298000,-13198000,19992000,-3046000,-14326000,-5388000,17.9,23.4
15,2016-09-30,USD,296692000,88308000,173712000,122980000,35360000,21947000,25720000,0,25892000,0,51614000,688000,34672000,10974000,9468000,None,None,None,0,0,0,3945000,0,0,21947000,21947000,None,USD,1713592000,230987000,None,35675000,816389000,897203000,42089000,39040000,1413000,68830000,69937000,349980000,597048000,411777000,237677000,100000000,100000000,-30063000,315512000,801032000,None,316236000,0,167559000,508775000,186021000,98637000,0,0,1413000,0,68830000,0,None,7391000,8690000,912560000,None,508775000,27848000,578712000,None,None,None,857023000,1713592000,411777000,None,141322874,USD,None,1191000,-12986000,138000,-25000000,-25199000,-711000,1334000,21947000,33753000,71938000,1334000,24769000,0,512000,-5907000,0,14757000,13124000,13847000,4281000,38034000,17.42,17.9
16,2016-06-30,USD,303052000,92805000,163847000,139205000,47495000,32890000,28146000,0,38403000,0,53597000,1095000,46400000,11062000,9092000,None,None,None,0,0,0,5513000,0,0,32890000,32890000,None,USD,1695482000,240688000,None,36748000,834252000,861230000,37237000,39118000,1412000,46883000,64878000,343261000,600589000,373743000,187139000,50000000,50000000,-40591000,322720000,772173000,None,277281000,0,180596000,582235000,181086000,98021000,0,0,1412000,0,46883000,0,None,7792000,8848000,923309000,None,582235000,27641000,647113000,None,None,None,853526000,1695482000,373743000,None,141171882,USD,794000,24198000,-13488000,43000,-25000000,-22714000,-94000,-278000,32890000,24997000,61199000,-278000,24887000,0,2380000,1609000,0,7193000,14325000,-29300000,4343000,29340000,14.47,17.42
17,2016-03-31,USD,267024000,85147000,152318000,114706000,30303000,16212000,25902000,0,21085000,0,47956000,744000,29559000,11289000,9218000,None,None,None,0,0,0,4873000,0,0,16212000,16212000,None,USD,1653830000,251803000,None,40384000,832076000,821754000,38110000,30460000,1408000,13993000,63743000,343286000,611320000,344403000,161703000,50000000,None,-41386000,322729000,719781000,None,226665000,1140000,149824000,606630000,184030000,81243000,0,0,1408000,0,13993000,0,None,7990000,8241000,934049000,None,606630000,25633000,670373000,None,None,None,847739000,1653830000,345543000,None,140829976,USD,932000,-10236000,-20314000,-3427000,None,-5591000,-2018000,None,16212000,-8566000,17339000,-1275000,24989000,0,-3573000,-12998000,0,7446000,17819000,-6799000,3144000,-5422000,13.62,14.47
18,2015-12-31,USD,266786000,89182000,157488000,109298000,22625000,17573000,26717000,0,14311000,0,51024000,2509000,20116000,11441000,9783000,None,None,None,0,0,0,-4731000,-40237000,0,19042000,17573000,None,USD,1657940000,258942000,None,25228000,855057000,802883000,37612000,33968000,1407000,-416000,62220000,342111000,625877000,349825000,175550000,50000000,50000000,-46775000,321301000,710762000,None,201830000,2181000,160352000,617287000,173176000,91582000,0,0,1407000,0,-416000,0,None,17053000,7771000,947178000,None,617287000,24608000,679507000,None,None,None,848667000,1657940000,352006000,None,140716420,USD,5581000,-32660000,-10400000,300000,-100000000,6398000,4742000,538000,17573000,48216000,52218000,20191000,28966000,-9896000,1656000,12880000,5212000,-38008000,16281000,43232000,548000,48764000,13.27,13.62
19,2015-09-30,USD,270253000,85244000,153943000,116310000,36712000,23403000,26841000,0,27489000,0,46730000,5646000,31066000,11673000,9291000,None,None,None,0,0,0,4018000,0,0,23471000,23403000,None,USD,1678448000,269895000,None,20392000,908313000,770135000,59704000,40246000,1406000,-17990000,82118000,341305000,638509000,301061000,209065000,50000000,None,-52638000,315695000,724244000,None,158935000,2178000,212174000,617130000,188439000,118819000,0,0,1406000,0,-17990000,0,None,22126000,5183000,954204000,None,617130000,22414000,699248000,None,None,None,839357000,1678448000,303239000,None,140561354,USD,504000,18419000,-20933000,29000,-25000000,-23108000,258000,None,23403000,-11455000,32586000,-18394000,25029000,0,1634000,-11050000,0,4605000,21466000,-9426000,-1226000,-12681000,13.19,13.27
