,fiscalDateEnding,reportedCurrency_x,totalRevenue,totalOperatingExpense,costOfRevenue,grossProfit,ebit,netIncome_x,researchAndDevelopment,effectOfAccountingCharges,incomeBeforeTax,minorityInterest,sellingGeneralAdministrative,otherNonOperatingIncome,operatingIncome,otherOperatingExpense,interestExpense,taxProvision,interestIncome,netInterestIncome,extraordinaryItems,nonRecurring,otherItems,incomeTaxExpense,totalOtherIncomeExpense,discontinuedOperations,netIncomeFromContinuingOperations,netIncomeApplicableToCommonShares,preferredStockAndOtherAdjustments,reportedCurrency_y,totalAssets,intangibleAssets,earningAssets,otherCurrentAssets,totalLiabilities,totalShareholderEquity,deferredLongTermLiabilities,otherCurrentLiabilities,commonStock,retainedEarnings,otherLiabilities,goodwill,otherAssets,cash,totalCurrentLiabilities,shortTermDebt,currentLongTermDebt,otherShareholderEquity,propertyPlantEquipment,totalCurrentAssets,longTermInvestments,netTangibleAssets,shortTermInvestments,netReceivables,longTermDebt,inventory,accountsPayable,totalPermanentEquity,additionalPaidInCapital,commonStockTotalEquity,preferredStockTotalEquity,retainedEarningsTotalEquity,treasuryStock,accumulatedAmortization,otherNonCurrrentAssets,deferredLongTermAssetCharges,totalNonCurrentAssets,capitalLeaseObligations,totalLongTermDebt,otherNonCurrentLiabilities,totalNonCurrentLiabilities,negativeGoodwill,warrants,preferredStockRedeemable,capitalSurplus,liabilitiesAndShareholderEquity,cashAndShortTermInvestments,accumulatedDepreciation,commonStockSharesOutstanding,reportedCurrency,investments,changeInLiabilities,cashflowFromInvestment,otherCashflowFromInvestment,netBorrowings,cashflowFromFinancing,otherCashflowFromFinancing,changeInOperatingActivities,netIncome_y,changeInCash,operatingCashflow,otherOperatingCashflow,depreciation,dividendPayout,stockSaleAndPurchase,changeInInventory,changeInAccountReceivables,changeInNetIncome,capitalExpenditures,changeInReceivables,changeInExchangeRate,changeInCashAndCashEquivalents,clossingVal,nextClossingVal
0,2020-06-30,USD,110639000,112392000,47623000,63016000,3333000,-3003000,18391000,None,-3457000,None,41292000,None,-1753000,None,None,-454000,None,None,None,None,None,-454000,-1704000,None,-3003000,-3003000,None,USD,793137000,None,None,28328000,400803000,392334000,None,None,48000,-180612000,50135000,None,31803000,205041000,149998000,None,None,-48675000,91867000,309643000,None,32510000,None,69970000,180000000,None,13422000,None,None,None,None,None,None,None,31803000,None,483494000,20670000,None,27520000,250805000,None,None,None,None,None,None,None,None,USD,None,None,None,None,None,None,None,None,-3003000,None,None,None,None,None,None,None,None,None,0,None,None,None,50.77,
1,2020-03-31,USD,111715000,64225000,47929000,63786000,-1409000,-7468000,18000000,None,-1409000,None,41104000,-970000,-439000,5121000,833000,6059000,142000,-691000,None,None,None,6059000,-279000,None,-7468000,-7468000,None,USD,780572000,155331000,None,390870000,397677000,382895000,9251000,86236000,48000,-177609000,47666000,205206000,27869000,179653000,146549000,None,None,-50351000,69832000,297481000,None,382895000,9224000,107040000,180000000,None,60313000,None,None,48000,None,-177609000,-143333000,None,23953000,None,93785000,19991000,180000000,61877000,251128000,None,None,None,754140000,780572000,188877000,None,41914000,USD,997000,-2007000,-12119000,-1717000,80000000,77145000,None,-4065000,-7468000,93067000,28041000,22053000,12372000,None,-2855000,None,-11880000,14971000,13116000,-11880000,None,93067000,36.65,50.77
2,2019-12-31,USD,111691000,65241000,47039000,64652000,-1171000,2609000,18279000,None,-1171000,None,41749000,-582000,-589000,5213000,727000,-3780000,168000,-559000,None,None,None,-3780000,-23000,None,2609000,2609000,None,USD,694931000,161695000,None,399982000,298997000,395934000,7420000,65166000,48000,-170141000,44578000,208836000,30848000,89292000,132320000,282000,282000,-37631000,71616000,196842000,800000,395934000,10153000,99594000,100000000,None,67154000,None,None,48000,None,-170141000,-140701000,None,24294000,None,95910000,20988000,100000000,59257000,166677000,None,None,None,744359000,694931000,99445000,None,41697000,USD,-53000,3379000,-15004000,-2714000,-10183000,-14509000,None,6035000,2609000,-5537000,23976000,1504000,11860000,None,-4326000,None,-1207000,5831000,14951000,-1207000,None,-3567000,53.6,36.65
3,2019-09-30,USD,108176000,62332000,46495000,61681000,-1364000,-1367000,18349000,None,-1364000,None,39033000,-713000,-651000,4950000,750000,3000,223000,-527000,None,None,None,3000,-186000,None,-1367000,-1367000,None,USD,679396000,160749000,None,398188000,304460000,374936000,8652000,63213000,47000,-172750000,47551000,204396000,27290000,91820000,123187000,233000,233000,-49972000,60528000,200409000,800000,374936000,10137000,93499000,110000000,None,59974000,None,None,47000,None,-172750000,-135701000,None,25224000,None,85752000,21993000,110000000,62621000,181273000,None,None,None,733312000,679396000,101957000,None,41532000,USD,-2661000,2462000,-14110000,-2661000,-182000,-8013000,None,-2945000,-1367000,-4011000,18112000,-16162000,11117000,None,-7831000,None,11025000,11037000,11449000,11025000,-1970000,-5981000,39.35,53.6
4,2019-06-30,USD,108241000,60372000,46895000,61346000,10906000,3557000,17097000,None,7123000,None,37748000,9932000,974000,5527000,3783000,3566000,-607000,None,None,None,None,3566000,9262000,None,3557000,3557000,None,USD,669229000,168349000,None,30434000,289852000,379377000,27407000,75097000,47000,-171420000,52978000,206101000,26477000,97801000,125626000,37000,37000,-43593000,54541000,213061000,700000,4927000,7541000,77285000,110000000,None,50529000,None,None,47000,None,-171420000,-127095000,None,27177000,None,456168000,None,110000000,26819000,164226000,None,None,None,721438000,669229000,105342000,None,41315000,USD,9551000,4331000,-1094000,-23287000,-184000,-116000,-597000,2063000,3557000,14052000,15262000,-9082000,11745000,None,68000,None,-783000,5494000,12642000,-783000,-31000,14021000,44.24,39.35
5,2019-03-31,USD,106438000,60457000,45713000,60725000,-427000,824000,16887000,None,-427000,None,38340000,-695000,268000,5230000,-903000,-1251000,-729000,None,None,None,None,-1251000,-695000,None,824000,824000,None,USD,659938000,168819000,None,405097000,285605000,374333000,None,98804000,47000,-174977000,47388000,204167000,31610000,83780000,128174000,110000000,None,-35200000,54696000,200646000,4849000,374333000,8515000,107850000,110000000,None,76801000,None,None,47000,None,-174977000,-127095000,None,31610000,None,54696000,None,110000000,20398000,157431000,None,None,None,711558000,659938000,92295000,None,41046000,USD,-41250000,2856000,-41250000,-12553000,-369000,1747000,-597000,3000,824000,-9737000,29766000,19555000,10876000,None,2116000,None,-12347000,8002000,28697000,-12347000,496000,-9241000,50.09,44.24
6,2018-12-31,USD,104846000,56557000,44981000,59865000,2450000,5969000,16815000,None,2450000,None,34489000,-858000,3308000,5253000,-934000,None,None,None,None,None,None,-3519000,-1112000,None,5969000,5969000,None,USD,617704000,160136000,None,30205000,256859000,360845000,7457000,58496000,46000,-175801000,43777000,200786000,27984000,93021000,103082000,None,None,-35704000,28876000,194605000,5317000,-77000,8477000,62902000,110000000,None,44586000,None,None,46000,None,-175801000,-128216000,None,33301000,None,423099000,None,110000000,36320000,153777000,None,None,None,700520000,617704000,101498000,None,40738000,USD,1577000,9487000,-6873000,200000,-369000,22000,-597000,-395000,5969000,14416000,21267000,-14367000,10766000,None,22000,None,3588000,5720000,8650000,3588000,-977000,13439000,48.0,50.09
7,2018-09-30,USD,102437000,58778000,45130000,57307000,-2252000,-918000,16565000,None,-2252000,None,36887000,-781000,-1471000,5326000,-1121000,None,None,None,None,None,None,-1334000,-781000,None,-918000,-918000,None,USD,615157000,165459000,None,30624000,265893000,349264000,28460000,63079000,46000,-181770000,48131000,202269000,24662000,79582000,107762000,None,None,-31721000,28777000,187284000,6706000,-18464000,10011000,67067000,110000000,0,44683000,0,0,46000,0,-181770000,-128216000,None,31368000,None,427873000,None,110000000,19671000,158131000,None,None,None,690925000,615157000,89593000,None,40406000,USD,272000,-11459000,-17001000,-8895000,-40780000,-39066000,-601000,-5605000,-918000,-44085000,11982000,-2986000,11137000,0,1714000,0,5239000,11073000,8378000,5239000,-946000,-45031000,72.71,48.0
8,2018-06-30,USD,106469000,57905000,45835000,60634000,18481000,11483000,15472000,0,7311000,0,37065000,15752000,2729000,5368000,11170000,None,None,None,0,0,0,-4172000,2413000,0,11483000,11483000,None,USD,635968000,161785000,None,19781000,325036000,310932000,31738000,75356000,45000,-207115000,51682000,200024000,9970000,124613000,123354000,150000000,150000000,-30633000,28895000,228711000,6583000,-50877000,10012000,74305000,150000000,0,47998000,0,0,45000,0,-207115000,-129914000,None,16553000,None,407257000,None,150000000,19944000,201682000,None,None,None,678549000,635968000,134625000,None,39028000,USD,4462000,-2465000,-2049000,200000,-187000,-37000,-2000,-325000,11483000,33128000,35214000,-3273000,10803000,0,150000,0,13355000,5311000,6511000,13355000,-3369000,29759000,49.83,72.71
9,2018-03-31,USD,101136000,55122000,45716000,55420000,-995000,-1002000,14131000,0,-995000,0,35173000,-1293000,298000,5818000,-1467000,None,None,None,0,0,0,7000,-1293000,0,-1002000,-1002000,None,USD,635170000,169854000,None,17887000,337382000,297788000,37312000,80611000,44000,-218598000,59807000,205362000,6516000,95008000,127575000,150000000,150000000,-23075000,27682000,212726000,13030000,-77428000,10025000,89806000,150000000,0,46964000,0,0,44000,0,-218598000,-129914000,None,19546000,None,422444000,None,150000000,22495000,209807000,None,None,None,669331000,635170000,105033000,None,38510000,USD,4462000,24279000,-5728000,200000,-190000,1462000,-2000,5460000,-1002000,26860000,31126000,-228000,10994000,0,1652000,0,-10704000,7787000,5728000,-10704000,1190000,28050000,38.75,49.83
10,2017-12-31,USD,95195000,51971000,41099000,54096000,-1407000,3088000,13892000,0,-1407000,0,32377000,-3532000,2125000,5702000,3668000,None,None,None,0,0,0,-4495000,-3532000,0,3088000,3088000,None,USD,594771000,173266000,None,18556000,312821000,281950000,38624000,59835000,44000,-217596000,47374000,202083000,393407000,67532000,101995000,165000,165000,-29671000,27199000,174165000,11982000,-93399000,10004000,78073000,150000000,0,42160000,0,0,44000,0,-217596000,-131528000,None,18058000,None,420606000,None,150000000,22202000,210826000,None,None,None,660701000,594771000,77536000,None,38197000,USD,-9935000,-865000,-28548000,-13191000,-39935000,-39766000,-2000,1172000,3088000,-64380000,3934000,1202000,13146000,0,169000,0,-16062000,3425000,5422000,-16062000,168000,-64212000,34.68,38.75
11,2017-09-30,USD,91296000,50137000,40480000,50816000,-3784000,-4241000,13815000,0,-3784000,0,31134000,-4463000,679000,5188000,4589000,None,None,None,0,0,0,457000,0,0,-4241000,-4241000,None,USD,617558000,168073000,None,19362000,348357000,269201000,37960000,62123000,43000,-220684000,44644000,196975000,382222000,128263000,287875000,187281000,187615000,-31083000,26138000,209198000,None,-95847000,68000,61505000,0,0,38471000,0,0,43000,0,-220684000,-111565000,None,17174000,None,408360000,None,None,22522000,60482000,None,None,None,632490000,617558000,128331000,None,37915000,USD,1903000,-14352000,-2358000,-546000,-2019000,-483000,-2000,-3964000,-4241000,2913000,5754000,-1365000,13567000,0,1536000,0,3736000,8409000,3715000,3736000,781000,3694000,31.83,34.68
12,2017-06-30,USD,93501000,51275000,44503000,48998000,10292000,-5659000,13928000,0,-6767000,0,31482000,12569000,-2277000,5865000,17059000,None,None,None,0,-30116000,0,-1108000,-26015000,0,-5659000,-5659000,None,USD,617439000,142168000,None,16807000,355483000,261956000,37480000,74113000,43000,-216692000,44063000,194700000,354539000,124569000,295987000,183682000,183682000,-32325000,55307000,207593000,7400000,-74912000,1973000,64244000,0,0,38192000,0,0,43000,0,-216692000,-113071000,None,17671000,None,409846000,None,None,22016000,59496000,None,None,None,624001000,617439000,126542000,None,37443000,USD,15154000,-1749000,7277000,0,-42331000,-24734000,7000,5784000,-5659000,-2319000,15138000,1281000,16171000,0,-24741000,0,-2447000,6044000,7877000,-950000,3098000,779000,25.69,31.83
13,2017-03-31,USD,86099000,48902000,39574000,46525000,-6856000,-6624000,13057000,0,-6856000,0,29839000,-4479000,-2377000,6006000,4408000,None,None,None,0,67761000,0,-232000,0,0,-6624000,-6624000,None,USD,629036000,145795000,None,17678000,355992000,273044000,35803000,77384000,42000,-211033000,47981000,190436000,354176000,123790000,293003000,180141000,180141000,-43955000,53909000,220951000,None,-63187000,17150000,62333000,0,0,35478000,0,0,42000,0,-211033000,-88129000,None,17945000,None,408085000,None,None,27186000,62989000,None,None,None,616119000,629036000,140940000,None,38135000,USD,-1571000,19079000,-6522000,0,-26000,1374000,38000,-601000,-6624000,23175000,28323000,-601000,14318000,0,1362000,0,1497000,6167000,4951000,-4016000,1003000,24178000,23.65,25.69
14,2016-12-31,USD,86728000,57798000,39572000,47156000,-14824000,-10346000,13082000,0,-14824000,0,31097000,-4182000,-10642000,6090000,4143000,None,None,None,0,7529000,0,-4478000,0,0,-10346000,-10346000,None,USD,601479000,150553000,None,16818000,333220000,268259000,37104000,59092000,42000,-204409000,47809000,188983000,357743000,99612000,269504000,176657000,176657000,-46608000,53665000,190071000,None,-71277000,15609000,58032000,176700000,0,33755000,0,0,42000,0,-204409000,-89483000,None,18207000,None,411408000,None,176700000,26612000,240416000,None,None,None,608717000,601479000,115221000,None,37817000,USD,13464000,-191000,8028000,0,-2137000,-13252000,24000,489000,-10346000,3793000,9017000,489000,13755000,0,-11139000,0,2519000,11629000,5436000,-6319000,-2887000,906000,25.02,23.65
15,2016-09-30,USD,83084000,50799000,38177000,44907000,-9827000,-10508000,12935000,0,-9827000,0,31579000,-3935000,-5892000,6285000,4040000,None,None,None,0,7529000,0,681000,0,0,-10508000,-10508000,None,USD,628433000,158981000,None,17130000,340686000,287747000,40507000,63616000,42000,-194063000,46941000,201489000,377008000,98706000,99240000,176657000,176657000,-38767000,53718000,197707000,None,-72723000,29182000,52689000,173229000,0,35624000,0,0,42000,0,-194063000,-79487000,None,16538000,None,430726000,None,173229000,27710000,241446000,None,None,None,600022000,628433000,127888000,None,37926000,USD,5881000,-10162000,-4028000,0,None,-2380000,40000,-925000,-10508000,2089000,8497000,-925000,13835000,0,-2420000,0,8838000,7419000,9909000,8838000,-557000,1532000,23.31,25.02
16,2016-06-30,USD,88112000,52157000,38439000,49673000,-6160000,-5926000,12396000,0,-6387000,0,32503000,-3676000,-2484000,7258000,15539000,None,None,None,0,0,0,-461000,-15312000,0,-5926000,-5926000,None,USD,652887000,164930000,None,16141000,358100000,294787000,47233000,74332000,42000,-183555000,46357000,202028000,385317000,97174000,112062000,169857000,169857000,-37668000,51029000,216541000,7700000,-72171000,35209000,68017000,171534000,0,37730000,0,0,42000,0,-183555000,-75832000,None,18359000,None,436346000,None,171534000,27271000,246038000,None,None,None,591800000,652887000,132383000,None,37770000,USD,-1889000,1644000,-9329000,-499000,-42331000,-19627000,131000,-5624000,-5926000,-14465000,14491000,-917000,14389000,0,-19758000,0,-543000,7467000,6941000,-2166000,-3794000,-18259000,21.53,23.31
17,2016-03-31,USD,86233000,49369000,37219000,49014000,-4237000,-4230000,11934000,0,-4237000,0,30209000,-3882000,-355000,7226000,3906000,None,None,None,0,7529000,0,-7000,0,0,-4230000,-4230000,None,USD,678560000,162751000,None,15607000,349851000,328709000,51915000,74775000,41000,-177629000,39885000,207613000,389059000,115433000,110025000,176657000,176657000,-22146000,58156000,231345000,None,-41655000,33387000,66918000,168512000,0,35250000,0,0,41000,0,-177629000,-55807000,None,18695000,None,447215000,None,168512000,19399000,239826000,None,None,None,584250000,678560000,148820000,None,38273000,USD,-9624000,13168000,-18109000,-500000,None,1628000,58000,-4217000,-4230000,8908000,25389000,-4217000,14038000,0,1570000,0,1623000,6125000,7985000,505000,506000,9414000,30.49,21.53
18,2015-12-31,USD,86048000,50682000,36107000,49941000,-4597000,-5239000,11765000,0,-4597000,0,31702000,-3856000,-741000,7215000,3874000,None,None,None,0,0,0,642000,0,0,-5239000,-5239000,None,USD,655958000,168478000,None,13679000,334056000,321902000,51288000,63011000,41000,-173399000,38367000,206837000,391526000,106019000,98046000,None,None,-23928000,53507000,210925000,None,-53413000,23775000,67452000,165542000,0,35035000,0,0,41000,0,-173399000,-57002000,None,16211000,None,445033000,None,165542000,19180000,236010000,None,None,None,576190000,655958000,129794000,None,37898000,USD,236000,3687000,-11491000,-4766000,None,-2279000,49000,None,-5239000,2581000,16351000,-467000,13751000,0,-2328000,0,1118000,6891000,6961000,-2272000,-699000,1882000,29.73,30.49
19,2015-09-30,USD,82881000,47517000,35335000,47546000,-3642000,-4253000,11260000,0,-3642000,0,28978000,-3671000,29000,7279000,3835000,None,None,None,0,0,0,611000,0,0,-4253000,-4253000,None,USD,656409000,175847000,None,14234000,330905000,325504000,52330000,62527000,41000,-168160000,37455000,209714000,397371000,104137000,96621000,None,None,-19972000,50008000,209030000,None,-60057000,24159000,66500000,162626000,0,34094000,0,0,41000,0,-168160000,-54418000,None,11810000,None,447379000,None,162626000,19328000,234284000,None,None,None,568013000,656409000,128296000,None,37715000,USD,-1000000,-7583000,-6830000,0,None,-19892000,27000,None,-4253000,-15796000,10926000,-1260000,13585000,0,-19919000,0,3390000,7047000,5830000,3390000,-1230000,-17026000,25.01,29.73
