,fiscalDateEnding,reportedCurrency_x,totalRevenue,totalOperatingExpense,costOfRevenue,grossProfit,ebit,netIncome_x,researchAndDevelopment,effectOfAccountingCharges,incomeBeforeTax,minorityInterest,sellingGeneralAdministrative,otherNonOperatingIncome,operatingIncome,otherOperatingExpense,interestExpense,taxProvision,interestIncome,netInterestIncome,extraordinaryItems,nonRecurring,otherItems,incomeTaxExpense,totalOtherIncomeExpense,discontinuedOperations,netIncomeFromContinuingOperations,netIncomeApplicableToCommonShares,preferredStockAndOtherAdjustments,reportedCurrency_y,totalAssets,intangibleAssets,earningAssets,otherCurrentAssets,totalLiabilities,totalShareholderEquity,deferredLongTermLiabilities,otherCurrentLiabilities,commonStock,retainedEarnings,otherLiabilities,goodwill,otherAssets,cash,totalCurrentLiabilities,shortTermDebt,currentLongTermDebt,otherShareholderEquity,propertyPlantEquipment,totalCurrentAssets,longTermInvestments,netTangibleAssets,shortTermInvestments,netReceivables,longTermDebt,inventory,accountsPayable,totalPermanentEquity,additionalPaidInCapital,commonStockTotalEquity,preferredStockTotalEquity,retainedEarningsTotalEquity,treasuryStock,accumulatedAmortization,otherNonCurrrentAssets,deferredLongTermAssetCharges,totalNonCurrentAssets,capitalLeaseObligations,totalLongTermDebt,otherNonCurrentLiabilities,totalNonCurrentLiabilities,negativeGoodwill,warrants,preferredStockRedeemable,capitalSurplus,liabilitiesAndShareholderEquity,cashAndShortTermInvestments,accumulatedDepreciation,commonStockSharesOutstanding,reportedCurrency,investments,changeInLiabilities,cashflowFromInvestment,otherCashflowFromInvestment,netBorrowings,cashflowFromFinancing,otherCashflowFromFinancing,changeInOperatingActivities,netIncome_y,changeInCash,operatingCashflow,otherOperatingCashflow,depreciation,dividendPayout,stockSaleAndPurchase,changeInInventory,changeInAccountReceivables,changeInNetIncome,capitalExpenditures,changeInReceivables,changeInExchangeRate,changeInCashAndCashEquivalents,clossingVal,nextClossingVal
0,2020-06-30,SEK,55578000000.0,51617000000.0,34661000000.0,20917000000.0,6117000000.0,2452000000.0,10035000000.0,None,4143000000.0,-533000000.0,7052000000.0,None,3961000000.0,-131000000.0,152000000.0,1558000000,292000000,292000000,None,None,None,1558000000.0,-110000000.0,None,2585000000.0,2452000000.0,None,SEK,276778000000.0,6267000000.0,None,None,198306000000.0,79005000000.0,4078000000,34834000000.0,79005000000,None,43822000000.0,31130000000.0,36713000000.0,45655000000.0,124503000000.0,None,15290000000,79005000000,22247000000.0,151643000000,34409000000,45686000000,6740000000.0,38325000000,22581000000.0,31917000000.0,32182000000.0,None,None,None,None,None,None,None,None,None,125135000000,9702000000,29981000000,1813000000,73803000000,None,None,None,None,None,51394000000,None,None,SEK,-499000000,3104000000,-499000000,-126000000,-618000000,-4558000000,-1451000000.0,-1990000000,2452000000.0,-2692000000,5449000000,None,2156000000,-2489000000.0,None,-1253000000,0.0,980000000,1538000000.0,None,None,None,9.3,
1,2020-03-31,SEK,49750000000.0,45256000000.0,29962000000.0,19788000000.0,6614000000.0,2156000000.0,9145000000.0,0,3404000000.0,-728000000.0,6238000000.0,0,4494000000.0,-89000000.0,28000000.0,1124000000,-902000000,-902000000,0,0,0,1124000000.0,-188000000.0,0,2280000000.0,2156000000.0,0,SEK,292307000000.0,6800000000.0,None,0,213194000000.0,79841000000.0,4217000000,40521000000.0,79841000000,0,48970000000.0,33082000000.0,37671000000.0,48347000000.0,133138000000.0,0,17759000000,79841000000,22833000000.0,162093000000,35888000000,44176000000,8947000000.0,42572000000,23381000000.0,32588000000.0,29840000000.0,0,0,0,0,0,0,0,130214000000,0,130214000000,10101000000,31086000000,2178000000,80056000000,0,0,0,0,0,56181000000,0,3317000000,SEK,-5031000000,1811000000,-5031000000,-42000000,-596000000,1431000000,2036000000.0,-7274000000,2156000000.0,3268000000,4302000000,0,2120000000,-9000000.0,0,-538000000,5559000000.0,468000000,1375000000.0,0,0,0,8.09,9.3
2,2019-12-31,SEK,66373000000.0,60850000000.0,41939000000.0,24434000000.0,8678000000.0,4430000000.0,10633000000.0,0,6054000000.0,-681000000.0,8222000000.0,0,5523000000.0,56000000.0,37000000.0,1570000000,-71000000,493000000,0,0,0,1570000000.0,38000000.0,0,4484000000.0,4430000000.0,0,SEK,276383000000.0,6531000000.0,None,1,194505000000.0,82559000000.0,4040000000,6008000000.0,16672000000,38864000000,41834000000.0,31200000000.0,37476000000.0,45079000000.0,116819000000.0,0,9439000000,2292000000,22337000000.0,153914000000,31227000000,48868000000,8253000000.0,43069000000,28257000000.0,30863000000.0,30403000000.0,0,0,0,0,0,0,0,122469000000,0,122469000000,9882000000,35852000000,2114000000,77686000000,0,0,0,0,0,51838000000,0,3306000000,SEK,-4772000000,-3725000000,-4772000000,-74000000,-336000000,108000000,247000000.0,-5716000000,4430000000.0,-6104000000,496000000,0,1800000000,-15000000.0,0,5200000000,-3216000000.0,1723000000,1804000000.0,0,0,0,8.78,8.09
3,2019-09-30,SEK,57127000000.0,61309000000.0,35587000000.0,21540000000.0,-1983000000.0,-6229000000.0,9497000000.0,0,-4881000000.0,-725000000.0,4920000000.0,0,-4182000000.0,-195000000.0,214000000.0,2013000000,-685000000,-685000000,0,0,0,2013000000.0,-14000000.0,0,-6894000000.0,-6229000000.0,0,SEK,288531000000.0,6433000000.0,None,0,211056000000.0,78200000000.0,4024000000,34624000000.0,78200000000,0,42673000000.0,32565000000.0,37337000000.0,51183000000.0,123342000000.0,0,1622000000,78200000000,22016000000.0,165633000000,31066000000,43226000000,7200000000.0,41228000000,37153000000.0,36056000000.0,30672000000.0,0,0,0,0,0,0,0,122898000000,0,122898000000,10114000000,45041000000,2163000000,87714000000,0,0,0,0,0,57049000000,0,3326000000,SEK,-3058000000,-6901000000,-3058000000,-56000000,-1052000000,203000000,1396000000.0,10605000000,-6229000000.0,5684000000,6989000000,0,2199000000,-141000000.0,0,1077000000,6528000000.0,-290000000,1544000000.0,0,0,0,7.98,8.78
4,2019-06-30,SEK,54810000000.0,51155000000.0,34739000000.0,20071000000.0,5929000000.0,1705000000.0,9518000000.0,0,3298000000.0,45000000.0,6964000000.0,0,3655000000.0,-66000000.0,67000000.0,1451000000,-441000000,-441000000,0,0,0,1451000000.0,84000000.0,0,1847000000.0,1705000000.0,0,SEK,280447000000.0,6438000000.0,None,0,195914000000.0,84488000000.0,3971000000,33351000000.0,84488000000,0,39903000000.0,30964000000.0,29169000000.0,45498000000.0,115272000000.0,0,2160000000,84488000000,21419000000.0,163806000000,28651000000,51057000000,7476000000.0,44956000000,33040000000.0,36135000000.0,31388000000.0,0,0,0,0,0,0,0,116641000000,0,116641000000,10096000000,40739000000,2160000000,80642000000,0,0,0,0,0,51865000000,0,3325000000,SEK,1021000000,192000000,4289000000,7604000000,-623000000,-4611000000,-1690000000.0,-1794000000,1705000000.0,46000000,3623000000,0,2274000000,-3308000000.0,0,-3065000000,3338000000.0,973000000,1544000000.0,0,0,0,9.5,7.98
5,2019-03-31,SEK,48906000000.0,44552000000.0,30127000000.0,18779000000.0,7260000000.0,2317000000.0,9167000000.0,0,4291000000.0,-1009692.98,6031000000.0,0,4354000000.0,313352.99,643000000.0,1888000000,38000000,-605000000,0,0,0,21911498.23,542000000.0,0,2403000000.0,26890329.14,0,SEK,283958000000.0,6653000000.0,None,0,199426000000.0,84619000000.0,46086101.42,38528000000.0,982059888.29,0,421216057.69,30870000000.0,413068879.85,45453000000.0,122129000000.0,0,3015000000,1535.14,251007353.71,160912000000,34206000000,592666567.97,5138000000.0,50529000000,32533000000.0,33024000000.0,30842000000.0,0,0,0,0,0,0,0,123046000000,0,123046000000,10246000000,743.87,2118000000,77297000000,0,0,0,0,0,882.34,0,3300000000,SEK,3268000000,98450868.39,37927317.92,-1914934.96,-7009822.53,-2600000000,-11721723.1,-111333158.14,2317000000.0,7064000000,5765000000,0,2326000000,-986000000.0,0,-2951000000,4345000000.0,9725548.48,1771000000.0,0,0,0,9.18,9.5
6,2018-12-31,USD,10383493.33,9839494.55,7058477.75,3325015.58,543998.78,-1066354.77,1645828.2,0,-417722.07,128880.36,1229407.95,0,543998.78,-31406.45,-72088.38,None,None,None,0,0,0,639519.96,-961720.85,0,-1057242.02,-1066354.77,0,USD,43734865.79,565316.11,None,109353.03,29452253.47,14153731.97,689477.37,7415014.19,2712996.61,7416316.01,6380065.87,4887527.19,4648968.34,6246954.59,18048782.76,0,59721.07,125315727.45,2090888.52,26226339.07,5315826.56,8700888.67,1078071.17,13689469.77,5023404.84,4760599.56,4862792.57,0,0,0,0,0,0,0,0,0,0,0,44476724.07,0,0,0,0,0,0,0,64855045.59,0,3291000000,USD,-195436,805502.23,-358651.90,-15621.86,-136203.10,-91615.71,27175.53,1708641.10,-1066354.77,379318.32,697613.75,0,120743.97,-21805.52,0,274847.13,-1223875.21,827145.02,173955.94,0,0,0,8.87,9.18
7,2018-09-30,USD,6015180477.77,5591401455.45,3798025867.18,2217154610.6,423779022.32,306851336.4,1025520641.2,0,290866002.66,96806286.82,725600008.94,0,423779022.32,-3465352.07,-46279217.95,None,None,None,0,0,0,-16320690.39,-132913019.66,0,307186693.05,306851336.4,0,USD,29606179505.24,390466928.24,None,0,18880020568.54,10629352649.88,549761337.85,8015694691.3,10629352649.88,0,3870574689.52,3411024291.0,3392244318.5,4030763383.53,11523189912.47,0,275327811.13,0,1431972903.18,17463138714.69,3517332349.62,6827861430.63,736778564.0,9271046424.54,3486255966.55,3424550342.62,3232167410.04,0,0,0,0,0,0,0,0,0,0,0,0,0,0,0,0,0,0,0,0,0,3293000000,USD,3353566.52,81938808.59,-192494718.13,-21239254.61,-93564505.85,28169958.75,28393529.85,409917614.05,306851336.4,-110891266.19,228042523.22,0,135819443.98,-223571.1,0,-198195781.21,-391584783.75,-192494718.13,121622679.05,0,0,0,8.8,8.87
8,2018-06-30,USD,5555518376.0,5330321789.08,3517706764.82,2037811611.18,225196586.92,-210250404.33,1035190452.29,0,-71942446.04,97150186.83,737493725.95,None,225196586.92,-1226925.44,-87557860.69,None,None,None,0,0,0,129050248.17,-297139032.96,0,-200992694.22,-210250404.33,None,USD,29593664603.2,433104679.05,None,0,19158106073.28,10338408343.09,608778093.80,8189169594.56,10338408343.09,0,4016061569.35,3362333389.1,3390552674.14,4132396408.45,11669733980.26,294685182.09,294685182.09,0,1438179688.81,17561876080.53,3407618091.57,6542970274.94,926217165.8,9151525291.39,3472310523.67,3351737214.88,3185879203.61,0,0,0,0,0,0,None,None,None,None,None,None,None,None,None,None,None,None,None,None,None,3290000000,USD,407785399.59,113657910.88,178796497.69,-44392393.06,-93357871.84,-409570018.40,-42719312.92,103842507.39,-210250404.33,39373152.64,160838770.84,None,159500306.73,-366850705.48,0,-213038871.23,185265740.9,-48965478.78,106073280.91,None,None,None,7.67,8.8
9,2018-03-31,USD,5191523000.0,42554000000.0,3099653000.0,15601000000.0,857000000.0,-837000000.0,1085040000.0,0,-853000000.0,13394000.0,1773281000.0,None,92444000.0,-84000000.0,56088000.0,None,None,None,0,0,0,-128000000.0,-1710000000.0,0,-725000000.0,-837000000.0,None,USD,31174853000.0,4407970000.0,None,2867769000,19997250000.0,11086356000.0,4229000000,8935051000.0,92703000000,None,3711477000.0,3441443000.0,11570815000.0,4388595000.0,12403999000.0,2554000000,2554000000,None,1544147000.0,151015000000,34228000000,60073000000,652125000.0,79856000000,3723317000.0,3469188000.0,3163515000.0,None,None,None,None,None,None,None,None,None,None,None,None,None,None,None,None,None,None,None,None,None,3286000000,USD,-534000000,159000000,-1809000000,161000000,None,-94000000,-94000000.0,-2084000000,-837000000.0,813000000,188115000,None,1275000000,-3289000000.0,None,-2813000000,922757000.0,-2059000000,102369000.0,None,None,None,6.4,7.67
10,2017-12-31,USD,7038867000.0,214210000000.0,3300781000.0,62039000000.0,-3119000000.0,-19247000000.0,1207789000.0,0,-20417000000.0,623012000.0,2240349000.0,None,1115513000.0,-1104000000.0,-674000000.0,None,None,None,0,0,0,-1195000000.0,-17298000000.0,0,-19222000000.0,-19247000000.0,None,USD,31877845000.0,4472667000.0,None,500539000,19621201000.0,12178828000.0,4593000000,8407968000.0,2039838000,7113126000,3839499000.0,3403196000.0,11362380000.0,4390447000.0,11939754000.0,326000000,326000000,None,1573068000.0,153423000000,27008000000,64972000000,821343000.0,85279000000,3731710000.0,3053883000.0,3220403000.0,None,None,None,None,None,None,None,None,None,None,None,None,None,None,None,None,None,None,None,None,None,3277000000,USD,-11578000000,295233000,-16070000000,-463000000,8586000000,670239000,26673000.0,5553000000,-32576000000.0,-1082000000,1174693000,None,9966000000,-418930000.0,None,488793000,266481000.0,4575000000,474355000.0,None,None,None,6.68,6.4
11,2017-09-30,USD,6468030000.0,62124000000.0,4096861000.0,-7934000000.0,-25038000000.0,-34113000000.0,1362561000.0,0,-39911000000.0,12988000.0,2022024000.0,None,-10169458000.0,192000000.0,-688000000.0,None,None,None,0,0,0,-5986000000.0,-14873000000.0,0,-33925000000.0,-34113000000.0,None,USD,32774902000.0,6170497000.0,None,3094385000,18586793000.0,14112684000.0,5337000000,7626751000.0,115072000000,None,4050504000.0,4930216000.0,12370674000.0,3214453000.0,10884618000.0,31043000000,31043000000,None,1702764000.0,152488000000,29287000000,70096000000,800363000.0,86994000000,3438764000.0,4017513000.0,2889450000.0,None,None,None,None,None,None,None,None,None,None,None,None,None,None,None,None,None,None,None,None,None,3279000000,USD,3756000000,-819000000,3316000000,42000000,None,417719000,837523000.0,1016000000,-4452000000.0,4764000000,-18000000,None,3272000000,-419804000.0,None,582000000,580466000.0,-1615000000,339964000.0,None,None,None,5.75,6.68
12,2017-06-30,USD,6271183000.0,-111370000000.0,4073298000.0,-8834000000.0,22202000000.0,31681000000.0,1050493000.0,0,37141000000.0,1934000.0,1879477000.0,None,22458000.0,184000000.0,869000000.0,None,None,None,0,0,0,5572000000.0,14939000000.0,0,31569000000.0,31681000000.0,None,USD,32574763000.0,6242062000.0,None,3168365000,17911848000.0,14578791000.0,6085000000,7460072000.0,123045000000,None,3675355000.0,4900948000.0,11951540000.0,2540995000.0,10807820000.0,30330000000,30330000000,None,1928436000.0,157784000000,28437000000,76447000000,1274171000.0,91390000000,3210900000.0,4051422000.0,2965047000.0,None,None,None,None,None,None,None,None,None,None,None,None,None,None,None,None,None,None,None,None,None,3275000000,USD,-676000000,79028000,-2005000000,-42000000,None,235545000,623934000.0,1489000000,-1010000000.0,-11508000000,1000000,None,1507000000,-388389000.0,None,-1146000000,373578000.0,-2020000000,240877000.0,None,None,None,7.17,5.75
13,2017-03-31,USD,5350144000.0,53680000000.0,3739381000.0,7898000000.0,-7311000000.0,-10897000000.0,1014673000.0,0,-12771000000.0,4701000.0,2086873000.0,None,-7311000000.0,-141000000.0,-350000000.0,None,None,None,0,0,0,-1916000000.0,-5460000000.0,0,-10855000000.0,-10897000000.0,None,USD,32704004000.0,6197160000.0,None,2856775000,18507874000.0,14113756000.0,6460000000,7721072000.0,126105000000,None,3507594000.0,4817290000.0,11307122000.0,3688234000.0,11675005000.0,37337000000,37337000000,None,1862920000.0,174534000000,25494000000,77194000000,1516301000.0,94094000000,3113969000.0,3798364000.0,2889120000.0,None,None,None,None,None,None,None,None,None,None,None,None,None,None,None,None,None,None,None,None,None,3313000000,USD,-11886000000,70062000,-13584000000,110000000,None,1219711000,1220159000.0,8270000000,-10897000000.0,-4012000000,-1541000000,None,2135000000,-448000.0,None,-3585000000,174932000.0,-487000000,113599000.0,None,None,None,6.64,7.17
14,2016-12-31,USD,6155483000.0,158659000000.0,4130985000.0,54834000000.0,12873000000.0,1949000000.0,830695000.0,0,4026000000.0,668932000.0,1402406000.0,None,377110000.0,-1267000000.0,72713000.0,None,None,None,0,0,0,60057000.0,-10676000000.0,0,1895000000.0,1716000000.0,None,USD,31204586000.0,6520709000.0,None,770128000,15732410000.0,15397839000.0,8076000000,6763433000.0,1834411000,10839840000,3005408000.0,4778145000.0,10004295000.0,4071011000.0,10436329000.0,5363000000,5363000000,None,1842891000.0,175771000000,13982000000,88683000000,1467463000.0,88180000000,2054227000.0,3337665000.0,2788233000.0,None,None,None,None,None,None,None,None,None,None,None,None,None,None,None,None,None,None,None,None,None,3263000000,USD,5632000000,305607000,-8283000000,-3004000000,455000000,-11742000000,-244000000.0,-2092000000,1716000000.0,-3258000000,1542901000,None,7071000000,-1327930000.0,131000000,-613000000,548770000.0,-2595000000,674978000.0,None,None,None,5.83,6.64
15,2016-09-30,USD,5856244000.0,-589000000.0,3874737000.0,-2950000000.0,-2443000000.0,-408032000.0,902033000.0,0,-245200000.0,6068000.0,1533414000.0,None,182886000.0,0.0,42279000.0,None,None,None,0,0,0,-149464000.0,0.0,0,0.0,-175032000.0,None,USD,32162704000.0,6706132000.0,None,3196463000,16530107000.0,15530644000.0,7437000000,6529058000.0,133138000000,98429000000,4054779000.0,4896530000.0,9758999000.0,2846394000.0,10103236000.0,27290000000,27290000000,None,1992628000.0,174976000000,6799000000,None,2177052000.0,97772000000,2132725000.0,3982456000.0,2523505000.0,None,None,None,None,None,None,None,None,None,None,None,None,None,None,None,None,None,None,None,None,None,3264000000,USD,None,None,-2040000000,297577000,None,-1458000000,181975000.0,-1800000000,-233000000.0,-4530000000,-2317000000,None,1797000000,-1430488000.0,None,980000000,160512000.0,None,516763000.0,None,None,None,7.21,5.83
16,2016-06-30,USD,6055182000.0,49836000000.0,3812994000.0,17956000000.0,4272000000.0,175032000.0,826680000.0,0,245200000.0,-17292000.0,1559001000.0,None,448124000.0,0.0,76100000.0,None,None,None,0,0,0,73464000.0,0.0,0,0.0,175032000.0,None,USD,32623018000.0,6705084000.0,None,3272922000,16547020000.0,15964859000.0,7064000000,6766712000.0,135746000000,98429000000,3480971000.0,4929316000.0,9503222000.0,3402526000.0,10690361000.0,27817000000,27817000000,None,1982406000.0,179727000000,7026000000,None,2334055000.0,96290000000,2136237000.0,4076304000.0,2788376000.0,None,None,None,None,None,None,None,None,None,None,None,None,None,None,None,None,None,None,None,None,None,3297000000,USD,None,216399000,43045000,None,None,-9306000000,335772000.0,-2260000000,175032000.0,-7003000000,-713000000,None,1718000000,-1423061000.0,None,-1667000000,208990000.0,None,358235000.0,None,None,None,7.68,7.21
17,2016-03-31,USD,6448581000.0,0.0,4001137000.0,0.0,0.0,242830000.0,924508000.0,0,371656000.0,17292000.0,1716978000.0,None,471456000.0,0.0,46565000.0,None,None,None,0,0,0,111534000.0,0.0,0,0.0,242830000.0,None,USD,34624268000.0,6801339000.0,None,3267088000,16635088000.0,17872459000.0,None,7263037000.0,None,None,3422222000.0,4979620000.0,9607347000.0,4438378000.0,10222821000.0,None,None,None,1991922000.0,None,None,None,3097379000.0,None,2730911000.0,3983597000.0,2661619000.0,None,None,None,None,None,None,None,None,None,None,None,None,None,None,None,None,None,None,None,None,None,3258000000,USD,None,None,None,None,None,7534000,11610000.0,None,242830000.0,None,None,None,None,-4076000.0,None,None,389936000.0,None,182061000.0,None,None,None,10.03,7.68
18,2015-12-31,USD,8567705000.0,220174000000.0,5134905000.0,88093000000.0,26746000000.0,829930000.0,915802000.0,0,1212249000.0,836701000.0,1794731000.0,None,1345884000.0,3000000.0,71781000.0,None,None,None,0,0,0,391715000.0,-6874000000.0,0,13673000000.0,829930000.0,None,USD,33658401000.0,6616086000.0,None,751376000,16215541000.0,17343315000.0,5493000000,6912589000.0,1956087000,12459963000,2922530000.0,4863230000.0,9343315000.0,4761082000.0,10308339000.0,1196000000,1196000000,None,1882109000.0,189525000000,8119000000,96122000000,3082914000.0,88471000000,2692076000.0,3365805000.0,2650056000.0,None,None,None,None,None,None,None,None,None,None,None,None,None,None,None,None,None,None,None,None,None,3249000000,USD,4762000000,-2676000000,-7987000000,-543000000,-157000000,-10710000000,36811000.0,-7645000000,829930000.0,-764000000,2437948000,None,8844000000,-1305912000.0,169000000,-366000000,926082000.0,512000000,986921000.0,None,None,None,9.61,10.03
19,2015-09-30,USD,6890382000.0,0.0,4234477000.0,0.0,0.0,362270000.0,991978000.0,0,523875000.0,4299000.0,1660664000.0,None,713617000.0,0.0,94967000.0,None,None,None,0,0,0,157306000.0,0.0,0,0.0,362270000.0,None,USD,33174993000.0,6681166000.0,None,3059991000,16731099000.0,16336877000.0,None,7486295000.0,None,None,3318715000.0,4948517000.0,9323578000.0,4045905000.0,10420202000.0,None,None,None,1879826000.0,None,None,None,2097078000.0,None,2729049000.0,3835804000.0,2590094000.0,None,None,None,None,None,None,None,None,None,None,None,None,None,None,None,None,None,None,None,None,None,3251000000,USD,None,None,574411000,None,None,None,154448000.0,None,362270000.0,None,None,None,None,-1351059000.0,None,None,568214000.0,None,786300000.0,None,None,None,9.78,9.61
