,fiscalDateEnding,reportedCurrency_x,totalRevenue,totalOperatingExpense,costOfRevenue,grossProfit,ebit,netIncome_x,researchAndDevelopment,effectOfAccountingCharges,incomeBeforeTax,minorityInterest,sellingGeneralAdministrative,otherNonOperatingIncome,operatingIncome,otherOperatingExpense,interestExpense,taxProvision,interestIncome,netInterestIncome,extraordinaryItems,nonRecurring,otherItems,incomeTaxExpense,totalOtherIncomeExpense,discontinuedOperations,netIncomeFromContinuingOperations,netIncomeApplicableToCommonShares,preferredStockAndOtherAdjustments,reportedCurrency_y,totalAssets,intangibleAssets,earningAssets,otherCurrentAssets,totalLiabilities,totalShareholderEquity,deferredLongTermLiabilities,otherCurrentLiabilities,commonStock,retainedEarnings,otherLiabilities,goodwill,otherAssets,cash,totalCurrentLiabilities,shortTermDebt,currentLongTermDebt,otherShareholderEquity,propertyPlantEquipment,totalCurrentAssets,longTermInvestments,netTangibleAssets,shortTermInvestments,netReceivables,longTermDebt,inventory,accountsPayable,totalPermanentEquity,additionalPaidInCapital,commonStockTotalEquity,preferredStockTotalEquity,retainedEarningsTotalEquity,treasuryStock,accumulatedAmortization,otherNonCurrrentAssets,deferredLongTermAssetCharges,totalNonCurrentAssets,capitalLeaseObligations,totalLongTermDebt,otherNonCurrentLiabilities,totalNonCurrentLiabilities,negativeGoodwill,warrants,preferredStockRedeemable,capitalSurplus,liabilitiesAndShareholderEquity,cashAndShortTermInvestments,accumulatedDepreciation,commonStockSharesOutstanding,reportedCurrency,investments,changeInLiabilities,cashflowFromInvestment,otherCashflowFromInvestment,netBorrowings,cashflowFromFinancing,otherCashflowFromFinancing,changeInOperatingActivities,netIncome_y,changeInCash,operatingCashflow,otherOperatingCashflow,depreciation,dividendPayout,stockSaleAndPurchase,changeInInventory,changeInAccountReceivables,changeInNetIncome,capitalExpenditures,changeInReceivables,changeInExchangeRate,changeInCashAndCashEquivalents,clossingVal,nextClossingVal
0,2020-06-30,USD,13976000,None,None,None,None,4160000,None,None,5203000,None,5342000,None,None,1412000,3391000,1043000,15751000,12360000,None,None,None,1043000,None,None,4160000,4160000,None,USD,1615004000,None,None,None,1454223000,160781000,None,None,223000,5900000,8021000,None,1237459000,85326000,None,None,None,4230000,34712000,None,259911000,160781000,226867000,None,68167000,None,None,None,None,None,None,None,None,None,None,None,None,6264000,None,None,None,None,None,None,None,None,None,None,None,USD,-107270000,0,-107270000,-418000,13102000,154505000,142591000,-180000,4160000,54960000,7725000,None,691000,-1116000,-72000,None,None,3054000,104000,None,None,None,5.5,
1,2020-03-31,USD,13573000,8594000,None,10273000,1679000,1415000,None,None,1679000,None,5869000,None,1679000,1520000,3708000,264000,15946000,12238000,None,None,None,264000,None,None,1415000,1415000,None,USD,1453540000,None,253248000,None,1298072000,155468000,None,1221058000,223000,2856000,7443000,None,1151950000,30366000,1221058000,None,None,2170000,35299000,266184000,235818000,155468000,202711000,None,58333000,None,None,None,None,223000,None,2856000,None,None,52197000,None,1187356000,6513000,4124000,72890000,77014000,None,None,None,150219000,1453540000,266184000,None,22317420,USD,-22723000,0,-22723000,398000,-34604000,21090000,57610000,-672000,1415000,1682000,3315000,271000,721000,-1121000,-806000,None,None,1851000,76000,None,None,1682000,4.85,5.5
2,2019-12-31,USD,13174000,8668000,None,13591000,4923000,4045000,None,None,4923000,None,7199000,None,4923000,700000,3864000,878000,16277000,12413000,None,None,None,878000,-36000,None,4045000,4045000,None,USD,1430840000,None,243766000,2090000,1275361000,155479000,None,1187885000,224000,2562000,8071000,None,1136893000,28684000,1187885000,None,None,1965000,35944000,260241000,231557000,155479000,186969000,None,68500000,4527000,1163448000,None,None,224000,None,2562000,None,None,52244000,None,1170599000,6737000,4124000,83352000,87476000,None,None,None,150728000,1430840000,260241000,None,22422621,USD,-19314000,0,-19314000,292000,19199000,4703000,-13794000,1448000,4045000,-8114000,6497000,1116000,724000,-897000,195000,None,None,280000,246000,None,None,-8114000,8.88,4.85
3,2019-09-30,USD,14930000,9230000,None,14930000,5700000,4613000,None,None,5700000,None,5887000,None,5700000,1588000,4041000,1087000,17460000,13419000,None,None,None,1087000,-449000,None,4613000,4613000,None,USD,1422681000,None,251043000,1589000,1270043000,152638000,None,1177241000,223000,-586000,7816000,None,1114745000,36798000,1250908000,73667000,None,2737000,36422000,274099000,237301000,152638000,190159000,None,73667000,4740000,1177241000,None,None,223000,None,-586000,None,None,52609000,None,1148582000,6967000,4124000,15011000,19135000,None,None,None,150264000,1422681000,274099000,None,22335411,USD,10905000,0,10905000,-1211000,25042000,-14351000,-38966000,1012000,4613000,4016000,7462000,981000,726000,-670000,243000,None,None,1111000,149000,None,None,4016000,8.6,8.88
4,2019-06-30,USD,13451000,8991000,None,13326000,4335000,3544000,None,None,4335000,None,6014000,None,4335000,1559000,3906000,791000,15906000,12000000,None,None,None,791000,-459000,None,3544000,3544000,None,USD,1431131000,None,275553000,1891000,1283735000,147396000,None,1216208000,223000,-4529000,7470000,None,1252000,32554000,1216208000,None,None,1950000,31887000,292772000,259990000,147396000,211904000,None,48696000,983000,1216208000,None,None,223000,None,-4529000,None,None,53677000,None,1138359000,7192000,4124000,63403000,67527000,None,None,None,149752000,1431131000,292772000,None,22258456,USD,-33525000,-246000,-33525000,70000,-20376000,27410000,48085000,-1366000,3544000,-3024000,3091000,-1361000,749000,-667000,368000,None,None,165000,71000,None,None,-3024000,8.47,8.6
5,2019-03-31,USD,13139000,8840000,None,13139000,4299000,3503000,None,None,4299000,None,8840000,None,4299000,1438000,3681000,796000,15806000,12125000,None,None,None,796000,-142000,None,3503000,3503000,None,USD,1398497000,None,269371000,1648000,1256189000,142308000,None,1168123000,222000,-7406000,7452000,None,1252000,35806000,1168123000,None,None,377000,32394000,285784000,1027589000,142308000,249978000,None,4124000,1225000,1168123000,None,None,222000,None,-7406000,None,None,52730000,None,1112713000,7418000,4124000,83942000,88066000,None,None,None,149115000,1398497000,285784000,None,22168979,USD,5377000,-58000,4868000,-310000,-9815000,-7245000,3148000,-424000,3503000,1587000,3964000,-333000,886000,-665000,87000,None,None,-34000,199000,None,None,1587000,7.32,8.47
6,2018-12-31,USD,13128000,8984000,12093000,13128000,4144000,3357000,0,0,4144000,0,8984000,None,4144000,686000,355000,None,None,None,0,0,0,787000,-132000,0,3357000,3357000,None,USD,1393150000,None,None,1398000,1255689000,137461000,None,1164975000,221000,-10244000,7703000,None,1075859000,34219000,1164975000,10280000,10280000,-1279000,32740000,1322843000,146000,137461000,256634000,1031990000,4124000,1099000,1164975000,None,None,221000,None,-10244000,None,None,37421000,None,70307000,None,4124000,86590000,90714000,None,None,None,148763000,1393150000,290853000,None,22132304,USD,-33375000,1142000,-33001000,604000,5067000,36185000,31087000,1805000,3357000,9884000,6700000,522000,915000,-665000,31000,None,None,764000,230000,None,None,9884000,7.22,7.32
7,2018-09-30,USD,13191000,8291000,10469000,13191000,4900000,3955000,0,0,4900000,0,8291000,None,4900000,1376000,465000,None,None,None,0,0,0,945000,-258000,0,3955000,3955000,None,USD,1350420000,0,None,1252000,1218617000,131803000,0,1133888000,221000,-13601000,6785000,0,1046804000,276383000,1197708000,63820000,None,-3311000,33034000,1277952000,244162000,131803000,7886000,1001569000,4124000,1732000,1133888000,0,0,221000,0,-13601000,0,None,39434000,None,72468000,None,4124000,16785000,20909000,None,None,None,148494000,1350420000,276383000,None,22120862,USD,4097000,238000,2597000,1080000,-16871000,-6875000,9988000,-31000,3955000,528000,4806000,-458000,938000,-665000,8000,0,0,133000,2580000,None,None,528000,8.8,7.22
8,2018-06-30,USD,12782000,8187000,10061000,12782000,4595000,3782000,0,0,4595000,0,8187000,None,4595000,1313000,508000,None,None,None,0,0,0,813000,-243000,0,3782000,3782000,None,USD,1353868000,0,None,552000,1225224000,128644000,0,1123900000,221000,-17556000,6509000,0,1052400000,275894000,1214591000,90691000,94815000,-2263000,30975000,1283166000,243152000,128644000,8935000,1007272000,4124000,3147000,1123900000,0,0,221000,0,-17556000,0,None,39727000,None,70702000,None,4124000,6509000,10633000,None,None,None,148242000,1353868000,275894000,None,22111495,USD,2259000,-148000,1082000,-8000,-30370000,-2713000,27580000,-609000,3782000,2501000,4132000,-672000,977000,-665000,77000,0,0,193000,1169000,None,None,2501000,8.95,8.8
9,2018-03-31,USD,12549000,9415000,11050000,12549000,3134000,2594000,0,0,3134000,0,9415000,None,3134000,1649000,469000,None,None,None,0,0,0,540000,-256000,0,2594000,2594000,None,USD,1353232000,0,None,3166000,1228188000,125044000,0,1096320000,221000,-21338000,6683000,0,292285000,277361000,1197381000,101061000,125185000,-1774000,30286000,1283887000,246699000,125044000,9356000,1006526000,4124000,3166000,1096320000,0,0,221000,0,-21338000,0,None,39059000,None,69345000,None,4124000,26683000,30807000,None,None,None,147935000,1353232000,277361000,None,22084193,USD,-19467000,673000,-20072000,-57000,14783000,15369000,556000,491000,2594000,-652000,4051000,-376000,956000,0,30000,0,0,204000,548000,None,None,-652000,9.0,8.95
10,2017-12-31,USD,12040000,8464000,10374000,12040000,3576000,-640000,0,0,3576000,0,8464000,None,3576000,7676000,388000,None,None,None,0,0,0,4216000,-1786000,0,-640000,-640000,None,USD,1336190000,0,None,2791000,1212187000,124003000,0,1095764000,221000,-23932000,6021000,0,294767000,282233000,1095764000,10000000,10000000,43000,30198000,1268584000,250980000,124003000,9295000,986351000,4124000,2791000,1095764000,0,0,221000,0,-23932000,0,None,37408000,None,67606000,None,4124000,112299000,116423000,None,None,None,147671000,1336190000,282233000,None,22072523,USD,-45710000,341000,-47800000,-916000,24982000,42397000,17382000,-749000,-640000,-592000,4811000,-47000,1036000,0,33000,0,0,4121000,1174000,None,None,-592000,8.15,9.0
11,2017-09-30,USD,12041000,8706000,10236000,12041000,3335000,2416000,0,0,3335000,0,8706000,None,3335000,-1649000,310000,None,None,None,0,0,0,919000,0,0,2416000,2416000,None,USD,1294130000,20000,None,2710000,1169707000,124423000,0,1078382000,220000,-23285000,5905000,0,297539000,287813000,1159678000,81296000,85420000,35000,29469000,1223244000,None,124403000,15298000,935431000,4124000,0,1078382000,0,0,220000,0,-23285000,0,None,41397000,None,70886000,None,4124000,5905000,10029000,None,None,None,147453000,1294130000,287813000,None,22047833,USD,-22496000,713000,-23129000,-491000,4802000,316000,-4503000,407000,2416000,-18852000,3961000,-505000,1054000,0,17000,0,0,283000,142000,None,None,-18852000,9.2,8.15
12,2017-06-30,USD,12162000,8536000,9576000,12162000,3626000,2934000,0,0,3626000,0,8536000,None,3626000,-749000,302000,None,None,None,0,0,0,692000,0,0,2934000,2934000,None,USD,1290507000,82000,None,2387000,1168750000,121757000,0,1082885000,220000,-25701000,5247000,0,300449000,308707000,1159379000,76494000,80657000,-12000,29771000,1221143000,None,121675000,13751000,912436000,4124000,0,1082885000,0,0,220000,0,-25701000,0,None,39511000,None,69364000,None,4124000,5247000,9371000,None,None,None,147250000,1290507000,308707000,None,22037221,USD,-8976000,-1313000,-9457000,1116000,-5198000,25225000,30213000,-2307000,2934000,17548000,1780000,-1280000,1273000,0,210000,0,0,166000,1597000,None,None,17548000,8.25,9.2
13,2017-03-31,USD,12020000,8451000,9193000,12020000,3569000,2493000,0,0,3569000,0,8451000,None,3569000,477000,302000,None,None,None,0,0,0,1076000,0,0,2493000,2493000,None,USD,1262721000,421000,None,3569000,1145008000,117713000,0,1052672000,220000,-28635000,6520000,0,291316000,292244000,1134364000,81692000,85816000,-724000,28588000,1194208000,None,117292000,23143000,901964000,4124000,0,1052672000,0,0,220000,0,-28635000,0,None,39504000,None,68513000,None,4124000,6520000,10644000,None,None,None,146852000,1262721000,292244000,None,21970773,USD,-9990000,1000000,-10449000,172000,-6579000,8799000,15378000,-226000,2493000,2782000,4432000,-418000,1281000,0,0,0,0,76000,631000,None,None,2782000,8.0,8.25
14,2016-12-31,USD,12028000,8212000,8796000,12028000,3816000,2726000,0,0,3816000,0,8212000,None,3816000,4483000,347000,None,None,None,0,0,0,1090000,-2905000,0,2726000,2726000,None,USD,1249816000,898000,None,4427000,1135280000,114536000,0,1037294000,220000,-31128000,5591000,0,296440000,292091000,1119181000,81887000,1670000,-1223000,28357000,1180354000,262729000,113638000,20950000,888263000,5794000,4427000,1037294000,0,0,220000,0,-31128000,0,None,40207000,None,69462000,None,5794000,10305000,16099000,None,None,None,146667000,1249816000,292091000,None,21959648,USD,-51180000,88000,-51678000,453000,-23549000,46438000,69970000,340000,2726000,-895000,4345000,196000,1312000,0,17000,2101000,0,23000,951000,None,None,-895000,7.25,8.0
15,2016-09-30,USD,11598000,8278000,9214000,11598000,3320000,2458000,0,0,3320000,0,8278000,None,3320000,2117000,354000,None,None,None,0,0,0,862000,0,0,2458000,2458000,None,USD,1204231000,1375000,None,4905000,1089502000,114729000,0,967324000,219000,-33854000,6234000,0,273060000,270767000,1076406000,109082000,113206000,1860000,27805000,1136027000,None,113354000,21198000,865260000,6862000,0,967324000,0,0,219000,0,-33854000,0,None,39024000,None,68204000,None,6862000,6234000,13096000,None,None,None,146504000,1204231000,270767000,None,None,USD,-14289000,847000,-14226000,-678000,1439000,11809000,10310000,-257000,2458000,3773000,6190000,-436000,1344000,0,60000,2101000,0,1977000,538000,None,None,3773000,5.4186,7.25
16,2016-06-30,USD,11428000,8229000,9103000,11428000,3199000,2318000,0,0,3199000,0,8229000,None,3199000,-1709000,363000,None,None,None,0,0,0,881000,0,0,2318000,2318000,None,USD,1189522000,1852000,None,4898000,1077291000,112231000,0,957014000,219000,-36312000,5772000,0,289486000,279874000,1051288000,94274000,110699000,2051000,27654000,1119656000,1763000,110379000,17663000,839782000,7930000,1763000,957014000,0,0,219000,0,-36312000,0,None,38597000,None,69866000,None,7930000,18073000,26003000,None,None,None,146273000,1189522000,279874000,None,None,USD,-19671000,-36000,-24795000,-5871000,3024000,26027000,22962000,-84000,2318000,3955000,2723000,-252000,1409000,0,41000,338000,0,-716000,821000,None,None,3955000,5.18,5.4186
17,2016-03-31,USD,11434000,8031000,8738000,11434000,3403000,2420000,0,0,3403000,0,8031000,None,3403000,477000,374000,None,None,None,0,0,0,983000,0,0,2420000,2420000,None,USD,1160046000,2329000,None,5095000,1051159000,108887000,0,934052000,219000,-38630000,5626000,0,286905000,273538000,1025518000,91466000,106607000,1223000,27219000,1095719000,1038000,106558000,13447000,822181000,8998000,1038000,934052000,0,0,219000,0,-38630000,0,None,33741000,None,64327000,None,8998000,16643000,25641000,None,None,None,146075000,1160046000,273538000,None,None,USD,17486000,-1088000,17936000,-245000,-12895000,-24347000,-11467000,87000,2420000,-2730000,3681000,240000,1316000,0,15000,1063000,0,793000,214000,None,None,-2730000,5.0,5.18
18,2015-12-31,USD,11187000,8269000,8952000,11187000,2918000,2214000,0,0,2918000,0,8269000,None,2918000,21854000,358000,None,None,None,0,0,0,704000,-4121000,0,2214000,2214000,None,USD,1180557000,2805000,None,5490000,1076070000,104487000,0,945519000,219000,-41050000,6175000,0,320513000,305140000,1041175000,95656000,124575000,-589000,27488000,1112819000,2101000,101682000,10360000,807679000,9799000,2211000,945519000,0,0,219000,0,-41050000,0,None,35344000,None,67738000,None,9799000,25096000,34895000,None,None,None,145907000,1180557000,305140000,None,21866944,USD,-29755000,1075000,-27501000,2420000,16974000,29014000,11954000,6080000,2214000,4532000,3019000,5677000,1529000,0,86000,0,0,-7476000,166000,None,None,4532000,5.37,5.0
19,2015-09-30,USD,11098000,23029000,10568000,11098000,-11931000,-7716000,0,0,-11931000,0,23029000,None,-11931000,0,355000,None,None,None,0,0,0,-4215000,0,0,-7716000,-7716000,None,USD,1149185000,3282000,None,5858000,1046230000,102955000,0,933565000,218000,-43264000,5263000,0,343345000,326740000,1029409000,95844000,None,250000,29811000,1019742000,673000,99673000,13171000,693002000,10600000,2901000,933565000,0,0,218000,0,-43264000,0,None,95677000,None,129443000,None,10600000,6221000,16821000,None,None,None,145751000,1149185000,326740000,None,21848489,USD,-12601000,372000,-11370000,1963000,9967000,-4404000,-14371000,None,-7716000,-6432000,9342000,8376000,1587000,0,0,0,0,6723000,732000,None,None,-6432000,5.01,5.37
