,fiscalDateEnding,reportedCurrency_x,totalRevenue,totalOperatingExpense,costOfRevenue,grossProfit,ebit,netIncome_x,researchAndDevelopment,effectOfAccountingCharges,incomeBeforeTax,minorityInterest,sellingGeneralAdministrative,otherNonOperatingIncome,operatingIncome,otherOperatingExpense,interestExpense,taxProvision,interestIncome,netInterestIncome,extraordinaryItems,nonRecurring,otherItems,incomeTaxExpense,totalOtherIncomeExpense,discontinuedOperations,netIncomeFromContinuingOperations,netIncomeApplicableToCommonShares,preferredStockAndOtherAdjustments,reportedCurrency_y,totalAssets,intangibleAssets,earningAssets,otherCurrentAssets,totalLiabilities,totalShareholderEquity,deferredLongTermLiabilities,otherCurrentLiabilities,commonStock,retainedEarnings,otherLiabilities,goodwill,otherAssets,cash,totalCurrentLiabilities,shortTermDebt,currentLongTermDebt,otherShareholderEquity,propertyPlantEquipment,totalCurrentAssets,longTermInvestments,netTangibleAssets,shortTermInvestments,netReceivables,longTermDebt,inventory,accountsPayable,totalPermanentEquity,additionalPaidInCapital,commonStockTotalEquity,preferredStockTotalEquity,retainedEarningsTotalEquity,treasuryStock,accumulatedAmortization,otherNonCurrrentAssets,deferredLongTermAssetCharges,totalNonCurrentAssets,capitalLeaseObligations,totalLongTermDebt,otherNonCurrentLiabilities,totalNonCurrentLiabilities,negativeGoodwill,warrants,preferredStockRedeemable,capitalSurplus,liabilitiesAndShareholderEquity,cashAndShortTermInvestments,accumulatedDepreciation,commonStockSharesOutstanding,reportedCurrency,investments,changeInLiabilities,cashflowFromInvestment,otherCashflowFromInvestment,netBorrowings,cashflowFromFinancing,otherCashflowFromFinancing,changeInOperatingActivities,netIncome_y,changeInCash,operatingCashflow,otherOperatingCashflow,depreciation,dividendPayout,stockSaleAndPurchase,changeInInventory,changeInAccountReceivables,changeInNetIncome,capitalExpenditures,changeInReceivables,changeInExchangeRate,changeInCashAndCashEquivalents,clossingVal,nextClossingVal
0,2020-06-30,USD,716000000,452000000,None,716000000,264000000,196000000,None,None,264000000,None,325000000,None,264000000,20000000,21000000,68000000,409000000,388000000,None,None,None,68000000,None,None,196000000,196000000,None,USD,70371000000,405000000,None,None,63551000000,6820000000,None,43667000000,2000000,1843000000,44944000000,2509000000,8166000000,436000000,60862000000,None,None,-42000000,356000000,16556000000,47174000000,3217000000,19992000000,1128000000,1412000000,None,17195000000,None,None,2000000,689000000,1843000000,None,None,1763000000,None,53815000000,None,1412000000,1277000000,2689000000,None,None,None,4328000000,70371000000,6006000000,None,221092693,USD,-3841000000,459000000,-3841000000,-493000000,None,1489000000,1520000000,-1780000000,196000000,-3429000000,-1077000000,-2392000000,73000000,-31000000,0,None,None,13000000,43000000,-4000000,None,-3429000000,49.73,
1,2020-03-31,USD,707000000,451000000,87000000,707000000,256000000,181000000,None,None,256000000,None,301000000,None,256000000,31000000,43000000,75000000,443000000,400000000,None,None,None,75000000,None,None,181000000,161000000,20000000,USD,67856000000,419000000,None,None,61337000000,6519000000,None,42146000000,2000000,1678000000,43190000000,2509000000,8516000000,1105000000,58882000000,42146000000,None,-168000000,339000000,15210000000,46530000000,2902000000,21440000000,1124000000,1411000000,None,16736000000,None,None,2000000,689000000,1678000000,None,None,1215000000,None,52646000000,None,1411000000,1044000000,2455000000,None,None,None,4318000000,67856000000,6835000000,None,221032420,USD,-3997000000,2994000000,-3997000000,-87000000,None,3382000000,3528000000,1324000000,181000000,4206000000,4821000000,2301000000,57000000,-51000000,-95000000,None,None,13000000,34000000,271000000,None,4206000000,34.32,49.73
2,2019-12-31,USD,679000000,427000000,95000000,679000000,252000000,172000000,None,None,252000000,None,291000000,None,252000000,21000000,60000000,80000000,475000000,415000000,None,None,None,80000000,-22000000,None,172000000,172000000,-80000000,USD,61416000000,433000000,None,None,54873000000,6543000000,None,38606000000,2000000,1464000000,39486000000,2510000000,8718000000,750000000,52348000000,38606000000,None,-28000000,414000000,13699000000,41470000000,2791000000,19501000000,1395000000,1410000000,None,13742000000,None,None,2000000,689000000,1464000000,None,None,1370000000,None,47717000000,None,1410000000,1115000000,2525000000,None,None,None,4416000000,61416000000,2629000000,None,222622333,USD,879000000,1468000000,879000000,-83000000,None,-1986000000,-1777000000,501000000,172000000,771000000,1878000000,192000000,57000000,-32000000,-177000000,None,-357000000,56000000,32000000,-357000000,None,771000000,45.37,34.32
3,2019-09-30,USD,767000000,387000000,102000000,767000000,380000000,274000000,None,None,380000000,None,273000000,None,380000000,24000000,66000000,106000000,521000000,455000000,None,None,None,106000000,-2000000,None,274000000,254000000,20000000,USD,61707000000,446000000,None,None,55138000000,6569000000,None,40382000000,2000000,1324000000,41211000000,2485000000,8833000000,493000000,52656000000,40382000000,None,-24000000,549000000,12755000000,42562000000,2949000000,21020000000,1038000000,1410000000,None,12274000000,None,None,2000000,689000000,1324000000,None,None,1374000000,None,48952000000,None,1410000000,1072000000,2482000000,None,None,None,4578000000,61707000000,1858000000,None,226795480,USD,617000000,499000000,617000000,-101000000,-300000000,-830000000,90000000,501000000,274000000,530000000,743000000,113000000,56000000,-54000000,-566000000,None,-136000000,67000000,36000000,-136000000,None,530000000,43.69,45.37
4,2019-06-30,USD,685000000,390000000,102000000,685000000,295000000,219000000,None,None,295000000,None,281000000,None,295000000,-8000000,70000000,76000000,560000000,490000000,None,None,None,76000000,-7000000,None,219000000,219000000,None,USD,61590000000,461000000,None,None,54720000000,6870000000,None,40289000000,2000000,1104000000,40994000000,2485000000,7399000000,380000000,52064000000,40589000000,None,-58000000,325000000,12160000000,43112000000,3235000000,19714000000,902000000,1710000000,None,11775000000,None,None,2000000,689000000,1104000000,None,None,1198000000,None,49430000000,None,1710000000,946000000,2656000000,None,None,None,5133000000,61590000000,1328000000,None,240015468,USD,6386000000,145000000,6386000000,-10000000,-300000000,-6299000000,-6043000000,-62000000,219000000,128000000,41000000,-194000000,58000000,-34000000,-222000000,None,-305000000,118000000,43000000,-305000000,None,128000000,44.6,43.69
5,2019-03-31,USD,755000000,363000000,45000000,755000000,392000000,290000000,None,None,392000000,None,375000000,None,392000000,-12000000,63000000,102000000,555000000,492000000,None,None,None,102000000,0,None,290000000,270000000,20000000,USD,67518000000,476000000,None,None,60736000000,6782000000,None,46328000000,2000000,919000000,47036000000,2485000000,7534000000,1200000000,58090000000,None,None,-170000000,308000000,12064000000,50863000000,3132000000,24971000000,10864000000,1709000000,None,11762000000,None,None,2000000,689000000,919000000,None,None,1322000000,None,55454000000,None,1709000000,937000000,2646000000,None,None,None,5342000000,67518000000,1200000000,None,244647243,USD,-3402000000,5000000,-3454000000,-14000000,300000000,1125000000,1000000000,-1099000000,290000000,-2144000000,185000000,-407000000,54000000,-55000000,-120000000,None,163000000,80000000,38000000,163000000,None,-2144000000,46.43,44.6
6,2018-12-31,USD,747000000,381000000,59000000,688000000,0,270000000,0,0,365000000,0,265000000,None,366000000,21000000,-32000000,None,None,None,0,0,0,95000000,-1000000,0,270000000,270000000,None,USD,65003000000,610000000,None,None,58441000000,5873000000,None,None,2000000,684000000,45967000000,2485000000,7349000000,2333000000,11065000000,None,None,-275000000,162000000,15804000000,38593000000,2778000000,1187000000,12283000000,1409000000,None,10178000000,None,None,None,689000000,None,None,None,None,None,None,None,1409000000,None,None,None,None,None,5462000000,None,3344000000,None,262000000,USD,234000000,-1314000000,277000000,33000000,-550000000,1152000000,2239000000,1347000000,270000000,1892000000,463000000,None,-7000000,-36000000,None,None,26000000,98000000,34000000,None,None,None,43.88,46.43
7,2018-09-30,USD,720000000,346000000,58000000,720000000,374000000,285000000,0,0,374000000,0,380000000,None,374000000,-34000000,32000000,None,None,None,0,0,0,89000000,-8000000,0,285000000,261000000,24000000,USD,64706000000,391000000,None,None,57940000000,6766000000,0,43074000000,3000000,450000000,43603000000,2485000000,7668000000,1452000000,55453000000,10534000000,1958000000,-329000000,261000000,25102000000,24277000000,3201000000,22864000000,786000000,550000000,0,1845000000,0,0,3000000,689000000,450000000,0,None,12190000000,None,39604000000,None,550000000,1937000000,2487000000,None,None,None,5953000000,64706000000,24316000000,None,256765011,USD,210000000,218000000,197000000,16000000,-300000000,-644000000,402000000,-249000000,285000000,300000000,747000000,274000000,63000000,-24000000,-722000000,0,-160000000,67000000,29000000,-160000000,None,300000000,52.39,43.88
8,2018-06-30,USD,710000000,365000000,58000000,710000000,345000000,250000000,0,0,345000000,0,384000000,None,345000000,-19000000,28000000,None,None,None,0,-9000000,0,95000000,-2000000,0,250000000,250000000,None,USD,64353000000,403000000,None,None,57450000000,6903000000,0,42664000000,3000000,189000000,43158000000,2485000000,7394000000,1152000000,54289000000,9959000000,4297000000,-235000000,259000000,25588000000,23574000000,3326000000,23810000000,626000000,1259000000,0,1666000000,0,0,3000000,689000000,189000000,0,None,12044000000,None,38765000000,None,1259000000,1902000000,3161000000,None,None,None,6257000000,64353000000,24962000000,None,261819526,USD,804000000,-1180000000,706000000,-70000000,770000000,-454000000,-1035000000,-353000000,250000000,182000000,-70000000,598000000,64000000,-24000000,-189000000,0,109000000,89000000,28000000,109000000,None,182000000,61.16,52.39
9,2018-03-31,USD,708000000,374000000,344000000,708000000,334000000,247000000,0,0,334000000,0,395000000,None,334000000,-21000000,21000000,None,None,None,0,9000000,0,87000000,0,0,247000000,235000000,12000000,USD,64187000000,275000000,None,None,57298000000,6889000000,0,42902000000,3000000,-61000000,655000000,2370000000,49075000000,970000000,54741000000,8947000000,4742000000,-176000000,251000000,26540000000,23163000000,3555000000,24835000000,735000000,910000000,0,2892000000,0,0,3000000,689000000,-61000000,0,None,11588000000,None,37647000000,None,910000000,1647000000,2557000000,None,None,None,6434000000,64187000000,25805000000,None,264792847,USD,-1354000000,1312000000,-1370000000,5000000,770000000,-9000000,143000000,-1115000000,247000000,-833000000,546000000,-1589000000,65000000,-12000000,-140000000,0,443000000,68000000,21000000,443000000,None,-833000000,55.41,61.16
10,2017-12-31,USD,637000000,338000000,306000000,637000000,299000000,129000000,0,0,299000000,0,364000000,None,299000000,-26000000,19000000,None,None,None,0,10000000,0,-730000000,-71000000,0,1029000000,129000000,None,USD,63365000000,284000000,None,17000000,56434000000,6931000000,0,42742000000,3000000,-317000000,766000000,2400000000,48229000000,1803000000,53733000000,9449000000,3288000000,-26000000,253000000,23660000000,26493000000,3558000000,20679000000,1178000000,910000000,17000000,1542000000,0,0,3000000,689000000,-317000000,0,None,10054000000,None,251000000,None,910000000,1791000000,2701000000,None,None,None,6582000000,63365000000,22482000000,None,266827881,USD,-2005000000,209000000,-2046000000,-16000000,300000000,1618000000,1193000000,-1767000000,129000000,35000000,463000000,-17000000,70000000,-25000000,125000000,0,-134000000,143000000,25000000,-71000000,None,35000000,49.57,55.41
11,2017-09-30,USD,599000000,376000000,286000000,599000000,223000000,147000000,0,0,223000000,0,405000000,None,223000000,-29000000,21000000,None,None,None,0,72000000,0,76000000,0,0,147000000,135000000,12000000,USD,60375000000,294000000,None,None,53727000000,6648000000,0,41543000000,3000000,-446000000,476000000,2370000000,45834000000,1592000000,51651000000,8716000000,2985000000,-50000000,250000000,21873000000,25758000000,3590000000,19173000000,1108000000,609000000,0,1392000000,0,0,3000000,394000000,-446000000,0,None,9414000000,None,416000000,None,609000000,1467000000,2076000000,None,None,None,6747000000,60375000000,20765000000,None,270688918,USD,-1516000000,-95000000,-1538000000,5000000,-401000000,857000000,1457000000,-577000000,147000000,-195000000,486000000,164000000,68000000,-12000000,-187000000,0,0,76000000,27000000,126000000,None,-195000000,43.61,49.57
12,2017-06-30,USD,577000000,260000000,219000000,577000000,317000000,193000000,0,0,317000000,0,359000000,None,317000000,-99000000,21000000,None,None,None,0,-48000000,0,124000000,0,0,193000000,193000000,None,USD,58753000000,303000000,None,None,52070000000,6683000000,0,40072000000,3000000,-581000000,532000000,2370000000,44250000000,1980000000,49537000000,7992000000,3459000000,-62000000,245000000,22107000000,24557000000,3616000000,18890000000,1237000000,1009000000,0,1473000000,0,0,3000000,394000000,-581000000,0,None,8652000000,None,519000000,None,1009000000,1524000000,2533000000,None,None,None,6929000000,58753000000,20870000000,None,275054601,USD,-2962000000,218000000,-3002000000,-13000000,600000000,3288000000,2688000000,118000000,193000000,93000000,-193000000,-856000000,63000000,-13000000,0,0,0,24000000,27000000,165000000,None,93000000,38.03,43.61
13,2017-03-31,USD,553000000,328000000,296000000,553000000,225000000,145000000,0,0,225000000,0,342000000,None,225000000,-14000000,21000000,None,None,None,0,12000000,0,80000000,0,0,145000000,132000000,13000000,USD,55879000000,312000000,None,None,49435000000,6444000000,0,37384000000,3000000,-774000000,437000000,2370000000,41010000000,2874000000,47598000000,8926000000,409000000,-98000000,239000000,22053000000,22479000000,3368000000,17769000000,1410000000,409000000,0,1288000000,0,0,3000000,394000000,-774000000,0,None,7773000000,None,653000000,None,409000000,1428000000,1837000000,None,None,None,6919000000,55879000000,20643000000,None,275006536,USD,-6977000000,261000000,-6990000000,10000000,600000000,5673000000,5686000000,-403000000,145000000,-952000000,365000000,179000000,61000000,-13000000,0,0,0,73000000,23000000,-354000000,None,-952000000,34.89,38.03
14,2016-12-31,USD,509000000,304000000,270000000,509000000,205000000,127000000,0,0,205000000,0,322000000,None,205000000,-18000000,22000000,None,None,None,0,9000000,0,-494000000,-35000000,0,699000000,127000000,None,USD,48999000000,320000000,None,None,42727000000,6272000000,0,31682000000,3000000,-909000000,462000000,2400000000,34012000000,3410000000,40824000000,8159000000,2360000000,-137000000,239000000,18358000000,19302000000,3158000000,13892000000,1056000000,409000000,0,983000000,0,0,3000000,394000000,-909000000,0,None,7654000000,None,756000000,None,409000000,1494000000,1903000000,None,None,None,6921000000,48999000000,17302000000,None,273963415,USD,-376000000,-251000000,-399000000,1000000,-82000000,-15000000,-15000000,252000000,127000000,483000000,897000000,818000000,65000000,-25000000,0,0,139000000,75000000,24000000,63000000,None,483000000,34.65,34.89
15,2016-09-30,USD,486000000,261000000,212000000,486000000,225000000,139000000,0,0,225000000,0,323000000,None,225000000,-62000000,21000000,None,None,None,0,76000000,0,86000000,0,0,139000000,139000000,None,USD,49199000000,328000000,None,None,42883000000,6316000000,0,31697000000,3000000,-1036000000,729000000,2370000000,33840000000,3626000000,40751000000,7827000000,409000000,39000000,231000000,18237000000,20021000000,3224000000,13493000000,1118000000,409000000,0,1227000000,0,0,3000000,394000000,-1036000000,0,None,7287000000,None,725000000,None,409000000,1723000000,2132000000,None,None,None,6916000000,49199000000,17119000000,None,273810222,USD,271000000,-457000000,-453000000,-711000000,600000000,-874000000,-1274000000,-310000000,139000000,-926000000,401000000,1063000000,62000000,0,400000000,0,255000000,13000000,13000000,-419000000,None,-926000000,29.12,34.65
16,2016-06-30,USD,474000000,260000000,235000000,474000000,214000000,133000000,0,0,214000000,0,295000000,None,214000000,-35000000,19000000,None,None,None,0,-33000000,0,81000000,0,0,133000000,133000000,None,USD,49202000000,164000000,None,None,43417000000,5785000000,0,32964000000,3000000,-1175000000,595000000,1792000000,33129000000,4214000000,41420000000,6712000000,409000000,46000000,231000000,18801000000,19805000000,3829000000,13895000000,692000000,409000000,0,1744000000,0,0,3000000,0,-1175000000,0,None,7579000000,None,830000000,None,409000000,1588000000,1997000000,None,None,None,6911000000,49202000000,18109000000,None,273677799,USD,-411000000,314000000,-448000000,-19000000,None,983000000,1134000000,342000000,133000000,766000000,231000000,-237000000,59000000,0,-151000000,0,402000000,43000000,18000000,-81000000,None,766000000,23.49,29.12
17,2016-03-31,USD,472000000,278000000,252000000,472000000,194000000,153000000,0,0,194000000,0,312000000,None,194000000,-34000000,20000000,None,None,None,0,8000000,0,41000000,0,0,153000000,153000000,None,USD,47943000000,169000000,None,None,42206000000,5737000000,0,31829000000,3000000,-1308000000,745000000,1792000000,32576000000,3785000000,40059000000,6793000000,409000000,-14000000,232000000,18401000000,19328000000,3776000000,14005000000,611000000,409000000,0,1437000000,0,0,3000000,0,-1308000000,0,None,7081000000,None,940000000,None,409000000,1738000000,2147000000,None,None,None,7056000000,47943000000,17790000000,None,279526976,USD,-2709000000,-234000000,-2704000000,25000000,-82000000,2002000000,2385000000,-1106000000,153000000,-606000000,96000000,195000000,53000000,0,-301000000,0,971000000,20000000,20000000,-91000000,None,-606000000,24.49,23.49
18,2015-12-31,USD,493000000,321000000,239000000,493000000,157000000,89000000,0,0,157000000,0,305000000,-15000000,172000000,16000000,22000000,None,None,None,0,58000000,0,422000000,-448000000,0,-265000000,89000000,None,USD,45427000000,174000000,None,None,39628000000,5799000000,0,29445000000,3000000,-1461000000,533000000,1792000000,29327000000,3290000000,37565000000,6544000000,82000000,-99000000,236000000,16399000000,17626000000,3833000000,12589000000,520000000,491000000,0,1576000000,0,0,3000000,0,-1461000000,0,None,8167000000,None,1033000000,None,491000000,1572000000,2063000000,None,None,None,7356000000,45427000000,15879000000,None,291335241,USD,-3230000000,-127000000,-3246000000,2000000,82000000,3862000000,3835000000,-260000000,89000000,780000000,164000000,-271000000,54000000,-25000000,-55000000,0,641000000,55000000,18000000,364000000,None,780000000,29.64,24.49
19,2015-09-30,USD,73000000,268000000,241000000,73000000,-246000000,-153000000,0,0,-246000000,0,293000000,-51000000,-195000000,-25000000,47000000,None,None,None,0,0,0,-93000000,-35000000,0,-153000000,-153000000,None,USD,41205000000,179000000,None,None,35393000000,5812000000,0,25610000000,3000000,-1550000000,621000000,1792000000,26414000000,1611000000,31650000000,6040000000,None,-9000000,236000000,12291000000,16492000000,3841000000,10680000000,None,1437000000,0,33335000000,0,0,3000000,0,-1550000000,0,None,10215000000,None,28914000000,None,None,3743000000,3743000000,None,None,None,7368000000,41205000000,12291000000,None,290428994,USD,4398000000,-279000000,4470000000,92000000,-4537000000,-5168000000,-621000000,None,-153000000,-419000000,279000000,718000000,85000000,0,-10000000,0,0,-92000000,20000000,None,None,-419000000,26.33,29.64
