,fiscalDateEnding,reportedCurrency_x,totalRevenue,totalOperatingExpense,costOfRevenue,grossProfit,ebit,netIncome_x,researchAndDevelopment,effectOfAccountingCharges,incomeBeforeTax,minorityInterest,sellingGeneralAdministrative,otherNonOperatingIncome,operatingIncome,otherOperatingExpense,interestExpense,taxProvision,interestIncome,netInterestIncome,extraordinaryItems,nonRecurring,otherItems,incomeTaxExpense,totalOtherIncomeExpense,discontinuedOperations,netIncomeFromContinuingOperations,netIncomeApplicableToCommonShares,preferredStockAndOtherAdjustments,reportedCurrency_y,totalAssets,intangibleAssets,earningAssets,otherCurrentAssets,totalLiabilities,totalShareholderEquity,deferredLongTermLiabilities,otherCurrentLiabilities,commonStock,retainedEarnings,otherLiabilities,goodwill,otherAssets,cash,totalCurrentLiabilities,shortTermDebt,currentLongTermDebt,otherShareholderEquity,propertyPlantEquipment,totalCurrentAssets,longTermInvestments,netTangibleAssets,shortTermInvestments,netReceivables,longTermDebt,inventory,accountsPayable,totalPermanentEquity,additionalPaidInCapital,commonStockTotalEquity,preferredStockTotalEquity,retainedEarningsTotalEquity,treasuryStock,accumulatedAmortization,otherNonCurrrentAssets,deferredLongTermAssetCharges,totalNonCurrentAssets,capitalLeaseObligations,totalLongTermDebt,otherNonCurrentLiabilities,totalNonCurrentLiabilities,negativeGoodwill,warrants,preferredStockRedeemable,capitalSurplus,liabilitiesAndShareholderEquity,cashAndShortTermInvestments,accumulatedDepreciation,commonStockSharesOutstanding,reportedCurrency,investments,changeInLiabilities,cashflowFromInvestment,otherCashflowFromInvestment,netBorrowings,cashflowFromFinancing,otherCashflowFromFinancing,changeInOperatingActivities,netIncome_y,changeInCash,operatingCashflow,otherOperatingCashflow,depreciation,dividendPayout,stockSaleAndPurchase,changeInInventory,changeInAccountReceivables,changeInNetIncome,capitalExpenditures,changeInReceivables,changeInExchangeRate,changeInCashAndCashEquivalents,clossingVal,nextClossingVal
0,2020-06-30,USD,50086000,54238000,35641000,14445000,-958000,-3794000,None,None,-3534000,-1512000,18597000,None,-4152000,None,566000,266000,339000,-227000,None,None,None,266000,845000,None,-3800000,-3794000,None,USD,252288000,4499000,None,None,140395000,113405000,None,None,15000,99833000,None,None,807000,59238000,132139000,None,40271000,-10027000,60460000,186522000,None,108906000,825000,45766000,None,51254000,55219000,None,None,None,None,None,None,None,None,None,65766000,34565000,None,None,8256000,None,None,None,None,None,None,None,None,USD,-2118000,-2086000,-2118000,None,14242000,14392000,150000,-2119000,-3794000,2542000,-7514000,None,2010000,None,None,1356000,-4462000,482000,1765000,None,None,None,1.05,
1,2020-03-31,USD,58355000,19263000,42317000,16038000,-2471000,-2701000,None,None,-2471000,3000,19263000,754000,-3225000,None,341000,227000,277000,-64000,None,None,None,221000,818000,None,-2692000,-2701000,None,USD,254363000,4529000,None,6723000,138558000,117309000,None,34315000,15000,103627000,None,None,878000,70036000,130233000,26104000,26104000,10022000,26886000,179487000,None,112780000,None,50576000,None,52152000,69814000,None,None,15000,None,103627000,None,None,43461000,None,74876000,42640000,None,8325000,8325000,None,None,None,3645000,254363000,70036000,None,14804832,USD,275000,-27539000,275000,353000,-2672000,-2672000,748000,-4902000,-2698000,22158000,24555000,7423000,1587000,None,None,10303000,34906000,221000,78000,35258000,1497000,23655000,1.03,1.05
2,2019-12-31,USD,104503000,34202000,68435000,36068000,2900000,1011000,None,None,2900000,-6000,34202000,1034000,1866000,None,186000,1895000,304000,118000,None,None,None,1921000,916000,None,979000,1011000,None,USD,301671000,4729000,None,7497000,182521000,120660000,None,44888000,15000,106328000,None,None,996000,48551000,173984000,29931000,29931000,10677000,28812000,213755000,None,115931000,None,90352000,None,67355000,99165000,None,None,15000,None,106328000,None,None,54375000,None,87916000,53425000,None,8537000,8537000,None,None,None,3640000,301671000,48551000,None,14801770,USD,-2120000,-1131000,-2120000,None,-4770000,-4770000,1317000,7779000,1005000,566000,7456000,-2567000,1415000,None,None,-166000,6340000,1151000,2120000,7749000,2966000,3532000,1.5183,1.03
3,2019-09-30,USD,113326000,25528000,88967000,24359000,-717000,-1076000,None,None,-717000,-28000,25528000,452000,-1169000,None,265000,387000,215000,-50000,None,None,None,372000,502000,None,-1089000,-1076000,None,USD,285245000,4711000,None,7563000,170289000,116441000,None,26757000,15000,106173000,None,None,1862000,45837000,161785000,35492000,35492000,6613000,27615000,215831000,None,111730000,None,97143000,None,65288000,99536000,None,None,15000,None,106173000,None,None,37088000,None,69414000,35261000,None,8504000,8504000,None,None,None,3640000,285245000,45837000,None,14801770,USD,-2473000,32755000,-2473000,None,11776000,11776000,1242000,355000,-1104000,15617000,6314000,1397000,2333000,None,None,-6124000,-21481000,-822000,2473000,-22121000,-2920000,12697000,3.3,1.5183
4,2019-06-30,USD,77316000,27036000,48330000,28986000,3228000,1856000,None,None,3228000,-83000,27036000,1278000,1950000,None,408000,1455000,277000,-131000,None,None,None,1503000,1409000,None,1725000,1856000,None,USD,265759000,4886000,None,6648000,147233000,120026000,None,42808000,15000,107249000,None,None,None,34526000,138394000,25999000,25999000,9127000,28245000,181005000,None,115140000,None,76704000,None,63127000,69587000,None,None,15000,None,107249000,None,None,51623000,None,84754000,51647000,None,8839000,8839000,None,None,None,3635000,265759000,34526000,None,14800140,USD,-1951000,-1236000,-1951000,None,-835000,-835000,1370000,-4727000,1773000,-23712000,-20926000,-3316000,2266000,None,None,-9412000,-9234000,-633000,1951000,-10368000,362000,-23350000,3.025,3.3
5,2019-03-31,USD,87956000,28537000,58598000,29358000,370000,-521000,None,None,370000,66000,28537000,-451000,821000,None,363000,825000,-156000,-156000,None,None,None,725000,-295000,None,-355000,-521000,None,USD,282992000,5046000,None,6365000,165176000,119267000,330000,55434000,15000,105393000,330000,None,None,57876000,155719000,28839000,28839000,10224000,29135000,184262000,None,114221000,None,64986000,9127000,55035000,71446000,None,None,15000,None,105393000,None,None,64549000,None,98730000,64561000,None,9127000,9457000,None,None,None,3635000,282992000,57876000,None,14800140,USD,-2131000,-39926000,-2131000,None,-54000,-54000,-2163000,-6869000,-455000,8956000,11141000,6289000,2225000,None,None,10557000,31027000,-85000,2131000,32536000,1908000,10864000,3.75,3.025
6,2018-12-31,USD,141702000,44917000,90295000,51407000,8033000,5101000,0,0,6950000,-143000,43831000,1543000,6490000,0,-787000,1993000,None,None,0,1086000,0,2227000,-626000,0,4723000,5101000,None,USD,252271000,4962000,None,10204000,139115000,114707000,354000,14856000,15000,105914000,354000,None,None,47012000,138761000,29497000,None,5151000,28445000,218864000,None,109745000,None,95719000,None,65929000,109264000,None,None,15000,None,105914000,None,None,None,None,33407000,None,None,None,354000,None,None,None,3627000,252271000,47012000,None,14798198,USD,None,-22073000,-3038000,None,23000,23000,6177000,5186000,4958000,20669000,23684000,21958000,141000,None,None,16369000,5119000,-609000,3038000,2940000,1864000,22533000,3.9926,3.75
7,2018-09-30,USD,125480000,26107000,95419000,30061000,3470000,3316000,0,0,4084000,-140000,26107000,-484000,3954000,0,-278000,None,None,None,0,0,0,851000,130000,0,3233000,3316000,None,USD,272285000,6337000,None,24181000,174667000,99046000,95000,32564000,15000,102102000,95000,0,6337000,24479000,174572000,36635000,None,-6698000,26746000,239202000,None,92709000,0,107299000,0,83243000,137937000,0,0,15000,0,102102000,0,None,None,None,33083000,None,None,None,95000,None,None,None,3627000,272285000,24479000,None,14798198,USD,None,54814000,-2849000,0,3296000,3296000,1227000,-4134000,3176000,-10020000,-10467000,-11904000,1620000,0,0,-21958000,-35162000,311000,2849000,-36526000,-1940000,-11960000,3.3,3.9926
8,2018-06-30,USD,88541000,31413000,53999000,34542000,3535000,2776000,0,0,4004000,-57000,31413000,406000,3129000,0,-360000,None,None,None,0,0,0,1298000,875000,0,2706000,2776000,None,USD,221190000,6290000,None,13771000,123931000,98578000,1039000,24686000,15000,98786000,1039000,0,6290000,36439000,122892000,35237000,None,-3843000,26305000,188595000,None,92288000,0,73967000,0,64418000,87655000,0,0,15000,0,98786000,0,None,None,None,32595000,None,None,None,1039000,None,None,None,3620000,221190000,36439000,None,14795992,USD,None,11796000,-3743000,0,-3474000,-3474000,1514000,-454000,2719000,-25679000,-18462000,-15744000,2366000,0,0,-10744000,-8316000,-607000,3743000,-8248000,-3059000,-28738000,3.4,3.3
9,2018-03-31,USD,92785000,29899000,61440000,31345000,1344000,815000,0,0,1344000,-228000,29899000,-102000,1446000,0,-564000,None,None,None,0,0,0,487000,-102000,0,857000,815000,None,USD,221514000,6616000,None,4725000,122727000,100119000,1714000,12798000,15000,96010000,1714000,0,6616000,65177000,121013000,41620000,41620000,474000,26172000,188726000,None,93503000,0,62226000,0,56598000,79393000,0,0,15000,0,96010000,0,None,None,None,32788000,None,None,None,1714000,None,None,None,3620000,221514000,65177000,None,14795992,USD,None,-26437000,-2552000,0,-5126000,-5126000,-7692000,-4608000,587000,129000,7807000,-343000,2537000,0,0,-129000,28466000,1396000,2552000,30196000,2172000,2301000,3.9,3.4
10,2017-12-31,USD,130433000,35886000,87100000,43333000,7134000,5564000,1070000,0,7779000,-18000,35886000,-313000,7447000,0,441000,None,None,None,0,0,0,2014000,3121000,0,5765000,5564000,None,USD,244992000,5995000,None,5139000,142294000,103760000,1883000,22506000,15000,95195000,1883000,0,5995000,62876000,140411000,37730000,37730000,4930000,25891000,213106000,None,97765000,0,88909000,0,56182000,102681000,0,3620000,15000,0,95195000,0,None,None,None,31886000,None,None,None,1883000,None,None,None,3620000,244992000,62876000,None,14795992,USD,None,21171000,-4208000,0,-6772000,-6772000,2161000,-1301000,5546000,20528000,31508000,8809000,1949000,0,0,-4496000,-11204000,-3579000,4208000,2108000,1549000,22077000,2.35,3.9
11,2017-09-30,USD,120257000,30405000,87007000,33250000,4640000,3233000,0,0,4640000,-115000,30405000,1795000,2845000,0,562000,None,None,None,0,0,0,1389000,0,0,3251000,3233000,None,USD,219538000,5881000,None,6672000,125458000,95103000,1345000,16418000,15000,90318000,None,0,5881000,40799000,124113000,44937000,44937000,1158000,23815000,189842000,None,89222000,0,92255000,0,50116000,79176000,0,0,15000,0,90318000,0,None,None,None,29696000,None,None,None,1345000,None,None,None,3612000,219538000,40799000,None,14792836,USD,None,5972000,-2136000,0,13438000,13438000,1132000,1065000,3118000,2135000,-9167000,-1657000,1585000,0,0,8327000,0,250000,2136000,-26762000,811000,2946000,2.25,2.35
12,2017-06-30,USD,79771000,27702000,49121000,30650000,3753000,2688000,0,0,3435000,-86000,27702000,805000,2948000,0,318000,None,None,None,0,0,0,735000,0,0,2700000,2688000,None,USD,194307000,5824000,None,3724000,111808000,83389000,1574000,15049000,15000,87085000,None,0,5824000,37853000,110234000,37849000,37849000,-7323000,22756000,165727000,None,77565000,0,65737000,0,58413000,72385000,0,0,15000,0,87085000,0,None,None,None,28580000,None,None,None,1574000,None,None,None,3612000,194307000,37853000,None,14792836,USD,None,4037000,-1016000,0,876000,876000,None,-954000,2602000,-22477000,-22337000,-5189000,1240000,0,0,-17291000,12258000,4234000,1011000,-11970000,230000,-22247000,2.65,2.25
13,2017-03-31,USD,85120000,27000000,56611000,28509000,2343000,974000,0,0,2016000,-175000,27000000,834000,1509000,0,327000,None,None,None,0,0,0,1217000,0,0,799000,974000,None,USD,184140000,5776000,None,4158000,100571000,84361000,2100000,15779000,15000,84398000,None,0,5776000,60100000,98471000,32212000,32212000,-3664000,21947000,156417000,None,78585000,0,51812000,0,40347000,66259000,0,0,15000,0,84398000,0,None,None,None,27723000,None,None,None,2100000,None,None,None,3612000,184140000,60100000,None,14792836,USD,None,-18551000,-1204000,5000,1016000,1016000,None,-1730000,799000,14732000,14920000,1832000,2241000,0,0,5541000,24228000,-1170000,1209000,24228000,80000,14812000,2.7,2.65
14,2016-12-31,USD,110371000,31835000,73883000,36488000,5396000,3359000,940000,0,4910000,-139000,31835000,743000,4653000,0,486000,None,None,None,0,0,0,1511000,541000,0,3399000,3359000,None,USD,201262000,5769000,None,3674000,116960000,84914000,3254000,20125000,15000,83423000,3254000,0,5769000,45288000,113706000,29232000,29232000,-2126000,22694000,172799000,None,79145000,0,74207000,0,49630000,84474000,0,3602000,15000,0,83423000,0,None,None,None,28463000,None,None,None,3254000,None,None,None,3602000,201262000,45288000,None,14787940,USD,None,9015000,-2438000,1000,-12806000,-14498000,1956000,-5219000,3220000,8584000,25520000,-4539000,2578000,0,0,2448000,13848000,2543000,2439000,10255000,-1613000,6971000,2.05,2.7
15,2016-09-30,USD,109926000,28384000,80312000,29614000,1716000,620000,0,0,1136000,-208000,28384000,486000,1230000,0,580000,None,None,None,0,0,0,519000,0,0,617000,620000,None,USD,210939000,5992000,None,4366000,131570000,79863000,2834000,23136000,15000,81844000,None,0,5992000,38317000,128736000,49832000,None,-5598000,24566000,180381000,None,73871000,0,90575000,0,47123000,78904000,0,0,15000,0,81844000,0,None,None,None,30558000,None,None,None,2834000,None,None,None,3602000,210939000,38317000,None,14787940,USD,None,9146000,-2845000,40000,5160000,5136000,608000,None,412000,11050000,8759000,-288000,2006000,0,0,15392000,3593000,910000,2885000,-18819000,-208000,10842000,2.13,2.05
16,2016-06-30,USD,80676000,23359000,53961000,26715000,4214000,3145000,0,0,3880000,-93000,23359000,858000,3356000,0,334000,None,None,None,0,0,0,743000,0,0,3137000,3145000,None,USD,197086000,6041000,None,4899000,116322000,81053000,2910000,21266000,15000,81223000,None,0,6041000,27475000,113412000,43675000,None,-3787000,23791000,167254000,None,75012000,0,72160000,0,62720000,69737000,0,0,15000,0,81223000,0,None,None,None,29832000,None,None,None,2910000,None,None,None,3602000,197086000,27475000,None,14787940,USD,None,-4591000,-4059000,0,1512000,3350000,1836000,None,3052000,-5669000,-4960000,7248000,1573000,0,0,-3542000,22412000,276000,4059000,-8976000,-1495000,-7164000,1.93,2.13
17,2016-03-31,USD,91693000,27862000,63350000,28343000,932000,-360000,0,0,335000,-140000,27862000,451000,481000,0,597000,None,None,None,0,0,0,692000,0,0,-357000,-360000,None,USD,201210000,6220000,None,7072000,121546000,79864000,2722000,25105000,15000,78078000,None,0,6220000,34639000,118824000,42414000,None,-1826000,21953000,173037000,None,73644000,0,65488000,0,65838000,76410000,0,0,15000,0,78078000,0,None,None,None,28173000,None,None,None,2722000,None,None,None,3597000,201210000,34639000,None,14785868,USD,None,-26128000,-1633000,0,-3574000,-1740000,917000,None,-500000,11434000,14807000,1131000,1758000,0,0,7443000,31388000,-285000,1633000,31388000,503000,11937000,1.78,1.93
18,2015-12-31,USD,129157833,31601300,92857755,36300078,7076010,4593857,2170000,0,6451180,-96855,31601300,2377232,4698778,0,624830,None,None,None,0,0,0,1689178,1553000,0,4762002,4593857,None,USD,228719000,6217000,None,3840000,149929000,78851000,2992000,29103000,15000,78439000,2992000,0,6217000,22702000,146937000,44841000,44841000,-3200000,21906000,200596000,None,72634000,0,98991000,0,75063000,102096000,0,0,15000,0,78439000,0,None,None,None,28123000,None,None,None,2992000,None,None,None,3597000,228719000,22702000,None,14785868,USD,None,8628449,-2637949,30153,-9794368,-7409868,-2468000,1420000,4667090,-3548692,6499125,5437298,1669362,0,0,-2753690,-491000,1687182,2668102,-12836566,-623390,-4172082,2.4,1.78
19,2015-09-30,USD,118601207,28534019,86258066,32343141,4362438,2900888,0,0,3790555,-86751,28534019,553316,3809122,0,571883,None,None,None,0,0,0,976418,0,0,2814137,2900888,None,USD,227277223,6345191,None,3388198,149432697,77810194,0,27546000,14786,76464975,None,0,6345000,26874321,149432697,51316567,None,-2266760,21311149,199620883,None,71465003,0,92126708,0,77231656,98116130,0,0,14786,0,76464975,0,None,None,None,27656340,None,None,None,None,None,None,None,3597193,227277223,26874321,None,14785868,USD,None,20994496,-3222061,56724,9951705,9933705,-18000,None,2724609,-361017,-7072661,-6773078,2147413,0,0,-2241658,10799000,-1770286,3278785,-22154157,-1015588,-1376605,2.5,2.4
