,fiscalDateEnding,reportedCurrency_x,totalRevenue,totalOperatingExpense,costOfRevenue,grossProfit,ebit,netIncome_x,researchAndDevelopment,effectOfAccountingCharges,incomeBeforeTax,minorityInterest,sellingGeneralAdministrative,otherNonOperatingIncome,operatingIncome,otherOperatingExpense,interestExpense,taxProvision,interestIncome,netInterestIncome,extraordinaryItems,nonRecurring,otherItems,incomeTaxExpense,totalOtherIncomeExpense,discontinuedOperations,netIncomeFromContinuingOperations,netIncomeApplicableToCommonShares,preferredStockAndOtherAdjustments,reportedCurrency_y,totalAssets,intangibleAssets,earningAssets,otherCurrentAssets,totalLiabilities,totalShareholderEquity,deferredLongTermLiabilities,otherCurrentLiabilities,commonStock,retainedEarnings,otherLiabilities,goodwill,otherAssets,cash,totalCurrentLiabilities,shortTermDebt,currentLongTermDebt,otherShareholderEquity,propertyPlantEquipment,totalCurrentAssets,longTermInvestments,netTangibleAssets,shortTermInvestments,netReceivables,longTermDebt,inventory,accountsPayable,totalPermanentEquity,additionalPaidInCapital,commonStockTotalEquity,preferredStockTotalEquity,retainedEarningsTotalEquity,treasuryStock,accumulatedAmortization,otherNonCurrrentAssets,deferredLongTermAssetCharges,totalNonCurrentAssets,capitalLeaseObligations,totalLongTermDebt,otherNonCurrentLiabilities,totalNonCurrentLiabilities,negativeGoodwill,warrants,preferredStockRedeemable,capitalSurplus,liabilitiesAndShareholderEquity,cashAndShortTermInvestments,accumulatedDepreciation,commonStockSharesOutstanding,reportedCurrency,investments,changeInLiabilities,cashflowFromInvestment,otherCashflowFromInvestment,netBorrowings,cashflowFromFinancing,otherCashflowFromFinancing,changeInOperatingActivities,netIncome_y,changeInCash,operatingCashflow,otherOperatingCashflow,depreciation,dividendPayout,stockSaleAndPurchase,changeInInventory,changeInAccountReceivables,changeInNetIncome,capitalExpenditures,changeInReceivables,changeInExchangeRate,changeInCashAndCashEquivalents,clossingVal,nextClossingVal
0,2020-07-31,USD,259479000,174724000,9221000,250258000,80696000,66821000,114933000,None,80696000,None,59791000,5162000,75534000,None,None,None,None,None,None,None,None,13875000,None,None,66821000,66821000,None,USD,2046548000,None,None,43937000,213224000,1833324000,None,50635000,309000,-443918000,None,63684000,None,527143000,142681000,None,None,7840000,52323000,1394663000,327141000,1769640000,685895000,121080000,None,16608000,92046000,None,None,309000,None,-443918000,None,None,60502000,None,148235000,None,None,70543000,70543000,None,None,None,2269093000,2046548000,1213038000,None,308886497,USD,80238000,2393000,73274000,None,None,-5148000,-19148000,None,66821000,169803000,101677000,-14073000,2201000,None,14000000,-2354000,None,30433000,6964000,16256000,None,169803000,23.09,
1,2020-04-30,USD,259479000,183945000,9221000,250258000,77735000,66821000,114933000,None,80696000,None,59791000,7226000,75534000,None,None,13875000,5162000,5162000,None,None,None,13875000,None,None,66821000,66821000,None,USD,2046548000,None,None,29773000,213224000,1833324000,None,32830000,309000,-443918000,22209000,63684000,210373000,527143000,142681000,None,None,7840000,52323000,1394663000,327141000,1769640000,685895000,134880000,None,16608000,9103000,None,None,306000,None,-510739000,None,None,60502000,None,651885000,48334000,None,7206000,70543000,None,None,None,2269093000,1955604000,1213038000,None,305780000,USD,73274000,3202000,105894000,115819000,None,-3003000,-20941000,-16091000,115433000,260642000,157751000,7161000,4376000,None,17938000,-2354000,16256000,31642000,9925000,-18270000,None,90839000,24.695,23.09
2,2020-01-31,USD,226915000,174106000,9289000,217626000,54984000,48612000,101877000,None,60035000,None,62940000,7698000,52809000,10520000,None,11423000,7220000,7220000,None,None,None,11423000,6000,None,48612000,48612000,None,USD,1955604000,None,None,26988000,207952000,1747652000,None,31831000,306000,-510739000,19592000,63684000,222135000,357340000,140477000,None,None,-222000,48489000,1136896000,486036000,1683968000,597028000,137338000,None,15417000,15321000,None,None,305000,None,-559351000,None,None,57312000,None,818708000,47883000,None,5459000,67475000,None,None,None,2258307000,1885670000,954368000,None,304831000,USD,32620000,6719000,32620000,35581000,None,2145000,-1793000,-2863000,48612000,90839000,56074000,-25670000,2175000,None,3938000,-4695000,-18270000,24396000,2961000,48264000,None,24820000,17.2,24.695
3,2019-10-31,USD,240310000,162994000,10520000,229790000,114582000,68743000,94448000,None,85014000,None,58026000,None,77316000,None,None,16271000,7706000,7706000,None,None,None,16271000,-8000,None,68743000,68743000,None,USD,1885670000,None,None,None,199700000,1685970000,None,21721000,305000,-559351000,8943000,63684000,225519000,266501000,142746000,None,None,3069000,48892000,1011190000,536385000,1622286000,585742000,119073000,None,12886000,11581000,None,None,None,None,None,None,None,11310000,None,874480000,50739000,None,2347000,56954000,None,None,None,2241947000,None,852243000,None,315000000,USD,-130201000,33939000,-587247000,-574413000,34000,12553000,-9946000,-38504000,321012000,-47738000,526956000,None,8348000,None,22499000,-2203000,50733000,40413000,12834000,None,None,None,15.45,17.2
4,2019-07-31,USD,271703000,156097000,7537000,264166000,118400000,97452000,97295000,None,122657000,None,51265000,7051000,115606000,7537000,None,25205000,7191000,7191000,None,None,None,25205000,-140000,None,97452000,97452000,None,USD,1784865000,None,None,14490000,181148000,1603717000,None,45919000,304000,-628094000,16374000,63684000,195104000,242317000,141069000,None,None,2668000,67202000,972112000,486763000,1540033000,518350000,169788000,None,13366000,8352000,None,None,304000,None,-628094000,None,None,8268000,None,812753000,23705000,44000,975000,40079000,None,None,None,2228839000,1784865000,760667000,None,303776032,USD,-206460000,-3795000,-457046000,-451471000,-12000,15553000,-3369000,17026000,252269000,-72558000,368935000,2096000,6088000,None,18956000,-1014000,-72247000,36592000,5575000,-73439000,None,-127572000,21.27,15.45
5,2019-04-30,USD,240275000,148286000,7539000,232736000,99767000,79042000,81932000,None,99767000,None,58815000,7778000,91989000,7539000,None,20725000,6975000,6975000,None,None,None,20725000,803000,None,79042000,79042000,None,USD,1643098000,None,None,12847000,154466000,1488632000,None,31877000,303000,-725546000,21127000,63684000,217100000,369789000,110796000,None,None,2207000,67282000,957247000,337785000,1424948000,452328000,97541000,None,12352000,78919000,None,None,303000,None,-725546000,None,None,23436000,None,210237000,22543000,56000,43670000,43670000,None,None,None,2211668000,1643098000,822117000,None,302784854,USD,-141720000,-10549000,-250586000,-247070000,-11000,12279000,-2434000,-17812000,154817000,55014000,293321000,12447000,3998000,None,14735000,-2209000,10129000,45912000,3516000,5049000,None,-4148000,19.66,21.27
6,2019-01-31,USD,215487000,130928000,7501000,215487000,90671000,75775000,63289000,None,90671000,None,60138000,6112000,84559000,7501000,None,14896000,6087000,6087000,None,None,None,14896000,25000,None,75775000,75775000,None,USD,1541794000,None,None,21390000,156774000,1385020000,None,32987000,302000,-804588000,11684000,63684000,248719000,373937000,125132000,None,None,728000,50553000,946298000,218619000,1321336000,425713000,115115000,19958000,10143000,92145000,None,None,302000,None,-804588000,None,None,18923000,None,243717000,19958000,None,31642000,31642000,None,None,None,2188578000,1541794000,799650000,None,301519885,USD,-105350000,10283000,-107657000,-105350000,-11000,5226000,-1580000,33567000,75775000,59162000,161593000,-1078000,1962000,None,6817000,-305000,55101000,11114000,2307000,63842000,None,59162000,23.57,19.66
7,2018-10-31,USD,229975000,118373000,7052000,229975000,116371000,360089000,57271000,0,116372000,0,53750000,4769000,111602000,7352000,-1000,None,None,None,0,0,0,-243717000,4470000,0,360089000,360089000,None,USD,1422286000,None,None,15017000,134833000,1287453000,None,25650000,300000,-880363000,17183000,63684000,247635000,314775000,105472000,2738000,2738000,-701000,50897000,897016000,157187000,1223769000,378559000,178827000,12099000,9838000,79822000,None,None,300000,None,-880363000,None,None,9391000,None,244111000,None,79000,29361000,29361000,None,None,None,2168217000,1422286000,693334000,None,299876080,USD,-139905000,12511000,-142799000,-264553000,291000,-1144000,-4369000,4530000,360089000,-39352000,104591000,3670000,2039000,None,3238000,595000,-37153000,-232750000,2894000,-41563000,None,-39352000,13.87,23.57
8,2018-07-31,USD,225397000,100221000,7360000,225397000,128955000,126630000,44741000,0,128954000,0,48120000,3779000,125176000,7360000,1000,None,None,None,0,0,0,2324000,3778000,0,126630000,126630000,None,USD,1024366000,63684000,None,36768000,108400000,915966000,0,27355000,299000,-1240452000,4875000,63684000,2592000,354127000,90906000,2315000,2315000,-513000,51046000,786962000,114093000,852282000,281000000,104634000,12529000,10433000,63551000,915966000,0,299000,0,-1240452000,0,None,8581000,None,237404000,None,None,17494000,17494000,None,None,None,2156632000,1024366000,635127000,None,298881884,USD,-48338000,-13363000,-63251000,308000,304000,3915000,-229000,-1514000,126630000,105216000,164552000,5187000,1700000,0,3840000,-2062000,37651000,8809000,15221000,37651000,None,105216000,20.7,13.87
9,2018-04-30,USD,186108000,100338000,5997000,186108000,88395000,87494000,42488000,0,88395000,0,51853000,2625000,85770000,5997000,-1000,None,None,None,0,0,0,901000,2625000,0,87494000,87494000,None,USD,911158000,63684000,None,10327000,136190000,774968000,0,30453000,298000,-1367316000,15600000,63684000,2048000,248911000,99944000,21346000,21346000,-731000,64744000,686286000,94396000,711284000,251516000,167161000,20646000,8371000,69491000,774968000,0,298000,0,-1367316000,0,None,2048000,None,224872000,20600000,20600000,15600000,36200000,None,None,None,2142717000,911158000,500427000,None,297892180,USD,-54032000,16623000,-66267000,0,-304000,7174000,-847000,7474000,87494000,15676000,74769000,784000,805000,0,8325000,-808000,-37200000,7071000,12235000,-37200000,None,15676000,20.82,20.7
10,2018-01-31,USD,212346000,96039000,5139000,212346000,118371000,115857000,37757000,None,118371000,None,52643000,2064000,116307000,5639000,-1000,None,None,None,None,None,None,2514000,1564000,None,115857000,115857000,None,USD,774915000,63684000,None,6850000,105149000,669766000,3177000,23325000,297000,-1454810000,20290000,63684000,3429000,232835000,84859000,None,None,-887000,45412000,565680000,96710000,606082000,194589000,123843000,0,7563000,61534000,669766000,0,297000,0,-1454810000,0,None,3429000,None,209235000,None,None,17113000,20290000,None,None,None,2125166000,774915000,427424000,None,314000000,USD,-22586000,-1619000,-25533000,0,-304000,-254000,-2129000,-2728000,115857000,46021000,71808000,-3944000,371000,0,1875000,-906000,-48769000,10818000,2947000,-48769000,None,46021000,30.31,20.82
11,2017-10-31,USD,120072000,82641000,-267888000,120072000,38918000,38489000,32204000,0,38918000,0,46246000,1487000,37431000,4191000,-78111000,None,None,None,0,-1600000,0,463000,28300000,0,38455000,38489000,None,USD,655294000,63684000,None,8750000,370333000,284961000,238520000,60807000,296000,-1829172000,240225000,63684000,16738000,183668000,115170000,540000,540000,-347000,25743000,484874000,64255000,221277000,204607000,81192000,408000,6657000,54363000,284961000,2114184000,296000,0,-1829172000,0,None,16738000,None,170420000,None,None,16643000,255163000,None,None,None,2114184000,655294000,388275000,None,296209426,USD,-789000,-4508000,-18833000,-350000,-185788000,-713000,-3551000,22917000,38489000,33807000,53353000,2508000,345000,0,2838000,-851000,-43299000,8968000,17694000,8402000,None,33807000,24.79,30.31
12,2017-07-31,USD,152510000,71330000,-66871000,152510000,84588000,81382000,28543000,0,84588000,0,38129000,3408000,81180000,4658000,-56494000,None,None,None,0,-2048000,0,3206000,10324000,0,81382000,81382000,None,USD,609772000,63684000,None,8012000,371057000,238715000,246092000,56695000,296000,-1867661000,262104000,63684000,5342000,149357000,108953000,None,None,-52000,19256000,470921000,50569000,175031000,217741000,90005000,0,5806000,52258000,238715000,0,296000,0,-1867661000,0,None,5342000,None,138851000,None,None,16012000,262104000,None,None,None,2106132000,609772000,367098000,None,295700576,USD,-25454000,603000,-26591000,-500000,-304000,2871000,-681000,8411000,81382000,14145000,37865000,-690000,279000,0,3552000,-381000,-46660000,3332000,1137000,-46660000,None,14145000,27.11,24.79
13,2017-04-30,USD,99008000,71895000,71673000,99008000,22496000,17656000,28214000,0,18237000,0,40727000,-4617000,27113000,3014000,4259000,None,None,None,0,-60000,0,581000,-12228000,0,17656000,17656000,None,USD,516532000,63684000,None,4433000,368021000,148511000,253663000,53854000,294000,-1949043000,270350000,63684000,95609000,135212000,97671000,None,None,-119000,18684000,402239000,26413000,84827000,214044000,43125000,0,5425000,43817000,148511000,0,294000,0,-1949043000,0,None,5512000,None,114293000,None,None,16687000,270350000,None,None,None,2097379000,516532000,349256000,None,293727630,USD,48710000,-6996000,46716000,-490000,-105788000,-100218000,-788000,6139000,17656000,-47967000,5535000,8543000,375000,0,6358000,-2121000,0,-2800000,1504000,-9122000,None,-47967000,22.4,27.11
14,2017-01-31,USD,80887000,60701000,60392000,80887000,21254000,16700000,23210000,None,16834000,None,34260000,1068000,20186000,3203000,4420000,None,None,None,None,28000,None,100000,-3352000,None,16734000,16700000,None,USD,586980000,63684000,None,6297000,467230000,119750000,261236000,45140000,292000,-1966699000,264943000,63684000,116436000,183179000,202287000,113349000,113349000,-326000,2594000,467950000,47351000,56066000,241094000,34076000,0,3304000,43798000,119750000,0,292000,0,-1966699000,0,None,5401000,None,119030000,None,None,3707000,264943000,None,None,None,2086483000,586980000,424273000,None,292302330,USD,35307000,38305000,34503000,4000,-80000000,-71868000,-1543000,-900000,16700000,31493000,68858000,-553000,370000,0,9675000,34000,6541000,7461000,808000,6541000,None,31493000,18.12,22.4
15,2016-10-31,USD,77581000,38698000,-156734000,77581000,39609000,39424000,23801000,0,39424000,0,13002000,726000,38883000,1852000,184000,None,None,None,0,43000,0,0,9179000,0,39424000,39424000,None,USD,597541000,63684000,None,5416000,508223000,89318000,237094000,33796000,290000,-1983147000,237635000,63684000,5382000,151686000,270588000,189122000,189122000,-416000,2071000,470803000,55601000,25634000,268117000,42246000,0,3338000,47670000,89318000,2072591000,290000,0,-1983147000,0,None,5382000,None,126738000,None,None,541000,237635000,None,None,None,2072591000,597541000,419803000,None,289923798,USD,-59828000,10889000,-60410000,5000,-575000,17163000,-1000,9746000,35123000,40467000,83714000,-17192000,385000,0,17739000,-46000,-38680000,5633000,587000,48921000,None,40467000,10.59,18.12
16,2016-07-31,USD,62194000,54930000,54876000,62194000,-3450000,-11284000,20256000,0,-11284000,0,32463000,-10714000,7020000,2455000,7834000,None,None,None,0,-244000,0,0,61022000,0,-11284000,-11284000,None,USD,548490000,63684000,None,7148000,516468000,32022000,232573000,52536000,286000,-2018270000,233332000,63684000,125425000,111219000,201643000,109365000,109365000,-80000,1737000,421328000,55817000,-31662000,208462000,91207000,81493000,3292000,39742000,32022000,0,286000,0,-2018270000,0,None,5924000,None,127162000,None,81493000,759000,314825000,None,None,None,2050086000,548490000,319681000,None,256000000,USD,-12075000,61175000,-12128000,-20000,-7134000,-45000,-7134000,-2055000,-6983000,-18608000,-6435000,-1132000,-2119000,0,7089000,-484000,0,16670000,33000,-73562000,None,-18608000,9.18,10.59
17,2016-04-30,USD,31787000,0,-61700000,-69384000,195096000,-20084000,5942000,0,78278000,0,-966000,749000,-23999000,0,-161000,None,None,None,0,-8168000,0,0,-25589000,0,313112000,313112000,None,USD,477136000,0,None,4657000,663270000,0,180838000,47305000,0,-2035403000,181920000,63684000,2210000,129827000,192795000,107500000,107500000,129000,1982000,353383000,51727000,-249818000,0,17799000,288555000,2808000,5435000,-186134000,0,0,0,0,0,None,6360000,None,123753000,None,288555000,1082000,470475000,None,None,None,1848910000,477136000,328119000,None,229000000,USD,-121929000,7454000,-143510000,0,-7134000,2686000,1914000,-8000,-98362000,-147055000,129017000,-79000,0,0,0,192000,0,5866000,1083000,-7423000,None,-147055000,4.61,9.18
18,2016-01-31,USD,15427000,64562000,64239000,15427000,-48933000,-61347000,28926000,None,-61347000,None,34857000,202000,-49135000,685000,12414000,None,None,None,None,94000,None,0,0,None,-61347000,-61347000,None,USD,492533000,63684000,None,4791000,648487000,-155954000,184431000,32062000,228000,-1998388000,186264000,63684000,151252000,276882000,101067000,27500000,None,-42000,1813000,339468000,82850000,-219638000,45235000,10088000,361156000,2472000,41505000,0,0,228000,0,-1998388000,0,None,4718000,None,153065000,None,361156000,1833000,547420000,None,None,None,1842248000,492533000,322117000,None,228681197,USD,-19110000,200884000,-19685000,107000,None,37000,None,None,-61347000,135248000,154896000,2992000,5514000,0,37000,144000,0,11647000,682000,-4938000,None,135248000,4.62,4.61
19,2015-12-31,USD,77581000,38698000,42279000,77581000,39609000,39424000,23801000,0,39424000,0,13002000,726000,38883000,1852000,184000,None,None,None,0,43000,0,-55000,42510000,0,39424000,39424000,None,USD,597541000,0,None,5416000,508223000,89318000,237094000,33796000,290000,-1983147000,2960000,63684000,0,151686000,270588000,189122000,417937000,-416000,2071000,470803000,55601000,25634000,268117000,42246000,0,3338000,47670000,0,0,290000,0,-1983147000,0,None,5382000,None,126738000,None,381435000,541000,237635000,None,None,None,2072591000,597541000,419803000,None,209000000,USD,-59828000,10889000,-60410000,5000,-575000,17163000,-1000,-22476000,35123000,40467000,83714000,-17192000,385000,0,17739000,-46000,0,5633000,587000,48921000,None,40467000,5.64,4.62
