,fiscalDateEnding,reportedCurrency_x,totalRevenue,totalOperatingExpense,costOfRevenue,grossProfit,ebit,netIncome_x,researchAndDevelopment,effectOfAccountingCharges,incomeBeforeTax,minorityInterest,sellingGeneralAdministrative,otherNonOperatingIncome,operatingIncome,otherOperatingExpense,interestExpense,taxProvision,interestIncome,netInterestIncome,extraordinaryItems,nonRecurring,otherItems,incomeTaxExpense,totalOtherIncomeExpense,discontinuedOperations,netIncomeFromContinuingOperations,netIncomeApplicableToCommonShares,preferredStockAndOtherAdjustments,reportedCurrency_y,totalAssets,intangibleAssets,earningAssets,otherCurrentAssets,totalLiabilities,totalShareholderEquity,deferredLongTermLiabilities,otherCurrentLiabilities,commonStock,retainedEarnings,otherLiabilities,goodwill,otherAssets,cash,totalCurrentLiabilities,shortTermDebt,currentLongTermDebt,otherShareholderEquity,propertyPlantEquipment,totalCurrentAssets,longTermInvestments,netTangibleAssets,shortTermInvestments,netReceivables,longTermDebt,inventory,accountsPayable,totalPermanentEquity,additionalPaidInCapital,commonStockTotalEquity,preferredStockTotalEquity,retainedEarningsTotalEquity,treasuryStock,accumulatedAmortization,otherNonCurrrentAssets,deferredLongTermAssetCharges,totalNonCurrentAssets,capitalLeaseObligations,totalLongTermDebt,otherNonCurrentLiabilities,totalNonCurrentLiabilities,negativeGoodwill,warrants,preferredStockRedeemable,capitalSurplus,liabilitiesAndShareholderEquity,cashAndShortTermInvestments,accumulatedDepreciation,commonStockSharesOutstanding,reportedCurrency,investments,changeInLiabilities,cashflowFromInvestment,otherCashflowFromInvestment,netBorrowings,cashflowFromFinancing,otherCashflowFromFinancing,changeInOperatingActivities,netIncome_y,changeInCash,operatingCashflow,otherOperatingCashflow,depreciation,dividendPayout,stockSaleAndPurchase,changeInInventory,changeInAccountReceivables,changeInNetIncome,capitalExpenditures,changeInReceivables,changeInExchangeRate,changeInCashAndCashEquivalents,clossingVal,nextClossingVal
0,2020-05-31,USD,66661000,59847000,27948000,38713000,10647000,3177000,9168000,None,5868000,None,18898000,None,6814000,None,None,2691000,-946000,-291000,None,None,None,2691000,-655000,None,3177000,3177000,None,USD,293531000,17523000,None,3800000,130579000,162952000,None,1616000,93999000,106266000,13797000,37842000,50867000,17070000,107211000,33821000,35864000,-56462000,48450000,138849000,None,107587000,3384000,56842000,2118000,42745000,43954000,None,None,None,None,None,None,None,1257000,None,154682000,10641000,9571000,878000,23368000,None,None,None,19149000,None,20454000,None,None,USD,-3807000,3253000,-3807000,-810000,18798000,18798000,None,-976000,3177000,-2056000,-16880000,None,3833000,None,0,-2282000,-25485000,1556000,1880000,None,None,None,2.63,
1,2020-02-29,USD,55412000,64638000,23796000,31616000,-5253000,-9021000,12566000,None,-9992000,None,24303000,None,-9226000,None,285000,-971000,-766000,-285000,None,None,None,-971000,-481000,None,-9021000,-9021000,None,USD,271369000,18830000,None,3669000,108223000,163146000,None,1600000,93827000,103089000,14697000,38728000,51810000,19126000,84609000,13650000,15808000,-52550000,48790000,113211000,None,105588000,1755000,33221000,2252000,41530000,41410000,None,None,None,None,None,None,None,1110000,None,158158000,9590000,8917000,570000,23614000,None,None,None,18780000,None,20881000,None,56000000,USD,-1445000,-5580000,-1445000,1117000,-1469000,-1469000,None,177000,-9021000,4081000,7135000,None,3973000,None,0,-458000,18539000,2683000,2146000,None,None,None,3.55,2.63
2,2019-11-30,USD,73696000,70420000,30241000,43455000,6931000,-63000,11749000,None,2606000,None,24504000,None,3276000,None,399000,2669000,-670000,-399000,None,None,None,2669000,-271000,None,-63000,-63000,None,USD,287472000,20495000,None,3364000,114023000,173449000,None,1602000,93355000,112110000,15071000,39076000,51083000,15045000,89076000,13322000,15657000,-50832000,50217000,126601000,None,113878000,2491000,51429000,2718000,41513000,47482000,None,None,None,None,None,None,None,979000,None,160871000,10120000,9876000,269000,24947000,None,None,None,18816000,None,17536000,None,55000000,USD,-1624000,-3693000,-1624000,416000,6834000,6609000,None,397000,-63000,-1473000,-6470000,None,3926000,None,-225000,-3493000,72000,-4132000,2040000,None,None,None,4.57,3.55
3,2019-08-31,USD,70365000,67591000,30260000,40105000,4386000,-227000,11143000,None,533000,None,23036000,None,2774000,None,279000,760000,-2241000,-1157000,None,None,None,760000,-1084000,None,-227000,-227000,None,USD,277602000,21654000,None,3083000,105038000,172564000,None,2451000,92706000,112173000,15709000,38648000,52818000,16518000,86036000,5000000,7449000,-51511000,39364000,125118000,None,112262000,2918000,51517000,3293000,38017000,27996000,None,None,None,None,None,None,None,1293000,None,152484000,None,3293000,318000,19002000,None,None,None,19196000,None,19436000,None,55000000,USD,-2481000,1171000,-2481000,2607000,-795000,-1002000,None,-1462000,-227000,2895000,6243000,None,3152000,None,-207000,534000,2252000,916000,1180000,None,None,None,3.65,4.57
4,2019-05-31,USD,73828000,69629000,30458000,43370000,7639000,21000,11970000,None,3406000,None,23761000,None,4199000,None,698000,3385000,-793000,-698000,None,None,None,3385000,-95000,None,21000,21000,None,USD,275167000,22875000,None,2945000,105325000,169842000,None,1624000,92889000,112400000,16179000,38517000,6140000,13623000,85270000,5000000,7579000,-54181000,40509000,120855000,None,108450000,1691000,52876000,3876000,37859000,48903000,None,None,None,None,None,None,None,911000,None,154312000,None,3876000,625000,20055000,None,None,None,18734000,None,15314000,None,56000000,USD,-1099000,1995000,-2410000,3908000,-4521000,-4521000,None,-1255000,21000,-11140000,-5214000,None,3440000,None,-105000,-306000,-12857000,2152000,1639000,None,None,None,4.06,3.65
5,2019-02-28,USD,74108000,70272000,29062000,45046000,7356000,5193000,12216000,None,4753000,None,25474000,None,3836000,None,1514000,-440000,None,1514000,None,None,None,-440000,-597000,None,5193000,5193000,None,USD,282982000,24904000,None,2583000,108195000,174787000,None,1656000,92878000,112379000,16761000,39707000,53263000,24763000,86856000,11725000,11725000,-48747000,42036000,123072000,None,110176000,2238000,41227000,4578000,38598000,47560000,None,None,None,None,None,None,None,159910000,None,828000,None,4578000,327000,21339000,None,None,None,18277000,None,27001000,None,56000000,USD,1229000,-3114000,1229000,3368000,-13236000,-13341000,None,-1775000,5193000,6676000,18688000,None,3520000,None,-105000,999000,9871000,2963000,1797000,None,None,None,3.68,4.06
6,2018-11-30,USD,69201000,72124000,28610000,40591000,-2923000,-7467000,13167000,None,-5826000,None,25978000,None,-2923000,None,-377000,None,None,None,None,None,None,1641000,-2903000,None,-7467000,-7467000,None,USD,287050000,26507000,None,2301000,120132000,166918000,None,25449000,92580000,107186000,16582000,39115000,52458000,18087000,98365000,2808000,2808000,-51093000,43687000,125283000,None,101296000,1976000,58714000,5185000,39186000,48709000,None,None,None,None,None,None,None,None,None,None,None,5185000,None,None,None,None,None,18245000,None,20063000,None,55000000,USD,342000,3132000,-2540000,342000,10540000,10540000,None,120000,-7467000,5329000,-2475000,None,4369000,None,None,-1361000,-4052000,3782000,2882000,None,None,None,3.16,3.68
7,2018-08-31,USD,69216000,67737000,26909000,42307000,1479000,-3951000,13495000,0,-3697000,0,23919000,None,1479000,0,-110000,None,None,None,0,0,0,254000,-5176000,0,-3951000,-3951000,None,USD,284544000,29866000,None,2597000,106623000,177921000,None,27325000,91937000,114906000,15625000,39892000,53077000,12758000,85091000,2921000,2921000,-47350000,44310000,117399000,None,108163000,2282000,55882000,5907000,38589000,26052000,None,None,None,None,None,None,None,None,None,None,None,None,None,None,None,None,None,None,None,None,None,55000000,USD,-1068000,1028000,-4320000,None,-850000,-2299000,-1449000,-913000,-3951000,-5731000,1015000,None,2433000,None,None,-1008000,-418000,-10000,2772000,None,None,None,4.405,3.16
8,2018-05-31,USD,72217000,76786000,28963000,43254000,-4569000,-5970000,16101000,0,-4607000,0,25957000,None,-4569000,0,-198000,None,None,None,0,0,0,1363000,-38000,0,-5970000,-5970000,None,USD,291203000,27775000,None,2531000,107820000,183383000,None,23526000,91910000,118857000,13387000,41021000,53269000,18489000,87854000,2938000,2938000,-45391000,44661000,124477000,None,114587000,990000,59399000,6579000,37883000,50408000,None,None,None,None,None,None,None,None,None,None,None,None,None,None,None,None,None,None,None,None,None,55000000,USD,-1068000,1821000,-3431000,None,8427000,4770000,-3657000,-338000,-5970000,5936000,4716000,None,5765000,None,None,1162000,2353000,-249000,3431000,None,None,None,3.5,4.405
9,2018-02-28,USD,64722000,6241000,25326000,-706000,-4910000,-7339000,15180000,0,-7110000,0,36703000,None,-5710000,0,4000,None,None,None,0,0,0,2321000,-2200000,0,-7691000,-7339000,None,USD,295745000,74292000,None,6765000,103106000,192639000,None,23952000,91684000,83188000,7667000,41725000,127513000,12553000,82608000,3021000,3021000,-41639000,44182000,124050000,None,118347000,1022000,63255000,7675000,39439000,52946000,None,None,None,None,None,None,None,None,None,None,None,None,None,None,None,None,None,None,None,None,None,55000000,USD,-14000,-447000,-14071000,None,1864000,1796000,-3657000,-635000,-4660000,-5898000,8639000,None,4319000,None,None,779000,4255000,5660000,4249000,None,None,None,4.4,3.5
10,2017-11-30,USD,63391000,60007000,23289000,40102000,3384000,2679000,13063000,0,4419000,0,33645000,None,4184000,0,-338000,None,None,None,0,0,0,1740000,1035000,0,2679000,2679000,None,USD,259078000,53607000,None,3946000,64001000,195077000,None,12035000,91009000,86052000,6352000,39204000,108730000,18451000,51737000,510000,510000,-43787000,41253000,109095000,9706000,141470000,1004000,47489000,1595000,37164000,38444000,None,None,None,None,None,None,None,None,None,None,None,None,None,None,None,None,None,None,None,None,None,56000000,USD,-10545000,-1369000,-22076000,None,-68000,-68000,-3657000,510000,2679000,-19984000,2386000,None,2273000,None,None,-1953000,1085000,-898000,1991000,None,None,None,4.325,4.4
11,2017-08-31,USD,62981000,170159000,23857000,115137000,14637000,844000,13057000,0,1957000,0,30756000,None,6312000,7191000,-246000,None,None,None,0,0,0,1113000,-4886000,0,5155000,844000,None,USD,259241000,46260000,None,4202000,62451000,196790000,9373000,33217000,90411000,88195000,6453000,35077000,91873000,38435000,52882000,None,None,-38965000,40132000,127236000,38111000,150530000,775000,48295000,None,33832000,19002000,None,None,None,None,None,None,None,None,None,None,None,None,None,None,None,None,None,None,None,None,None,56000000,USD,3464000,-1745000,-16503000,-12792000,-1480000,-1480000,-5106000,-874000,844000,-4773000,12870000,None,6686000,None,None,911000,3955000,4967000,7175000,None,None,None,4.7,4.325
12,2017-05-31,USD,58505000,1414000,22973000,-1509000,-2939000,-5312000,14711000,0,-4821000,0,33504000,None,-3539000,0,0,None,None,None,0,0,0,2012000,-1882000,0,-5312000,-5312000,None,USD,244491000,44725000,None,3781000,63390000,181101000,None,11852000,90376000,73004000,6242000,32756000,85603000,34373000,54428000,None,None,-53312000,36718000,122170000,None,136376000,3337000,48169000,None,32124000,41966000,None,None,None,None,None,None,None,None,None,None,None,None,None,None,None,None,None,None,None,None,None,55000000,USD,727000,1169000,-9307000,None,-1480000,-1480000,727000,-966000,-4304000,-13970000,10687000,None,2075000,None,None,315000,-901000,631000,5448000,None,None,None,4.85,4.7
13,2017-02-28,USD,60030000,57238000,22989000,37041000,2792000,1008000,12716000,0,2529000,0,31919000,None,3392000,0,-57000,None,None,None,0,0,0,1521000,-263000,0,1008000,1008000,None,USD,246454000,33128000,None,2971000,58845000,187609000,None,11593000,89841000,79925000,6463000,26094000,74800000,48343000,49941000,None,None,-50695000,36843000,134811000,None,154481000,4074000,45910000,None,33039000,37803000,None,None,None,None,None,None,None,None,None,None,None,None,None,None,None,None,None,None,None,None,None,56000000,USD,278000,2011000,-1378000,None,-1480000,-1480000,278000,-192000,1008000,13282000,13510000,None,1730000,None,None,924000,5160000,3794000,2893000,None,None,None,5.2,4.85
14,2016-11-30,USD,61785000,0,22813000,0,0,3303000,12640000,0,5265000,0,32809000,None,4833000,0,0,None,None,None,0,0,0,1962000,0,0,0,3303000,None,USD,236723000,32273000,None,2781000,52820000,183903000,None,9218000,89352000,76533000,5710000,21418000,74346000,35061000,44564000,None,None,None,35530000,None,None,None,4281000,None,None,33880000,34779000,None,None,None,None,None,None,None,None,None,None,None,None,None,None,None,None,None,None,None,None,None,55000000,USD,None,None,None,None,None,None,None,None,3303000,None,None,None,None,None,None,None,None,None,1237000,None,None,None,4.3,5.2
15,2016-08-31,USD,62858000,216908000,24145000,145517000,15675000,2252000,12512000,0,4440000,0,32843000,None,4621000,4986000,-303000,None,None,None,0,0,0,2188000,989000,0,8900000,2252000,None,USD,237793000,25319000,None,3099000,56392000,181401000,8387000,30019000,85516000,77735000,5605000,21928000,68742000,43208000,47930000,None,None,-48574000,35978000,133073000,34594000,156082000,4087000,49040000,None,33004000,16940000,None,None,None,None,None,None,None,None,None,None,None,None,None,None,None,None,None,None,None,None,None,55000000,USD,-2673000,4882000,-7029000,-12792000,-1480000,-1551000,-5106000,-175000,2252000,17344000,24363000,None,4986000,None,-1551000,-4713000,2682000,6862000,4356000,None,None,None,3.3,4.3
16,2016-05-31,USD,60896000,0,23880000,0,0,919000,12612000,0,3015000,0,32101000,None,3663000,0,0,None,None,None,0,0,0,2096000,0,0,0,919000,None,USD,240017000,25479000,None,3235000,58821000,181196000,None,11065000,86826000,76735000,5124000,21938000,68463000,42273000,50963000,None,None,None,36007000,None,None,None,4039000,None,None,34939000,39022000,None,None,None,None,None,None,None,None,None,None,None,None,None,None,None,None,None,None,None,None,None,55000000,USD,None,None,None,None,None,66000,None,None,919000,None,20820000,None,None,None,None,None,None,None,3374000,None,None,None,3.7,3.3
17,2016-02-29,USD,53597000,0,18904000,0,0,3963000,11472000,0,5327000,0,29727000,None,3756000,0,0,None,None,None,0,0,0,1364000,0,0,0,3963000,None,USD,225528000,24881000,None,2693000,52160000,173368000,None,9634000,87031000,69051000,5124000,21255000,67717000,43418000,45059000,None,None,None,34937000,None,None,None,958000,None,None,33088000,34314000,None,None,None,None,None,None,None,None,None,None,None,None,None,None,None,None,None,None,None,None,None,55000000,USD,None,None,None,None,None,281000,None,None,3963000,None,18552000,None,None,None,None,None,None,None,2236000,None,None,None,2.96,3.7
18,2015-11-30,USD,55232000,0,20137000,0,0,1766000,11279000,0,3882000,0,30185000,None,3635000,0,0,None,None,None,0,0,0,2116000,0,0,0,1766000,None,USD,222855000,25406000,None,2711000,52047000,170808000,None,7711000,86767000,66645000,5060000,21539000,69432000,27874000,45292000,None,None,None,35374000,None,None,None,1490000,None,None,30741000,36750000,None,None,None,None,None,None,None,None,None,None,None,None,None,None,None,None,None,None,None,None,None,55000000,USD,None,None,None,None,None,314000,None,None,1766000,None,3223000,None,None,None,None,None,None,None,1309000,None,None,None,3.4,2.96
19,2015-08-31,USD,56594000,217323000,21685000,137340000,4766000,2323000,12201000,0,4063000,0,30080000,None,3336000,7718000,-303000,None,None,None,0,603000,0,1740000,5127000,0,4857000,2323000,None,USD,219002000,25956000,None,2801000,48251000,170751000,4481000,27798000,86045000,66928000,3748000,21860000,70897000,25864000,42979000,None,None,-52005000,35695000,110327000,35625000,143271000,1487000,52224000,None,27951000,14402000,None,None,None,None,None,None,None,None,None,None,None,None,None,None,None,None,None,None,None,None,None,54000000,USD,3618000,8132000,-2315000,-12792000,-1480000,-25494000,-5106000,-1008000,2323000,-28257000,6484000,None,7718000,None,-25494000,820000,-10828000,-1145000,5933000,None,None,None,3.04,3.4
