,fiscalDateEnding,reportedCurrency_x,totalRevenue,totalOperatingExpense,costOfRevenue,grossProfit,ebit,netIncome_x,researchAndDevelopment,effectOfAccountingCharges,incomeBeforeTax,minorityInterest,sellingGeneralAdministrative,otherNonOperatingIncome,operatingIncome,otherOperatingExpense,interestExpense,taxProvision,interestIncome,netInterestIncome,extraordinaryItems,nonRecurring,otherItems,incomeTaxExpense,totalOtherIncomeExpense,discontinuedOperations,netIncomeFromContinuingOperations,netIncomeApplicableToCommonShares,preferredStockAndOtherAdjustments,reportedCurrency_y,totalAssets,intangibleAssets,earningAssets,otherCurrentAssets,totalLiabilities,totalShareholderEquity,deferredLongTermLiabilities,otherCurrentLiabilities,commonStock,retainedEarnings,otherLiabilities,goodwill,otherAssets,cash,totalCurrentLiabilities,shortTermDebt,currentLongTermDebt,otherShareholderEquity,propertyPlantEquipment,totalCurrentAssets,longTermInvestments,netTangibleAssets,shortTermInvestments,netReceivables,longTermDebt,inventory,accountsPayable,totalPermanentEquity,additionalPaidInCapital,commonStockTotalEquity,preferredStockTotalEquity,retainedEarningsTotalEquity,treasuryStock,accumulatedAmortization,otherNonCurrrentAssets,deferredLongTermAssetCharges,totalNonCurrentAssets,capitalLeaseObligations,totalLongTermDebt,otherNonCurrentLiabilities,totalNonCurrentLiabilities,negativeGoodwill,warrants,preferredStockRedeemable,capitalSurplus,liabilitiesAndShareholderEquity,cashAndShortTermInvestments,accumulatedDepreciation,commonStockSharesOutstanding,reportedCurrency,investments,changeInLiabilities,cashflowFromInvestment,otherCashflowFromInvestment,netBorrowings,cashflowFromFinancing,otherCashflowFromFinancing,changeInOperatingActivities,netIncome_y,changeInCash,operatingCashflow,otherOperatingCashflow,depreciation,dividendPayout,stockSaleAndPurchase,changeInInventory,changeInAccountReceivables,changeInNetIncome,capitalExpenditures,changeInReceivables,changeInExchangeRate,changeInCashAndCashEquivalents,clossingVal,nextClossingVal
0,2020-06-30,USD,2580632000,2333006000,2281632000,299000000,261735000,183869000,None,None,250982000,2480000,3113000,3356000,247626000,48261000,None,66794000,2559000,2559000,None,None,None,66794000,797000,None,184188000,183869000,None,USD,3810177000,None,None,69560000,1648579000,2159118000,None,241888000,1668000,2298387000,None,7927000,21701000,1180455000,1288069000,None,None,-153158000,922278000,2858271000,None,2151191000,None,1460324000,None,None,755971000,None,None,1668000,None,2298387000,None,None,16401000,None,951906000,430250000,None,None,360510000,None,None,None,12221000,3810177000,1180455000,None,166816000,USD,-22182000,106165000,-22182000,-68000,None,-97783000,-9170000,13728000,183869000,68482000,186721000,13133000,14109000,-86815000,-30985000,None,-185055000,33751000,22114000,-185055000,1726000,68482000,76.04,
1,2020-03-31,USD,1901864000,1742809000,1683952000,217912000,171715000,122344000,None,None,167246000,2339000,8243000,8191000,159055000,50614000,None,44464000,4807000,4807000,None,None,None,44464000,3384000,None,122782000,122344000,None,USD,3509967000,None,None,94060000,1472822000,2034806000,None,234614000,1662000,2202208000,None,7927000,25887000,1111973000,1159178000,None,None,-169746000,857336000,2618817000,None,2026879000,None,1268798000,None,None,700944000,None,None,1662000,None,2202208000,None,None,16207000,9680000,891150000,377392000,None,None,313644000,None,None,None,682000,3509967000,1111973000,None,166193000,USD,-6270000,22118000,-6270000,-143000,None,-261237000,-1396000,-27998000,122344000,-118518000,165000000,-6797000,12660000,None,-283240000,None,16680000,8708000,6127000,16680000,-16011000,-118518000,66.72,76.04
2,2019-12-31,USD,2044941000,1864601000,1805630000,239311000,192834000,137326000,None,None,185497000,2191000,11150000,5157000,180340000,47821000,None,47749000,4680000,4680000,None,None,None,47749000,477000,None,137748000,137326000,None,USD,3691884000,None,None,92558000,1494665000,2195028000,None,219550000,1696000,2321316000,None,7927000,24655000,1230491000,1168318000,None,None,-131187000,889379000,2769923000,None,2187101000,None,1315091000,None,None,735695000,None,None,1696000,None,2321316000,None,None,16621000,8034000,921961000,391714000,None,None,326347000,None,None,None,3203000,3691884000,1230491000,None,169622000,USD,-9597000,-40952000,-9597000,-1097000,None,-149452000,-6674000,5044000,137326000,14521000,165246000,4880000,12494000,-85369000,-92138000,None,19744000,16778000,9079000,19744000,8324000,14521000,78.02,66.72
3,2019-09-30,USD,2074855000,1868305000,1811203000,263652000,218936000,160221000,None,None,213946000,1902000,10133000,7396000,206550000,46969000,None,53319000,5501000,5501000,None,None,None,53319000,1895000,None,160627000,160221000,None,USD,3706453000,None,None,103521000,1497166000,2207385000,None,152717000,1702000,2301156000,None,7927000,60929000,1215970000,1183586000,None,None,-118774000,868384000,2769213000,None,2199458000,None,1319032000,None,None,744002000,None,None,1702000,None,2301156000,None,None,16578000,44351000,937240000,375422000,None,None,313580000,None,None,None,23301000,3706453000,1215970000,None,170243000,USD,-15289000,-72027000,-15289000,232000,None,-1286000,-6674000,9557000,160221000,133320000,161499000,-3654000,12386000,0,-61999000,None,43885000,8148000,15521000,43885000,-11604000,133320000,74.29,78.02
4,2019-06-30,USD,2035579000,1843378000,1783809000,251770000,204878000,153149000,None,None,200979000,381000,11643000,8778000,192201000,12677000,None,47449000,6516000,6516000,None,None,None,47449000,2262000,None,153530000,153149000,None,USD,3646990000,None,None,103089000,1594596000,2050973000,None,169055000,1701000,2140935000,None,7927000,50947000,1082650000,1278820000,None,None,-104096000,499233000,2711460000,None,2358822000,None,1382070000,None,None,811144000,None,None,1701000,None,2140935000,None,None,17330000,33617000,935530000,377043000,None,None,315776000,None,None,None,12433000,3646990000,1082650000,None,170040000,USD,-11949000,-9706000,-11949000,1038000,None,-250160000,-6674000,-14686000,153149000,-106779000,155707000,-1683000,12677000,-85184000,-190589000,None,-28187000,29076000,12987000,-28187000,-377000,-106779000,75.86,74.29
5,2019-03-31,USD,2020051000,1475540000,-1365937000,3385988000,195372000,139699000,None,None,195372000,412000,-356910000,7771000,187601000,1832450000,None,55261000,6106000,6106000,None,None,None,55261000,1665000,None,140111000,139699000,None,USD,3642912000,None,None,185840000,1227927000,2124270000,None,215675000,1716000,2222562000,None,7927000,55998000,1189429000,1227927000,58635000,58635000,-103986000,500853000,2728994000,None,2405894000,None,1353725000,289551000,None,1012252000,None,None,1716000,None,2222562000,None,None,367357000,37781000,913918000,348186000,None,None,289551000,None,None,None,3978000,3642912000,1189429000,None,171648000,USD,-9180000,-105290000,-9180000,255000,None,-17144000,None,33726000,140111000,263159000,289483000,-2999000,13393000,-85184000,-17144000,None,230477000,13791000,9435000,230477000,2535000,265694000,75.9,75.86
6,2018-12-31,USD,2235597000,2546280000,-3991770000,6227367000,222245000,179210000,0,0,222245000,367000,-1119832000,5238000,217007000,3666112000,0,None,None,None,-16408000,0,0,42668000,5238000,0,179577000,179210000,None,USD,3314559000,None,None,229551000,1326839000,1986838000,None,190343000,1716000,2088707000,None,7927000,67711000,923735000,1326839000,None,None,-105481000,504105000,2734816000,None,1978911000,None,1581530000,None,None,1136496000,None,None,1716000,None,2088707000,None,None,27246000,40465000,579743000,None,None,None,None,None,None,None,1896000,3314559000,923735000,None,171582000,USD,32000,-52257000,-9871000,-71000,None,-157903000,-33000,5495000,179577000,-65724000,102050000,274000,13186000,-78823000,-79047000,None,-58650000,19920000,9832000,-58650000,-1153000,-66877000,68.09,75.9
7,2018-09-30,USD,2090947000,1536216000,-1429633000,3520580000,208424000,162692000,0,0,208424000,375000,-351577000,5270000,203154000,1887793000,0,None,None,None,0,0,0,45357000,5270000,0,163067000,162692000,None,USD,3334800000,7927000,None,227337000,1377468000,1955849000,0,195035000,1726000,2053389000,None,7927000,70072000,990612000,1377468000,None,None,-101098000,510328000,2746473000,None,1947922000,0,1528524000,0,0,1182433000,1957332000,0,1726000,0,2053389000,0,None,26779000,43293000,588327000,None,None,None,None,None,None,None,1832000,3334800000,990612000,None,172564000,USD,32000,124921000,-10624000,1109000,None,-101268000,-1246000,-33693000,163067000,-25171000,86721000,2563000,13335000,-633000,-100635000,0,-210092000,-7073000,11733000,-210092000,-5071000,-30242000,73.53,68.09
8,2018-06-30,USD,1957559000,1423027000,-1315013000,3272572000,189904000,140605000,0,0,189904000,341000,-350948000,6320000,183584000,1773975000,0,None,None,None,0,0,0,48958000,6320000,0,140946000,140605000,None,USD,3132832000,7927000,None,205571000,1240273000,1889752000,0,161870000,1736000,1977121000,None,7927000,45217000,1020854000,1240273000,None,None,-90712000,515547000,2564141000,None,1881825000,0,1337716000,0,0,1078403000,1892559000,0,1736000,0,1977121000,0,None,28438000,16779000,568691000,None,None,None,None,None,None,None,1607000,3132832000,1020854000,None,173577000,USD,32000,27417000,-13677000,-1564000,None,-222604000,-3215000,-21221000,140946000,-87725000,148556000,-8328000,13576000,-79180000,-140209000,0,-46876000,21821000,12113000,-46876000,-24322000,-112047000,73.1,73.53
9,2018-03-31,USD,1854262000,443020000,1218424000,635838000,197756000,135692000,0,0,197756000,508000,429098000,4938000,192818000,13922000,0,None,None,None,0,0,0,61556000,4938000,0,136200000,135692000,None,USD,3212481000,7927000,None,179022000,1230215000,1979469000,0,147236000,1743000,2041520000,31334000,7927000,35395000,1132901000,1198881000,None,None,-64992000,531068000,2638091000,None,1971542000,0,1326168000,0,0,1051645000,1982266000,0,1743000,0,2041520000,0,None,27993000,7402000,574390000,None,None,31334000,31334000,None,None,None,1198000,3212481000,1132901000,None,174308000,USD,32000,-33736000,-14227000,-431000,None,-145963000,-1246000,4541000,136200000,75287000,235477000,4541000,13922000,-79180000,-145963000,0,100647000,13903000,13796000,100647000,6515000,81802000,63.3,73.1
10,2017-12-31,USD,1901371000,429798000,1272562000,628809000,205197000,166967000,0,0,205197000,488000,416729000,6186000,199011000,13069000,0,None,None,None,0,0,0,37742000,18795000,0,167455000,166967000,None,USD,3117008000,7927000,None,75612000,1122635000,1991858000,0,206320000,1764000,2063512000,29516000,7927000,50353000,1051099000,1093119000,None,None,-73964000,525203000,2541452000,None,1983931000,0,1414741000,0,0,1093119000,1994373000,546000,1764000,0,2063512000,0,None,29219000,13207000,575556000,None,None,29516000,29516000,None,None,None,546000,3117008000,1051099000,None,176374000,USD,None,23949000,56810000,84223000,None,-170884000,-904000,-5365000,167455000,12312000,126386000,782000,13069000,-75673000,-95211000,0,-184771000,-17888000,27413000,-60981000,5343000,17655000,64.69,63.3
11,2017-09-30,USD,1802166000,412247000,1203024000,599142000,190435000,120263000,0,0,190435000,343000,399975000,3540000,186895000,12272000,0,None,None,None,0,0,0,69829000,-2030000,0,120606000,120263000,None,USD,3068881000,7927000,None,135623000,1087800000,1978003000,11746000,216146000,1776000,2053723000,11746000,7927000,36890000,1033444000,1076054000,None,None,-78960000,513070000,2518921000,None,1970076000,0,1349854000,0,0,1076054000,1981081000,0,1776000,0,2053723000,0,None,28963000,None,549960000,None,None,None,11746000,None,None,None,1464000,3068881000,1033444000,None,177559000,USD,None,99982000,-34723000,-261000,None,-136861000,-904000,-5872000,120606000,-86224000,85360000,-5872000,12272000,-75726000,-136861000,0,0,-15526000,34462000,-126102000,4758000,-81466000,59.86,64.69
12,2017-06-30,USD,1672279000,395393000,1108646000,563633000,173810000,108851000,0,0,173810000,-96000,383351000,5570000,168240000,12042000,0,None,None,None,0,0,0,65055000,2531000,0,108755000,108851000,None,USD,3022756000,7927000,None,164128000,1044119000,1975844000,36473000,211376000,1796000,2049403000,36473000,7927000,37664000,1114910000,1007646000,None,None,-86507000,490776000,2494316000,None,1967917000,0,1215278000,0,0,1007646000,1978637000,0,1796000,0,2049403000,0,None,29737000,None,528440000,None,None,None,36473000,None,None,None,11152000,3022756000,1114910000,None,179637000,USD,None,5464000,-20340000,40000,None,-108277000,-904000,3290000,108755000,-47403000,81214000,3290000,12042000,-75726000,-32551000,0,2312000,24805000,20380000,-73142000,6270000,-41133000,56.48,59.86
13,2017-03-31,USD,1545132000,381491000,1017527000,527605000,149153000,93264000,0,0,149153000,303000,369564000,3039000,146114000,11927000,0,None,None,None,0,0,0,55586000,3039000,0,93567000,93264000,None,USD,2902719000,7927000,None,119265000,950999000,1948896000,24195000,205255000,1800000,2038053000,24195000,7927000,37319000,1156043000,926804000,None,None,-95678000,463604000,2401796000,None,1940969000,0,1126488000,0,0,926804000,1951720000,0,1800000,0,2038053000,0,None,29392000,None,500923000,None,None,None,24195000,None,None,None,4721000,2902719000,1156043000,None,179924000,USD,None,1500000,-13432000,-671000,None,-8543000,-904000,-3565000,93567000,173704000,195679000,-3565000,11927000,0,-8543000,0,75454000,16796000,12761000,75454000,7904000,181608000,56.49,56.48
14,2016-12-31,USD,1642007000,376381000,1093416000,548591000,176903000,110590000,0,0,176903000,508000,364438000,4693000,172210000,11943000,0,None,None,None,0,0,0,65805000,12844000,0,111098000,110590000,None,USD,2790871000,7927000,None,54014000,943658000,1844638000,13727000,185502000,1799000,1944789000,13727000,7927000,35720000,974435000,929931000,None,None,-104592000,536572000,2218579000,None,1836711000,35000,1190130000,0,0,929931000,1847213000,2642000,1799000,0,1944789000,0,None,27793000,None,572292000,None,None,None,13727000,None,None,None,2642000,2790871000,974435000,None,179857000,USD,-37000,32810000,-18695000,648000,None,-105204000,147000,1988000,111098000,-51491000,72408000,4077000,11943000,-73458000,-31893000,0,-102297000,20864000,19343000,-108384000,-16774000,-68265000,52.96,56.49
15,2016-09-30,USD,1562394000,377996000,1017135000,545259000,171112000,107581000,0,0,171112000,368000,366114000,3849000,167263000,11882000,0,None,None,None,0,0,0,63163000,-644000,0,107949000,107581000,None,USD,2813797000,7927000,None,64897000,959864000,1850083000,32260000,207547000,1803000,1929449000,None,7927000,38127000,1042700000,927604000,None,None,-81644000,539984000,2235686000,None,1842156000,0,1128089000,0,0,927604000,1853933000,0,1803000,0,1929449000,0,None,30200000,None,578111000,None,None,None,32260000,None,None,None,475000,2813797000,1042700000,None,180278000,USD,-37000,45267000,-11042000,1617000,None,-44061000,107000,-1395000,107949000,60583000,115686000,-1395000,11882000,-73000000,-44168000,0,6087000,10262000,12659000,-58279000,1853000,62436000,51.52,52.96
16,2016-06-30,USD,1475164000,374253000,922047000,553117000,183357000,116052000,0,0,183357000,387000,362611000,4493000,178864000,11642000,0,None,None,None,0,0,0,66918000,835000,0,116439000,116052000,None,USD,2707138000,7927000,None,75525000,927633000,1775915000,33607000,225821000,1808000,1855935000,None,7927000,39556000,980264000,894026000,None,None,-82012000,540737000,2126845000,None,1767988000,0,1071056000,0,0,894026000,1779505000,0,1808000,0,1855935000,0,None,31629000,None,580293000,None,None,None,33607000,None,None,None,184000,2707138000,980264000,None,180841000,USD,-2000,16688000,-8865000,4416000,None,-120495000,132000,1361000,116439000,-24308000,105052000,1361000,11642000,-73000000,-47627000,0,64366000,7266000,13279000,-48344000,-9345000,-33653000,49.04,51.52
17,2016-03-31,USD,1418472000,365243000,901403000,517069000,155484000,96584000,0,0,155484000,463000,353914000,3658000,151826000,11329000,0,None,None,None,0,0,0,58437000,3658000,0,97047000,96584000,None,USD,2679743000,7927000,None,44693000,897232000,1779251000,42817000,202284000,1816000,1845356000,None,7927000,65322000,1013917000,854415000,None,None,-71772000,526941000,2087480000,None,1771324000,0,1028870000,0,0,854415000,0,0,1816000,0,1845356000,0,None,57395000,None,592263000,None,None,None,42817000,None,None,None,3851000,2679743000,1013917000,None,181562000,USD,-35000,-4419000,-14594000,-524000,None,-28657000,None,-2055000,97047000,192702000,235953000,-2055000,11329000,0,-28657000,0,112710000,21341000,14035000,112710000,13419000,206121000,48.81,49.04
18,2015-12-31,USD,1596221000,358177000,1060052000,536169000,184410000,114449000,0,0,184410000,651000,346589000,6418000,177992000,11588000,0,None,None,None,0,0,0,69310000,15624000,0,115100000,114449000,None,USD,2582438000,7927000,None,56413000,887762000,1691993000,26389000,186571000,1821000,1690141000,9528000,7927000,64344000,807796000,861373000,None,None,-81238000,524724000,1976509000,None,1684066000,40000,1112260000,0,0,861373000,0,0,1821000,0,1771379000,0,None,56417000,None,589068000,None,None,None,26389000,None,None,None,31000,2582438000,807836000,None,190000000,USD,8218000,-73203000,-5117000,-855000,None,-266406000,4000,653000,114449000,-155609000,115914000,2072000,11588000,-68157000,-198253000,0,62619000,16648000,12480000,43709000,-5278000,-160887000,45.1,48.81
19,2015-09-30,USD,1651332000,378088000,1081351000,569981000,191474000,118310000,0,0,191474000,426000,366613000,-419000,191893000,11475000,0,None,None,None,0,0,0,72738000,-6859000,0,118736000,118310000,None,USD,2827018000,7927000,None,71355000,984826000,1839045000,29624000,208771000,1862000,1910388000,None,7927000,63665000,968683000,955202000,None,None,-74079000,527893000,2235460000,None,1831118000,8260000,1187162000,0,0,955202000,0,0,1862000,0,1910388000,0,None,55738000,None,591558000,None,None,None,29624000,None,None,None,874000,2827018000,976943000,None,186183201,USD,38788000,356000,26576000,-2666000,None,-155364000,None,None,118736000,3888000,132676000,-3801000,11475000,-68781000,-155364000,0,18910000,3444000,9546000,2466000,-20932000,-17044000,47.05,45.1
