,fiscalDateEnding,reportedCurrency_x,totalRevenue,totalOperatingExpense,costOfRevenue,grossProfit,ebit,netIncome_x,researchAndDevelopment,effectOfAccountingCharges,incomeBeforeTax,minorityInterest,sellingGeneralAdministrative,otherNonOperatingIncome,operatingIncome,otherOperatingExpense,interestExpense,taxProvision,interestIncome,netInterestIncome,extraordinaryItems,nonRecurring,otherItems,incomeTaxExpense,totalOtherIncomeExpense,discontinuedOperations,netIncomeFromContinuingOperations,netIncomeApplicableToCommonShares,preferredStockAndOtherAdjustments,reportedCurrency_y,totalAssets,intangibleAssets,earningAssets,otherCurrentAssets,totalLiabilities,totalShareholderEquity,deferredLongTermLiabilities,otherCurrentLiabilities,commonStock,retainedEarnings,otherLiabilities,goodwill,otherAssets,cash,totalCurrentLiabilities,shortTermDebt,currentLongTermDebt,otherShareholderEquity,propertyPlantEquipment,totalCurrentAssets,longTermInvestments,netTangibleAssets,shortTermInvestments,netReceivables,longTermDebt,inventory,accountsPayable,totalPermanentEquity,additionalPaidInCapital,commonStockTotalEquity,preferredStockTotalEquity,retainedEarningsTotalEquity,treasuryStock,accumulatedAmortization,otherNonCurrrentAssets,deferredLongTermAssetCharges,totalNonCurrentAssets,capitalLeaseObligations,totalLongTermDebt,otherNonCurrentLiabilities,totalNonCurrentLiabilities,negativeGoodwill,warrants,preferredStockRedeemable,capitalSurplus,liabilitiesAndShareholderEquity,cashAndShortTermInvestments,accumulatedDepreciation,commonStockSharesOutstanding,reportedCurrency,investments,changeInLiabilities,cashflowFromInvestment,otherCashflowFromInvestment,netBorrowings,cashflowFromFinancing,otherCashflowFromFinancing,changeInOperatingActivities,netIncome_y,changeInCash,operatingCashflow,otherOperatingCashflow,depreciation,dividendPayout,stockSaleAndPurchase,changeInInventory,changeInAccountReceivables,changeInNetIncome,capitalExpenditures,changeInReceivables,changeInExchangeRate,changeInCashAndCashEquivalents,clossingVal,nextClossingVal
0,2020-06-30,USD,None,None,None,None,None,None,None,None,None,None,None,None,None,None,None,None,None,None,None,None,None,1404000,None,None,None,-21217000,None,USD,None,None,None,None,None,None,None,None,127000,-980279000,131046000,None,55241000,None,None,None,None,-6378000,110087000,None,None,-394155000,None,None,None,None,None,None,None,None,None,None,None,None,None,None,None,None,None,None,None,None,None,None,None,None,None,None,None,USD,None,14937000,-2638000,None,-4750000,None,-3318000,5901000,None,None,8823000,None,None,None,None,None,None,12568000,0,None,None,None,4.34,
1,2020-03-31,USD,209519000,236071000,98184000,111335000,-20660000,-44352000,50577000,None,-42795000,None,85251000,1540000,-26552000,8707000,5979000,1557000,222000,-5757000,None,5156000,None,1557000,-10486000,None,-44352000,-44352000,None,USD,973452000,77152000,None,36737000,957052000,16400000,99032000,254762000,127000,-959062000,128964000,331084000,53727000,196350000,374529000,16819000,16819000,-6388000,115976000,395513000,None,-391836000,None,96212000,399704000,66214000,52981000,None,None,127000,None,-959062000,-43113000,None,53727000,None,577939000,72052000,399704000,23135000,582523000,None,None,None,1024836000,973452000,196350000,None,120139000,USD,-3192000,-18598000,-3192000,-174209000,50183000,54526000,2579000,-36435000,-44352000,55936000,5150000,-5605000,16156000,None,-4821000,13216000,62937000,8234000,3192000,62937000,-548000,55936000,3.09,4.34
2,2019-12-31,USD,267472000,267092000,118801000,148671000,-3327000,-23538000,55380000,None,-21741000,None,90534000,-271000,380000,8999000,6234000,1797000,477000,-5757000,None,8994000,None,1797000,-16364000,None,-23538000,-23538000,None,USD,1014653000,86740000,None,37744000,963726000,50927000,99016000,268221000,125000,-914710000,133255000,330184000,54985000,140414000,422957000,16814000,16814000,-2485000,125132000,417612000,None,-365997000,None,159790000,348916000,79664000,65995000,None,None,125000,None,-914710000,-40179000,None,54985000,None,597041000,76519000,348916000,26498000,540769000,None,None,None,1008176000,1014653000,140414000,None,118400000,USD,25547000,6308000,25547000,-174209000,-4851000,-38651000,-7391000,3859000,-23538000,9045000,22113000,7915000,12180000,None,-26409000,5265000,-7739000,17301000,4199000,-7739000,36000,9045000,7.37,3.09
3,2019-09-30,USD,255506000,265648000,118263000,137243000,-11136000,-37738000,59116000,None,-36143000,None,86339000,1225000,-10142000,8067000,5164000,1595000,667000,-4497000,None,15925000,None,1595000,-21504000,None,-37738000,-37738000,None,USD,1051792000,96087000,None,38963000,957943000,93849000,93628000,266944000,124000,-891172000,131547000,332841000,54967000,131369000,411451000,16523000,16523000,-3371000,133189000,434708000,None,-335079000,29705000,152277000,353406000,82394000,63519000,None,None,124000,None,-891172000,-15000000,None,54967000,None,617084000,79306000,353406000,29244000,546492000,None,None,None,1003268000,1051792000,161074000,None,121499000,USD,-209194000,-9197000,-209194000,-219458000,179401000,171387000,-12150000,-18749000,-37738000,-38238000,-202000,5040000,19843000,None,4136000,-2108000,33490000,14257000,5239000,33490000,-229000,-38238000,7.275,7.37
4,2019-06-30,USD,252359000,259925000,113413000,138946000,1037000,-17055000,54606000,None,-15085000,None,90568000,129000,-7566000,5146000,3009000,1970000,567000,-2442000,None,831000,None,1970000,-5077000,None,-17055000,-17055000,None,USD,756874000,51112000,None,34379000,640887000,115987000,60969000,214910000,122000,-853434000,115119000,138577000,51642000,169607000,356029000,9011000,9011000,-2473000,73554000,441989000,None,-73702000,None,174414000,169739000,63589000,65704000,None,None,122000,None,-853434000,-15000000,None,51642000,None,314885000,None,169739000,44546000,284858000,None,None,None,986772000,756874000,169607000,None,119172000,USD,-6355000,42672000,-6355000,921000,-2472000,-6264000,-2232000,26188000,-17055000,12794000,25443000,15533000,13113000,None,0,-5944000,-32997000,10121000,6549000,-32997000,-30000,12794000,6.47,7.275
5,2019-03-31,USD,250864000,141173000,-111945000,138919000,-2059000,-6932000,52081000,None,-5055000,None,87800000,195000,-2254000,1292000,2996000,1877000,-2368000,-2368000,None,None,None,1877000,-433000,None,-6932000,-6932000,None,USD,711510000,57362000,None,34684000,585542000,125968000,53113000,198540000,121000,-836379000,110802000,138577000,51917000,156813000,302747000,9009000,9009000,-2549000,73057000,390597000,None,-69971000,262000,141455000,171993000,57645000,95198000,None,None,121000,None,-836379000,-15000000,None,51917000,None,320913000,None,171993000,57689000,282795000,None,None,None,979775000,711510000,156813000,None,118669000,USD,-5041000,-9016000,-5041000,727000,-2470000,3151000,-2418000,-17321000,-6932000,16001000,17891000,7026000,12732000,None,8039000,652000,2760000,10669000,5041000,2760000,169000,16170000,7.49,6.47
6,2018-12-31,USD,252680000,136548000,-111381000,141299000,4995000,7199000,52204000,None,1929000,None,82228000,244000,4751000,2049000,3066000,None,None,None,None,67000,None,-5270000,-3363000,None,7199000,7199000,None,USD,711949000,63544000,None,39088000,596078000,115871000,49553000,208274000,119000,-829447000,110264000,137799000,53170000,140643000,311568000,9009000,9009000,-2725000,74499000,382937000,None,-85472000,428000,144909000,174246000,58297000,94285000,None,None,119000,None,-829447000,-15000000,None,53170000,None,329012000,None,174246000,60711000,284510000,None,None,None,962924000,711949000,140643000,None,116723000,USD,194000,-11246000,-3723000,727000,-2739000,-23150000,-3279000,-7023000,7199000,408000,27281000,-2382000,13172000,None,-17132000,-2717000,19907000,3348000,3723000,19907000,68000,476000,6.1,7.49
7,2018-09-30,USD,239886000,137089000,-107815000,132071000,-4137000,-9065000,51241000,None,-7663000,None,80353000,881000,-5018000,2949000,3526000,None,None,None,None,2546000,None,1402000,-5999000,None,-9065000,-9065000,None,USD,731884000,70023000,None,35371000,614753000,117131000,52108000,220171000,118000,-836646000,116215000,139082000,50754000,140167000,322040000,9008000,9008000,-2697000,76224000,395801000,None,-91974000,887000,164683000,176498000,55580000,92861000,0,0,118000,0,-836646000,0,None,50754000,None,336083000,None,176498000,64107000,292713000,None,None,None,956356000,731884000,140167000,None,118270000,USD,727000,-34953000,-6690000,0,-12739000,-8179000,-2577000,-11516000,-9065000,19461000,34330000,1560000,13856000,0,7137000,8287000,46661000,7984000,7417000,46661000,-433000,19028000,5.48,6.1
8,2018-06-30,USD,278300000,153538000,-769117000,150167000,-2114000,-5632000,52765000,0,-7274000,0,89074000,1257000,-3371000,5474000,5160000,None,None,None,0,6225000,0,-1642000,-20418000,0,-5632000,-5632000,None,USD,770248000,77092000,None,30484000,657516000,112732000,49795000,212018000,116000,-828078000,108895000,139082000,47642000,121139000,359872000,9007000,9007000,-1703000,78519000,427913000,None,-103442000,1459000,212423000,188749000,63867000,138847000,0,0,116000,0,-828078000,0,None,47642000,None,342335000,None,188749000,59100000,297644000,None,None,None,942397000,770248000,121139000,None,116124000,USD,599000,-1026000,-17813000,0,17848000,15532000,-1000000,4739000,-5632000,18492000,20773000,13698000,15868000,0,-1316000,12221000,-24142000,9786000,18412000,-24142000,-530000,17962000,7.96,5.48
9,2018-03-31,USD,262004000,151204000,119021000,142983000,-7840000,-13613000,50920000,0,-11884000,0,83947000,381000,-8221000,7021000,4044000,None,None,None,0,9316000,0,1729000,-18365000,0,-13613000,-13613000,None,USD,740485000,85406000,None,26659000,627560000,112925000,44456000,194783000,116000,-822446000,109896000,129244000,43348000,103177000,363706000,24720000,24720000,-471000,86487000,396000000,None,-101725000,2091000,188408000,153958000,77756000,144203000,0,0,116000,0,-822446000,0,None,43348000,None,344485000,None,153958000,65440000,263854000,None,None,None,935726000,740485000,103177000,None,115752827,USD,599000,2208000,-8690000,0,-4592000,930000,-671000,-14056000,-13613000,-23738000,-15978000,1020000,14072000,0,6193000,5571000,-34188000,8952000,8690000,-34188000,-193000,-23931000,11.07,7.96
10,2017-12-31,USD,231123000,160096000,102137000,128986000,-31036000,-31923000,45907000,0,-33540000,0,77328000,74000,-31110000,2746000,2504000,None,None,None,0,34115000,0,-1617000,-36545000,0,-31923000,-31923000,None,USD,726908000,92925000,None,24772000,615189000,111719000,43856000,188181000,114000,-808833000,103040000,130988000,268180000,127108000,346274000,22426000,22426000,-1278000,68565000,390163000,None,-112194000,1104000,154906000,160712000,83377000,135667000,0,0,114000,0,-808833000,0,None,44267000,None,336745000,None,160712000,64347000,268915000,None,None,None,921716000,726908000,127108000,None,113931341,USD,599000,23778000,-35422000,-29534000,15407000,13829000,-671000,18317000,-31923000,-25943000,-4350000,2840000,11682000,0,-1578000,-6364000,-5426000,1063000,5888000,-5426000,37000,-25906000,12.52,11.07
11,2017-09-30,USD,211715000,107889000,99334000,112381000,8266000,4376000,34285000,0,6051000,0,67746000,3774000,4492000,1614000,2215000,None,None,None,0,4244000,0,1675000,0,0,4376000,4376000,None,USD,597884000,67328000,None,18237000,462447000,135437000,35704000,143040000,113000,-776910000,41735000,118554000,213406000,153014000,263779000,17863000,17863000,-1764000,38627000,345851000,None,-50445000,1050000,116500000,149729000,58100000,102876000,0,0,113000,0,-776910000,0,None,27524000,None,252033000,None,149729000,13235000,198668000,None,None,None,913998000,597884000,153014000,None,113304977,USD,4922000,890000,-70546000,-68047000,74413000,74455000,-1494000,-10008000,4376000,22507000,18598000,2794000,7434000,0,42000,5915000,5762000,2951000,7421000,-5762000,57000,22564000,11.89,12.52
12,2017-06-30,USD,178701000,87105000,-76962000,101739000,14351000,12177000,26721000,0,13265000,0,56671000,-283000,14634000,-101223000,1086000,None,None,None,0,3197000,0,1088000,-30445000,0,12177000,12177000,None,USD,483346000,25337000,None,27867000,376639000,106707000,31869000,159286000,111000,-800257000,33819000,80216000,128139000,130450000,255822000,12280000,12280000,-2302000,30240000,324967000,None,1154000,0,120770000,80422000,45880000,84256000,0,0,111000,0,-800257000,0,None,22586000,None,158379000,None,80422000,8526000,120817000,None,None,None,909155000,483346000,130450000,None,110924508,USD,5521000,11069000,-2593000,0,-2262000,380000,-1326000,26505000,12177000,13109000,15322000,-875000,4843000,0,2642000,2243000,-13951000,4989000,2593000,-19124000,61000,13170000,9.22,11.89
13,2017-03-31,USD,148664000,85392000,-66518000,82146000,-3261000,-5604000,24691000,0,-4438000,0,48371000,-15000,-3246000,-73234000,1177000,None,None,None,0,3418000,0,1166000,0,0,-5604000,-5604000,None,USD,456581000,27766000,None,25343000,368795000,87786000,29996000,160238000,110000,-812434000,33664000,82680000,133900000,117280000,245216000,11149000,11149000,-3099000,30409000,292272000,None,-22660000,0,101960000,83775000,47689000,73829000,0,0,110000,0,-812434000,0,None,23454000,None,164309000,None,83775000,9808000,123579000,None,None,None,903209000,456581000,117280000,None,109997087,USD,4922000,7245000,-13409000,-10239000,-2262000,2087000,1000,1358000,-5604000,13351000,24673000,2904000,5072000,0,4349000,340000,5926000,1905000,3170000,12811000,143000,13494000,7.51,9.22
14,2016-12-31,USD,148111000,82716000,-72757000,75354000,-6256000,-8611000,24013000,0,-7432000,0,50506000,1106000,-7362000,-71326000,1176000,None,None,None,0,4169000,0,1179000,0,0,-8611000,-8611000,None,USD,449997000,29854000,None,14806000,364177000,85820000,30134000,162622000,108000,-806830000,33536000,80713000,135593000,103786000,237899000,10020000,10020000,-3848000,30599000,283805000,None,-24747000,0,117819000,87127000,47394000,65257000,0,0,108000,0,-806830000,0,None,25026000,None,166192000,None,87127000,9017000,126278000,None,None,None,896390000,449997000,103786000,None,108051089,USD,4922000,13541000,-54115000,-51088000,44660000,46075000,None,5539000,-8611000,1674000,9714000,16699000,6348000,0,1415000,8409000,18737000,5015000,3027000,-31687000,-153000,1521000,5.03,7.51
15,2016-09-30,USD,122642000,70005000,-57396000,65246000,-4925000,-6479000,18299000,0,-5572000,0,45243000,-166000,-4759000,-61104000,647000,None,None,None,0,2321000,0,907000,0,0,-6479000,-6479000,None,USD,363109000,11707000,None,11507000,272374000,90735000,26669000,128308000,107000,-798219000,30268000,70877000,107638000,102265000,204356000,19269000,19269000,-2748000,30058000,225413000,None,8151000,0,68246000,32621000,43395000,56779000,0,0,107000,0,-798219000,0,None,25054000,None,137696000,None,32621000,8728000,68018000,None,None,None,891595000,363109000,102265000,None,106899623,USD,None,-11314000,-1635000,0,-3250000,166000,None,1562000,-6479000,8105000,9574000,2352000,10077000,0,3416000,-2405000,12950000,4393000,1635000,12950000,38000,8143000,4.49,5.03
16,2016-06-30,USD,139617000,73155000,-66942000,72675000,-277000,-2340000,18885000,0,-971000,0,49131000,203000,-480000,-67536000,694000,None,None,None,0,12135000,0,1369000,-14133000,0,-2340000,-2340000,None,USD,374849000,19762000,None,12438000,284652000,90197000,26619000,126442000,105000,-791740000,30561000,70877000,116301000,94122000,211773000,17875000,17628000,-2874000,29580000,228968000,None,-442000,0,81419000,37625000,40989000,67456000,0,0,105000,0,-791740000,0,None,25662000,None,145881000,None,37625000,8635000,72879000,None,None,None,884706000,374849000,94122000,None,103000000,USD,5521000,10342000,-2530000,0,-3250000,-3073000,-1326000,-2196000,-2340000,5850000,11453000,-5315000,10261000,0,177000,11766000,10178000,3455000,2530000,-16716000,-62000,5788000,3.39,4.49
17,2016-03-31,USD,124886000,71631000,-62166000,62720000,-9149000,-10784000,18852000,0,-9918000,0,47279000,-238000,-8911000,-57220000,769000,None,None,None,0,0,0,866000,0,0,-10784000,-10784000,None,USD,368991000,27425000,None,9710000,278706000,90285000,26168000,130827000,105000,-789400000,30861000,70877000,124506000,88334000,201404000,16250000,None,-2277000,30439000,214046000,None,-8017000,4770000,63247000,42500000,52755000,54327000,0,0,105000,0,-789400000,0,None,26204000,None,154945000,None,42500000,8634000,77302000,None,None,None,881857000,368991000,88334000,None,104700580,USD,None,-816000,-1388000,0,-3250000,-1120000,None,None,-10784000,2438000,4946000,-13842000,10551000,0,2130000,3846000,26894000,4277000,1388000,11714000,31000,2469000,3.11,3.39
18,2015-12-31,USD,139305000,75638000,-69030000,70275000,-5222000,-7234000,20716000,0,-6031000,0,46833000,141000,-5363000,-62993000,809000,None,None,None,0,807000,0,1203000,0,0,-7234000,-7234000,None,USD,392787000,35138000,None,9925000,297651000,95136000,24976000,137193000,103000,-778616000,30041000,70877000,133633000,85865000,216764000,14625000,None,-2576000,32948000,226206000,None,-10879000,4769000,73815000,47375000,56601000,64946000,0,0,103000,0,-778616000,0,None,27618000,None,166581000,None,47375000,8536000,80887000,None,None,None,876225000,392787000,85865000,None,103229140,USD,None,7027000,-776000,0,-3250000,-2775000,None,None,-7234000,3890000,7441000,1409000,10393000,0,475000,5079000,15180000,7438000,776000,-16671000,-50000,3840000,4.08,3.11
19,2015-09-30,USD,124581000,75914000,-59463000,65118000,-9802000,-11526000,20268000,0,-10628000,0,45238000,994000,-10796000,-55048000,826000,None,None,None,0,338000,0,898000,0,0,-11526000,-11526000,None,USD,393487000,43241000,None,10510000,295116000,98371000,25169000,135067000,101000,-771382000,31023000,70877000,142653000,82025000,208619000,13000000,None,-2155000,35594000,215240000,None,-15747000,0,61026000,52250000,61679000,60552000,0,0,101000,0,-771382000,0,None,28535000,None,178247000,None,52250000,9078000,86497000,None,None,None,871807000,393487000,82025000,None,101338567,USD,None,-27213000,-633000,0,-1625000,230000,None,None,-11526000,6123000,6526000,-1132000,11967000,0,1855000,-3666000,31851000,6245000,633000,31851000,-323000,5800000,3.36,4.08
