,fiscalDateEnding,reportedCurrency_x,totalRevenue,totalOperatingExpense,costOfRevenue,grossProfit,ebit,netIncome_x,researchAndDevelopment,effectOfAccountingCharges,incomeBeforeTax,minorityInterest,sellingGeneralAdministrative,otherNonOperatingIncome,operatingIncome,otherOperatingExpense,interestExpense,taxProvision,interestIncome,netInterestIncome,extraordinaryItems,nonRecurring,otherItems,incomeTaxExpense,totalOtherIncomeExpense,discontinuedOperations,netIncomeFromContinuingOperations,netIncomeApplicableToCommonShares,preferredStockAndOtherAdjustments,reportedCurrency_y,totalAssets,intangibleAssets,earningAssets,otherCurrentAssets,totalLiabilities,totalShareholderEquity,deferredLongTermLiabilities,otherCurrentLiabilities,commonStock,retainedEarnings,otherLiabilities,goodwill,otherAssets,cash,totalCurrentLiabilities,shortTermDebt,currentLongTermDebt,otherShareholderEquity,propertyPlantEquipment,totalCurrentAssets,longTermInvestments,netTangibleAssets,shortTermInvestments,netReceivables,longTermDebt,inventory,accountsPayable,totalPermanentEquity,additionalPaidInCapital,commonStockTotalEquity,preferredStockTotalEquity,retainedEarningsTotalEquity,treasuryStock,accumulatedAmortization,otherNonCurrrentAssets,deferredLongTermAssetCharges,totalNonCurrentAssets,capitalLeaseObligations,totalLongTermDebt,otherNonCurrentLiabilities,totalNonCurrentLiabilities,negativeGoodwill,warrants,preferredStockRedeemable,capitalSurplus,liabilitiesAndShareholderEquity,cashAndShortTermInvestments,accumulatedDepreciation,commonStockSharesOutstanding,reportedCurrency,investments,changeInLiabilities,cashflowFromInvestment,otherCashflowFromInvestment,netBorrowings,cashflowFromFinancing,otherCashflowFromFinancing,changeInOperatingActivities,netIncome_y,changeInCash,operatingCashflow,otherOperatingCashflow,depreciation,dividendPayout,stockSaleAndPurchase,changeInInventory,changeInAccountReceivables,changeInNetIncome,capitalExpenditures,changeInReceivables,changeInExchangeRate,changeInCashAndCashEquivalents,clossingVal,nextClossingVal
0,2020-06-30,USD,210233000,214254000,108049000,102184000,14353000,-5487000,None,None,-10218000,None,14688000,None,-4021000,None,5379000,-4751000,628000,-4751000,None,None,None,-4751000,-1446000,-20000,-5467000,-5487000,None,USD,1224302000,65003000,None,None,544390000,679912000,None,None,551000,341517000,9688000,257326000,11217000,311130000,119368000,None,268000,-70757000,262689000,598584000,29483000,357583000,None,137535000,247618000,123112000,15304000,None,None,None,None,None,None,None,4572000,None,625718000,216556000,None,7523000,425022000,None,None,None,None,None,None,None,None,USD,81753000,-3898000,81753000,None,39000,-132000,-172000,-557000,-5487000,117401000,35094000,None,19192000,None,1000,9271000,10049000,4101000,8707000,None,None,None,6.3,
1,2020-03-31,USD,223283000,206672000,95918000,127365000,-9184000,-40874000,None,None,-34105000,None,14620000,None,16611000,None,5881000,6749000,941000,-4940000,-20000,None,None,6749000,-45776000,-20000,-40854000,-40874000,None,USD,1213132000,64043000,None,4000000,535579000,677553000,None,None,551000,347004000,9730000,257222000,12428000,193729000,110555000,None,267000,-76173000,265626000,585820000,27993000,356288000,None,198417000,244288000,173251000,15582000,None,None,None,None,None,None,None,5045000,None,627312000,215082000,244288000,7190000,425024000,None,None,None,406171000,None,193729000,None,56000000,USD,35434000,-6828000,35434000,4000000,-63000,-4322000,-172000,6858000,-40874000,54588000,32189000,None,19040000,None,-4196000,311000,4382000,43436000,6586000,None,None,None,4.17,6.3
2,2019-12-31,USD,222435000,208213000,92366000,130069000,27560000,1238000,None,None,3024000,None,17489000,None,14222000,None,5329000,1759000,843000,-4486000,-27000,None,None,1759000,-6712000,-27000,1265000,1238000,None,USD,1300942000,68995000,None,None,549342000,751600000,None,12548000,559000,389928000,9345000,301282000,8259000,143141000,112436000,215000,215000,-46327000,291196000,601938000,29272000,381323000,None,240093000,241209000,187369000,12534000,None,None,None,None,None,None,None,5012000,None,699004000,234404000,241209000,7226000,436906000,None,None,None,407440000,None,143141000,None,56000000,USD,-6798000,-30433000,-6798000,4000000,-292000,-2934000,-284000,-9649000,1238000,-19301000,-10918000,None,19207000,None,-963000,-1592000,-355000,8625000,5574000,None,None,None,6.82,4.17
3,2019-09-30,USD,214339000,206858000,93483000,120856000,13545000,-645000,None,None,437000,None,16870000,None,7481000,None,5425000,1029000,1449000,-3976000,-53000,None,None,1029000,-3068000,-53000,-592000,-645000,None,USD,1083702000,68044000,None,229854000,338753000,744949000,1985000,12915000,556000,389163000,9287000,300527000,7498000,157567000,91086000,214000,214000,-52398000,67357000,605760000,35633000,376378000,None,38984000,238380000,179355000,77957000,None,None,556000,None,389163000,None,None,4383000,None,1998000,None,238380000,7302000,247667000,None,None,None,407628000,1083702000,157567000,None,56000000,USD,-14591000,23950000,-14591000,12167000,-216000,-216000,-284000,9926000,-645000,23520000,38540000,None,7683000,None,None,-1870000,-2033000,3260000,14271000,None,None,None,6.455,6.82
4,2019-06-30,USD,202465000,193646000,86612000,115853000,20545000,3158000,None,None,3459000,None,15053000,None,8819000,None,9832000,98000,3172000,-6660000,-203000,None,None,98000,1300000,-203000,3361000,3158000,None,USD,1069223000,63646000,None,None,321907000,747316000,None,12750000,554000,389808000,13512000,300700000,19340000,138922000,72946000,215000,215000,-47926000,66214000,588401000,30922000,382970000,None,240481000,235449000,175802000,18329000,None,None,None,None,None,None,None,4472000,None,480822000,None,235449000,5990000,248961000,None,None,None,404880000,None,138922000,None,55000000,USD,-28153000,-1929000,-28153000,7309000,-195370000,-195370000,-284000,-604000,3158000,-208864000,14354000,None,7254000,None,None,956000,-2496000,4978000,10705000,None,None,None,9.47,6.455
5,2019-03-31,USD,214730000,110919000,87040000,127690000,20059000,3394000,None,None,5019000,-753000,104730000,3288000,16771000,-208541000,8589000,2360000,-5032000,-5463000,-18000,None,None,2360000,-5466000,-18000,2659000,3394000,None,USD,1253115000,58503000,None,206122000,513356000,739759000,9012000,13564000,554000,386650000,15462000,296881000,14514000,347786000,265161000,192901000,192901000,-49950000,67518000,777803000,37896000,384375000,None,50547000,232733000,173348000,58696000,None,None,554000,None,386650000,None,None,4395000,10119000,475312000,None,232733000,6450000,248195000,None,None,None,402505000,1253115000,347786000,None,55000000,USD,-47897000,3698000,23194000,79074000,-119000,-119000,-3288000,-2026000,3519000,50938000,27863000,16767000,5896000,None,None,-264000,4674000,-1753000,7983000,None,None,50938000,9.32,9.47
6,2018-12-31,USD,215850000,116315000,85646000,130204000,16495000,-4244000,None,None,-5570000,-477000,105025000,2606000,13889000,-204560000,8791000,-1081000,None,None,-183000,None,None,-1032000,-23901000,-183000,-4538000,-4244000,None,USD,1237772000,55956000,None,225207000,505308000,739467000,9617000,11747000,554000,387936000,15767000,294881000,18324000,297031000,259613000,190238000,190238000,-49104000,69770000,763330000,40110000,388630000,255000,65670000,229928000,175422000,57628000,None,None,554000,None,387936000,None,None,4442000,9283000,474442000,None,229928000,6150000,245695000,None,None,None,400081000,1237772000,297031000,None,55000000,USD,-79945000,-461000,-8279000,77546000,676000,-2612000,-3288000,-1564000,-4721000,11869000,22760000,13024000,5472000,None,None,685000,-877000,8761000,5880000,None,None,11869000,7.73,9.32
7,2018-09-30,USD,206331000,106769000,101424000,124818000,24164000,-135000,0,0,3688000,360000,99573000,6115000,18049000,-626288000,8764000,1338000,None,None,-2125000,0,0,3238000,-13871000,-225000,450000,-135000,None,USD,1246920000,54923000,None,231617000,502214000,748037000,8817000,11824000,546000,392180000,15707000,297448000,14254000,286015000,259805000,190181000,190181000,-42616000,73649000,757146000,52726000,395666000,267000,72517000,226702000,166997000,57800000,744706000,397927000,546000,0,392180000,0,None,3863000,7165000,489774000,None,226702000,6890000,242409000,None,None,None,397927000,1246920000,286015000,None,58000000,USD,-59215000,-524000,-17098000,48674000,-2569000,-2569000,-311000,3831000,225000,7000,19674000,-6836000,22853000,0,0,-2062000,-4754000,6018000,6557000,None,977000,984000,10.7,7.73
8,2018-06-30,USD,199942000,102738000,84870000,115072000,23130000,14633000,0,0,15736000,-359000,96300000,10796000,12334000,-193504000,7394000,1553000,None,None,91000,0,0,1553000,3088000,91000,14183000,14633000,None,USD,1240113000,59678000,None,226502000,503555000,740248000,0,11938000,545000,392315000,11111000,292544000,21276000,285031000,269547000,195796000,195796000,-48040000,71587000,733972000,74488000,388026000,252000,71294000,222897000,151145000,61813000,736558000,395428000,545000,0,392315000,0,None,3575000,4269000,506141000,None,222897000,11111000,234008000,None,None,None,395428000,1240113000,285031000,None,58000000,USD,-97849000,500000,-67634000,44881000,170468000,170468000,-311000,-372000,14274000,126343000,23509000,453000,3934000,0,0,1616000,-2363000,2732000,14666000,None,-1224000,125119000,12.05,10.7
9,2018-03-31,USD,202734000,102052000,72567000,120593000,23689000,11813000,0,0,17860000,-374000,95501000,5148000,18541000,16125000,5829000,5797000,None,None,-500000,0,0,5921000,-1281000,-500000,11939000,11813000,None,USD,1074553000,45728000,None,188632000,386423000,691462000,0,12225000,545000,377682000,11884000,289438000,52275000,159912000,176201000,103287000,103287000,-40463000,64833000,575770000,65169000,356296000,273000,68584000,198338000,158642000,60689000,688130000,353698000,545000,0,377682000,0,None,19773000,13842000,498783000,None,198338000,11884000,210222000,None,None,None,353698000,1074553000,159912000,None,58000000,USD,-43840000,1688000,17238000,72412000,170468000,170468000,311000,-861000,11439000,45411000,28173000,8700000,3996000,0,0,459000,4014000,1891000,11334000,None,917000,46328000,13.2,12.05
10,2017-12-31,USD,204508000,102690000,71744000,122427000,25639000,12748000,0,0,19792000,-615000,96928000,5902000,19737000,16099000,5847000,None,None,None,0,0,0,7437000,-384000,-222000,12355000,12748000,None,USD,1042562000,43974000,None,203517000,374499000,671167000,0,10686000,545000,364414000,8845000,288773000,429317000,113584000,70893000,294761000,294761000,-44902000,62098000,551147000,68948000,338420000,0,70736000,294761000,163310000,60207000,668063000,351110000,545000,0,364414000,0,None,16625000,10997000,491415000,None,294761000,8845000,303606000,None,None,None,351110000,1042562000,113584000,None,56000000,USD,-66625000,-5566000,-66712000,7830000,170468000,-311000,-311000,-2384000,12133000,-49655000,17368000,3543000,3146000,0,0,-1087000,-50000,5199000,7917000,None,-1154000,-50809000,12.2,13.2
11,2017-09-30,USD,182069000,95996000,62240000,108093000,18568000,11410000,0,0,7612000,-1298000,90233000,6471000,12097000,17499000,10956000,None,None,None,0,0,0,-2457000,-11920000,43000,10069000,11410000,None,USD,1024363000,32420000,None,198007000,364437000,662375000,0,11032000,544000,351666000,7055000,254760000,385447000,164393000,72575000,284807000,284807000,-38367000,57959000,580957000,71696000,375195000,0,64146000,284807000,154411000,61543000,659926000,348532000,544000,0,351666000,0,None,9715000,16856000,443406000,None,284807000,7055000,291862000,None,None,None,348532000,1024363000,164393000,None,54000000,USD,-46941000,-1624000,-25227000,31227000,54118000,54118000,-767000,11314000,10112000,50753000,21862000,-15364000,16828000,0,0,-749000,-224000,12707000,9513000,None,-89000,50664000,9.5,12.2
12,2017-06-30,USD,183633000,94201000,63068000,105555000,14553000,5260000,0,0,8899000,-58000,88341000,3199000,11354000,20870000,5654000,None,None,None,0,0,0,3432000,0,-265000,5467000,5260000,None,USD,970317000,32551000,None,200255000,346015000,625437000,0,11091000,543000,340256000,9680000,254469000,415649000,113729000,75921000,260414000,260414000,-37921000,53022000,501646000,82978000,338417000,0,52609000,260414000,135053000,64830000,624302000,0,543000,0,340256000,0,None,9145000,36506000,468671000,None,260414000,9680000,270094000,None,None,None,322559000,970317000,113729000,None,54000000,USD,-82319000,704000,-18500000,67866000,54118000,-767000,-311000,-1910000,5202000,-6491000,12009000,-334000,4873000,0,0,762000,604000,802000,4047000,None,121000,-6370000,7.7,9.5
13,2017-03-31,USD,189628000,93844000,70890000,109897000,19308000,8023000,0,0,13680000,-167000,87743000,3255000,16053000,14942000,5628000,None,None,None,0,0,0,5449000,0,-375000,8231000,8023000,None,USD,961967000,31768000,None,174278000,348503000,614526000,0,10992000,543000,334996000,8448000,254217000,419946000,120099000,73331000,None,None,-42544000,53630000,488391000,78653000,328541000,0,57006000,266724000,137008000,62339000,613464000,0,543000,0,334996000,0,None,18174000,37134000,473576000,None,266724000,8448000,275172000,None,None,None,321531000,961967000,120099000,None,54000000,USD,-36350000,-7051000,31711000,71028000,54118000,-61000,-61000,14617000,7856000,54905000,23255000,16776000,5131000,0,0,1323000,4151000,-780000,2967000,None,1487000,56392000,8.15,7.7
14,2016-12-31,USD,192624000,97869000,72315000,111965000,18613000,7165000,0,0,13048000,-127000,91573000,4517000,14096000,14640000,5565000,None,None,None,0,0,0,4782000,0,-1228000,8266000,7165000,None,USD,964500000,31708000,None,197420000,365618000,599764000,0,9729000,543000,326973000,8259000,253585000,436387000,63707000,78423000,None,None,-47577000,54881000,473232000,79240000,314471000,0,68665000,278936000,143440000,68694000,598882000,0,543000,0,326973000,0,None,37187000,34667000,491268000,None,278936000,8259000,287195000,None,None,None,319825000,964500000,63707000,None,54000000,USD,-65174000,-22829000,4761000,72261000,54118000,-706000,-706000,1148000,7038000,-1235000,-5290000,3891000,5344000,0,0,-615000,0,1881000,2326000,None,-795000,-2030000,10.65,8.15
15,2016-09-30,USD,160002000,85946000,65505000,102521000,10715000,6544000,0,0,78779000,12810000,80343000,-5860000,16575000,-511000,-5100000,None,None,None,0,1910000,0,5830000,-32637000,-68967000,72949000,6544000,None,USD,983244000,30681000,None,167329000,389039000,594983000,1106000,10693000,541000,319808000,10450000,253976000,442646000,65737000,94978000,283611000,283611000,-44089000,58455000,482143000,78247000,310326000,3000000,31062000,283611000,140224000,84285000,594205000,0,541000,0,319808000,0,None,44439000,35303000,501101000,None,283611000,10450000,294061000,None,None,None,318723000,983244000,65737000,None,54000000,USD,-70750000,4631000,22843000,92145000,-39743000,-36483000,44497000,-11696000,3982000,3752000,17392000,2033000,22895000,0,0,-2386000,286000,-24689000,3142000,None,5156000,34629000,11.06,10.65
16,2016-06-30,USD,170150000,93886000,60140000,100394000,7752000,-5689000,0,0,3816000,-666000,87653000,1244000,6508000,15849000,3936000,None,None,None,0,11000,0,1038000,0,-9133000,2778000,-5689000,None,USD,988016000,30569000,None,337590000,420651000,569981000,0,141828000,540000,320537000,3321000,254273000,394834000,34380000,205909000,None,None,-64703000,61201000,531981000,57656000,282729000,5000000,29643000,211421000,130368000,64081000,569775000,0,540000,0,320537000,0,None,18950000,33386000,456035000,None,211421000,3321000,214742000,None,-2410000,None,313607000,988016000,34380000,None,54000000,USD,-78587000,-10860000,-30165000,56444000,26829000,23272000,-44794000,-374000,-6355000,-15621000,-8728000,-6940000,-2730000,0,0,-356000,1838000,29439000,3432000,None,-2886000,-44228000,7.56,11.06
17,2016-03-31,USD,201899000,103852000,68332000,113799000,11862000,-74125000,0,0,-70508000,-3666000,95903000,1915000,9947000,27499000,8449000,None,None,None,0,74139000,0,6189000,0,-1094000,-76697000,-74125000,None,USD,1034449000,40197000,None,199062000,444166000,591842000,0,13965000,540000,341538000,2751000,254782000,513417000,89153000,188607000,82174000,None,-62805000,64962000,456070000,56677000,295634000,13817000,41409000,252808000,126446000,92468000,0,0,540000,0,341538000,0,None,84636000,77125000,578379000,None,252808000,2751000,255559000,None,-1229000,None,312569000,1034449000,89153000,None,55000000,USD,-32052000,1756000,23401000,57263000,-10560000,-28270000,-5960000,None,-77791000,55338000,60207000,47727000,11524000,0,-11750000,1114000,10140000,75877000,1810000,None,-2783000,52555000,2.97,7.56
18,2015-12-31,USD,198454000,115373000,66259000,111516000,-2532000,-7474000,0,0,-11724000,-792000,105589000,1325000,-3857000,28771000,9192000,None,None,None,0,1692000,0,-3696000,0,-238000,-8028000,-7474000,None,USD,1145840000,40443000,None,221305000,466875000,664890000,0,16608000,538000,415663000,5917000,326201000,603354000,38938000,179413000,75586000,None,-60873000,69963000,472523000,53404000,312321000,16157000,79300000,281545000,132980000,87219000,0,0,538000,11696000,415663000,0,None,109651000,73655000,673317000,None,281545000,5917000,287462000,None,14075000,None,309562000,1145840000,38938000,None,55000000,USD,-66790000,-13017000,-9363000,58593000,-16317000,-21675000,-5358000,None,-8266000,-35506000,-4468000,7225000,12946000,0,0,-2107000,6381000,-1249000,1166000,None,-837000,-36343000,4.99,2.97
19,2015-09-30,USD,81204000,86384000,61359000,29637000,-65586000,-89557000,0,0,-93486000,8245000,61772000,-8839000,-56747000,15583000,9213000,None,None,None,0,17080000,0,-27469000,-81343000,-25325000,-66017000,-89557000,None,USD,1212230000,50434000,None,225518000,520564000,676735000,910000,25854000,537000,423137000,6157000,327460000,580755000,74261000,208070000,74345000,197976000,-54019000,75594000,555881000,56182000,313772000,15137000,132018000,306337000,124084000,107871000,0,0,537000,11696000,423137000,0,None,121692000,24987000,656349000,None,306337000,6157000,312494000,None,14931000,None,307080000,1212230000,74261000,None,54000000,USD,-12140000,17561000,-67693000,244256000,-2239000,2402000,4295000,-11980000,-89192000,3799000,79398000,None,34637000,0,0,433000,-9987000,134330000,24286000,None,None,None,6.17,4.99
