,fiscalDateEnding,reportedCurrency_x,totalRevenue,totalOperatingExpense,costOfRevenue,grossProfit,ebit,netIncome_x,researchAndDevelopment,effectOfAccountingCharges,incomeBeforeTax,minorityInterest,sellingGeneralAdministrative,otherNonOperatingIncome,operatingIncome,otherOperatingExpense,interestExpense,taxProvision,interestIncome,netInterestIncome,extraordinaryItems,nonRecurring,otherItems,incomeTaxExpense,totalOtherIncomeExpense,discontinuedOperations,netIncomeFromContinuingOperations,netIncomeApplicableToCommonShares,preferredStockAndOtherAdjustments,reportedCurrency_y,totalAssets,intangibleAssets,earningAssets,otherCurrentAssets,totalLiabilities,totalShareholderEquity,deferredLongTermLiabilities,otherCurrentLiabilities,commonStock,retainedEarnings,otherLiabilities,goodwill,otherAssets,cash,totalCurrentLiabilities,shortTermDebt,currentLongTermDebt,otherShareholderEquity,propertyPlantEquipment,totalCurrentAssets,longTermInvestments,netTangibleAssets,shortTermInvestments,netReceivables,longTermDebt,inventory,accountsPayable,totalPermanentEquity,additionalPaidInCapital,commonStockTotalEquity,preferredStockTotalEquity,retainedEarningsTotalEquity,treasuryStock,accumulatedAmortization,otherNonCurrrentAssets,deferredLongTermAssetCharges,totalNonCurrentAssets,capitalLeaseObligations,totalLongTermDebt,otherNonCurrentLiabilities,totalNonCurrentLiabilities,negativeGoodwill,warrants,preferredStockRedeemable,capitalSurplus,liabilitiesAndShareholderEquity,cashAndShortTermInvestments,accumulatedDepreciation,commonStockSharesOutstanding,reportedCurrency,investments,changeInLiabilities,cashflowFromInvestment,otherCashflowFromInvestment,netBorrowings,cashflowFromFinancing,otherCashflowFromFinancing,changeInOperatingActivities,netIncome_y,changeInCash,operatingCashflow,otherOperatingCashflow,depreciation,dividendPayout,stockSaleAndPurchase,changeInInventory,changeInAccountReceivables,changeInNetIncome,capitalExpenditures,changeInReceivables,changeInExchangeRate,changeInCashAndCashEquivalents,clossingVal,nextClossingVal
0,2020-06-30,USD,18687000000,8895000000,3829000000,14858000000,6131000000,5178000000,4462000000,None,6131000000,None,4433000000,168000000,5963000000,None,None,953000000,162000000,162000000,None,None,None,953000000,6000000,None,5178000000,5178000000,None,USD,139691000000,859000000,None,2407000000,29244000000,110447000000,None,1163000000,47805000000,62784000000,7879000000,19029000000,3238000000,21045000000,11308000000,None,None,-142000000,39006000000,68130000000,None,90559000000,37195000000,7483000000,None,None,10145000000,None,None,None,None,62784000000,None,None,12667000000,None,71561000000,10532000000,None,17936000000,17936000000,None,None,None,47805000000,139691000000,58240000000,None,None,USD,-338000000,-4527000000,-4178000000,-585000000,63000000,-2152000000,-847000000,-4794000000,5179000000,-2453000000,3877000000,-308000000,1704000000,None,-1368000000,None,-122000000,1951000000,3255000000,-122000000,None,-2453000000,227.07,
1,2020-03-31,USD,17737000000,8385000000,3459000000,14278000000,5861000000,4902000000,4015000000,None,5861000000,None,4370000000,-32000000,5893000000,None,None,959000000,228000000,228000000,None,None,None,959000000,-260000000,None,4902000000,4902000000,None,USD,138371000000,838000000,None,1771000000,33067000000,105304000000,None,1082000000,46688000000,59160000000,8063000000,18811000000,2887000000,23618000000,15069000000,None,None,-544000000,37127000000,69349000000,None,85655000000,36671000000,7289000000,None,None,13987000000,None,None,None,None,59160000000,None,None,12246000000,None,69022000000,10344000000,None,17998000000,17998000000,None,None,None,46688000000,138371000000,60289000000,None,2868000000,USD,-476000000,699000000,-4109000000,-75000000,-80000000,-2022000000,-692000000,698000000,4902000000,4870000000,11001000000,-61000000,1597000000,None,-1250000000,None,2046000000,1818000000,3558000000,2046000000,None,4870000000,166.8,227.07
2,2019-12-31,USD,21082000000,8732000000,3492000000,17590000000,9169000000,7349000000,3877000000,None,9169000000,None,4855000000,311000000,8858000000,None,-20000000,1820000000,249000000,229000000,None,None,None,1820000000,82000000,None,7349000000,7349000000,None,USD,133376000000,894000000,None,1852000000,32322000000,101054000000,None,1069000000,45851000000,55692000000,7327000000,18715000000,2759000000,19079000000,15053000000,277000000,277000000,-489000000,44783000000,66225000000,None,81445000000,35776000000,9518000000,None,None,13984000000,None,None,None,None,55692000000,None,None,47542000000,None,67151000000,10324000000,418000000,17269000000,17269000000,None,None,None,45851000000,133376000000,54855000000,None,2876000000,USD,509000000,523000000,-4036000000,-445000000,37000000,-2026000000,-767000000,937000000,7349000000,3021000000,9083000000,566000000,1468000000,None,-1296000000,None,-1697000000,874000000,4100000000,-1697000000,None,3021000000,205.25,166.8
3,2019-09-30,USD,17652000000,7312000000,3155000000,14497000000,7329000000,6091000000,3548000000,None,7329000000,None,3764000000,144000000,7185000000,None,-20000000,1238000000,258000000,258000000,None,None,None,1238000000,-114000000,None,6091000000,6091000000,None,USD,124418000000,853000000,None,2137000000,30419000000,93999000000,None,1001000000,45059000000,49789000000,8330000000,18338000000,2461000000,15979000000,13328000000,None,None,-849000000,32284000000,62079000000,None,74808000000,36290000000,7673000000,None,None,12327000000,None,None,None,None,49789000000,None,None,10864000000,None,62339000000,9132000000,None,17091000000,17091000000,None,None,None,45059000000,124418000000,52269000000,None,2874000000,USD,-1508000000,905000000,-5050000000,-10000000,-141000000,-2019000000,-730000000,555000000,6091000000,2238000000,9307000000,-230000000,1416000000,None,-1148000000,None,-328000000,1453000000,3532000000,-328000000,None,2238000000,178.08,205.25
4,2019-06-30,USD,16886000000,8953000000,3307000000,13579000000,4832000000,2616000000,3315000000,None,4832000000,None,5638000000,206000000,4626000000,None,219000000,2216000000,219000000,219000000,None,None,None,2216000000,-13000000,None,2616000000,2616000000,None,USD,117006000000,994000000,None,1852000000,28244000000,88762000000,None,886000000,44277000000,44968000000,7749000000,18334000000,2446000000,13877000000,12979000000,688000000,688000000,-483000000,29999000000,57961000000,None,69434000000,34719000000,7513000000,7122000000,None,12093000000,None,None,None,None,44968000000,None,None,9718000000,None,59045000000,7810000000,None,15265000000,15265000000,None,None,None,44277000000,117006000000,48596000000,None,2875000000,USD,-313000000,4331000000,-4010000000,-64000000,58000000,-1831000000,-744000000,4128000000,2616000000,2775000000,8616000000,-139000000,1502000000,None,-1145000000,None,-1006000000,1312000000,3633000000,-1006000000,None,2775000000,193.0,178.08
5,2019-03-31,USD,15077000000,8944000000,2816000000,12261000000,3482000000,2429000000,2860000000,None,3482000000,None,6084000000,165000000,3317000000,None,-20000000,1053000000,198000000,198000000,None,None,None,1053000000,-33000000,None,2429000000,2429000000,None,USD,109477000000,1150000000,None,1582000000,22961000000,86516000000,None,787000000,43533000000,43764000000,6148000000,18333000000,2602000000,11076000000,9908000000,645000000,645000000,-781000000,27345000000,53300000000,None,67033000000,34167000000,6475000000,6565000000,None,9121000000,None,None,None,None,43764000000,None,None,9349000000,None,56177000000,7210000000,None,13053000000,13053000000,None,None,None,43533000000,109477000000,45243000000,None,2869000000,USD,-2881000000,3241000000,-6768000000,-50000000,-177000000,-1423000000,-633000000,3355000000,2429000000,1117000000,9308000000,14000000,1355000000,None,-613000000,None,1070000000,1199000000,3837000000,1070000000,None,1117000000,166.69,193.0
6,2018-12-31,USD,16914000000,6298000000,2796000000,14118000000,7971000000,6881000000,2855000000,0,7971000000,0,3443000000,151000000,7820000000,0,-9000000,None,None,None,0,0,0,1090000000,151000000,0,6881000000,6881000000,None,USD,97334000000,1294000000,None,1779000000,13207000000,84127000000,None,147000000,42906000000,41981000000,6190000000,18301000000,2576000000,10019000000,7017000000,None,None,-760000000,24683000000,50480000000,None,64532000000,31095000000,7587000000,None,None,6870000000,None,None,None,None,41981000000,None,None,2576000000,None,46854000000,None,None,6190000000,6190000000,None,None,None,42906000000,97334000000,41114000000,None,2921000000,USD,637000000,-189000000,-3685000000,-21000000,500000000,-3541000000,-541000000,-183000000,6882000000,392000000,7618000000,172000000,1225000000,None,-3500000000,None,-1564000000,1092000000,4301000000,-1564000000,None,392000000,131.09,166.69
7,2018-09-30,USD,13727000000,5528000000,2418000000,11309000000,5912000000,5137000000,2657000000,0,5912000000,0,2871000000,131000000,5781000000,0,-9000000,None,None,None,0,0,0,775000000,131000000,0,5137000000,5137000000,None,USD,92452000000,1451000000,None,1883000000,12110000000,80342000000,0,115000000,0,38767000000,6578000000,18304000000,2438000000,9637000000,5462000000,None,None,-777000000,21112000000,49147000000,None,60587000000,31569000000,6058000000,70000000,0,5347000000,0,0,0,0,38767000000,0,None,2438000000,None,43305000000,None,None,6648000000,6648000000,None,None,None,42352000000,92452000000,41206000000,None,2913000000,USD,-830000000,681000000,-4247000000,-75000000,500000000,-5157000000,-901000000,612000000,5137000000,-1906000000,7498000000,-7000000,1107000000,0,-4256000000,0,-489000000,1069000000,3342000000,-489000000,None,-1906000000,164.46,131.09
8,2018-06-30,USD,13231000000,5154000000,2214000000,11017000000,5868000000,5106000000,2523000000,0,5868000000,0,2631000000,5000000,5863000000,0,-9000000,None,None,None,0,0,0,762000000,5000000,0,5106000000,5106000000,None,USD,90291000000,1573000000,None,1934000000,10909000000,79382000000,0,91000000,0,38237000000,6118000000,18263000000,2265000000,11552000000,4670000000,121000000,121000000,-687000000,18357000000,49833000000,None,59546000000,30757000000,5590000000,121000000,0,4579000000,0,0,0,0,38237000000,0,None,2265000000,None,40458000000,None,None,6239000000,6239000000,None,None,None,41832000000,90291000000,42309000000,None,2930000000,USD,1092000000,107000000,-2384000000,-16000000,500000000,-4271000000,-922000000,-561000000,5105000000,-357000000,6298000000,-618000000,1034000000,0,-3349000000,0,-627000000,1297000000,3460000000,-627000000,None,-357000000,194.32,164.46
9,2018-03-31,USD,11966000000,4590000000,1927000000,10039000000,5610000000,4988000000,2238000000,0,5610000000,0,2352000000,161000000,5449000000,0,-9000000,None,None,None,0,0,0,622000000,161000000,0,4988000000,4987000000,None,USD,88945000000,1735000000,None,1341000000,11325000000,77620000000,0,94000000,0,36780000000,6141000000,18268000000,22322000000,12082000000,5086000000,98000000,98000000,-294000000,16211000000,50412000000,None,57617000000,31874000000,5115000000,98000000,0,4992000000,0,0,0,0,36780000000,0,None,2319000000,None,38533000000,None,None,6239000000,6239000000,None,None,None,41134000000,88945000000,43956000000,None,2945000000,USD,1575000000,562000000,-1287000000,-50000000,500000000,-2603000000,-829000000,223000000,4988000000,3970000000,7860000000,-343000000,949000000,0,-1774000000,0,788000000,916000000,2812000000,788000000,None,3970000000,159.79,194.32
10,2017-12-31,USD,12972000000,4009000000,1610000000,11362000000,7462000000,4269000000,1949000000,0,7462000000,0,2060000000,109000000,7353000000,0,-6000000,None,None,None,0,0,0,3193000000,278000000,0,4269000000,4267000000,None,USD,84524000000,1884000000,None,1020000000,10177000000,74347000000,0,98000000,0,33990000000,6295000000,18221000000,22240000000,8079000000,3760000000,390000000,390000000,-227000000,13721000000,48563000000,None,54242000000,33632000000,5832000000,72000000,0,3662000000,0,0,0,0,33990000000,0,None,2135000000,None,35961000000,None,None,6417000000,6417000000,None,None,None,40584000000,84524000000,41711000000,None,2956000000,USD,-2717000000,2862000000,-4993000000,-13000000,500000000,-1843000000,-885000000,3449000000,4269000000,835000000,7671000000,466000000,853000000,0,-958000000,0,-1609000000,595000000,2263000000,-1374000000,43000000,878000000,176.46,159.79
11,2017-09-30,USD,10328000000,3758000000,1448000000,8880000000,5236000000,4707000000,2052000000,0,5236000000,0,1706000000,114000000,5122000000,0,0,None,None,None,0,0,0,529000000,26000000,0,4707000000,4704000000,None,USD,78998000000,2050000000,None,1490000000,7790000000,71208000000,0,105000000,0,31209000000,4485000000,18213000000,22637000000,7201000000,3305000000,314000000,314000000,-200000000,12158000000,44203000000,None,50945000000,31088000000,4424000000,0,0,3200000000,0,0,0,0,31209000000,0,None,2374000000,None,34795000000,None,None,4485000000,4485000000,None,None,None,40199000000,78998000000,38289000000,None,2956000000,USD,-1892000000,194000000,-3714000000,-67000000,None,-1531000000,-891000000,138000000,4706000000,882000000,6127000000,-9000000,772000000,0,-640000000,0,235000000,922000000,1755000000,-458000000,67000000,949000000,170.87,176.46
12,2017-06-30,USD,9321000000,3683000000,1237000000,8084000000,4488000000,3894000000,1919000000,0,4488000000,0,1764000000,87000000,4401000000,0,0,None,None,None,0,0,0,594000000,6000000,0,3894000000,3890000000,None,USD,73843000000,2186000000,None,1455000000,7362000000,66481000000,0,88000000,0,27560000000,4047000000,18129000000,22411000000,6252000000,3315000000,278000000,278000000,-370000000,10628000000,40804000000,None,46166000000,29200000000,3897000000,0,0,3227000000,0,0,0,0,27560000000,0,None,2096000000,None,33039000000,None,None,4047000000,4047000000,None,None,None,39291000000,73843000000,35452000000,None,2951000000,USD,-4010000000,218000000,-5440000000,14000000,None,-869000000,-719000000,79000000,3895000000,-949000000,5360000000,-161000000,729000000,0,-150000000,0,223000000,1065000000,1444000000,-386000000,97000000,-852000000,150.98,170.87
13,2017-03-31,USD,8032000000,3546000000,1159000000,6873000000,3408000000,3064000000,1834000000,0,3408000000,0,1712000000,81000000,3327000000,0,0,None,None,None,0,0,0,344000000,81000000,0,3064000000,3059000000,None,USD,68714000000,2360000000,None,1209000000,6526000000,62188000000,0,80000000,0,24175000000,3598000000,18126000000,22322000000,7104000000,2928000000,278000000,278000000,-626000000,9462000000,36930000000,None,41702000000,25202000000,3415000000,0,0,2848000000,0,0,0,0,24175000000,0,None,1836000000,None,31784000000,None,None,3598000000,3598000000,None,None,None,38639000000,68714000000,32306000000,None,2944000000,USD,-4631000000,260000000,-5891000000,11000000,None,-992000000,-764000000,-334000000,3064000000,-1825000000,5058000000,-334000000,671000000,0,-228000000,0,609000000,788000000,1271000000,609000000,26000000,-1799000000,142.05,150.98
14,2016-12-31,USD,8809000000,3211000000,1048000000,7761000000,4518000000,4273000000,1574000000,0,4518000000,0,1637000000,-32000000,4550000000,0,-10000000,None,None,None,0,0,0,245000000,44000000,0,4273000000,4262000000,None,USD,64961000000,2535000000,None,959000000,5767000000,59194000000,0,90000000,37391000000,21670000000,2780000000,18122000000,21969000000,8903000000,2875000000,280000000,280000000,-703000000,8591000000,34401000000,None,38537000000,20546000000,3993000000,112000000,0,2785000000,0,0,0,0,21670000000,0,None,1312000000,None,30560000000,None,None,2892000000,2892000000,None,None,None,38227000000,64961000000,29449000000,None,2925000000,USD,-643000000,1834000000,-1975000000,-63000000,-312000000,-1416000000,-1416000000,2198000000,4273000000,2959000000,6350000000,-1300000000,614000000,0,0,0,-1489000000,1940000000,1269000000,-1011000000,-94000000,2865000000,115.05,142.05
15,2016-09-30,USD,7011000000,2902000000,987000000,6024000000,3169000000,2379000000,1539000000,0,3169000000,0,1363000000,47000000,3122000000,0,0,None,None,None,0,0,0,790000000,25000000,0,2379000000,2373000000,None,USD,59674000000,2702000000,None,1118000000,5559000000,54115000000,0,78000000,0,15731000000,2964000000,18085000000,21447000000,6038000000,2595000000,239000000,239000000,-372000000,7899000000,30328000000,None,33328000000,20102000000,3070000000,0,0,2517000000,0,0,0,0,15731000000,0,None,660000000,None,29346000000,None,None,2964000000,2964000000,None,None,None,38756000000,59674000000,26140000000,None,2931000000,USD,-1969000000,27000000,-3117000000,-53000000,None,451000000,451000000,-12000000,2379000000,930000000,3577000000,450000000,591000000,0,0,0,478000000,383000000,1095000000,-253000000,19000000,930000000,128.27,115.05
16,2016-06-30,USD,6436000000,2774000000,916000000,5520000000,2766000000,2055000000,1471000000,0,2756000000,0,1311000000,20000000,2776000000,0,0,None,None,None,0,0,0,711000000,-34000000,0,2055000000,2048000000,None,USD,55739000000,2879000000,None,916000000,5356000000,50383000000,0,79000000,0,12978000000,3145000000,18043000000,21625000000,5108000000,2211000000,232000000,232000000,-374000000,7104000000,27010000000,None,29461000000,18185000000,2801000000,0,0,2132000000,0,0,0,0,13352000000,0,None,703000000,None,28729000000,None,None,3145000000,3145000000,None,None,None,37405000000,55739000000,23293000000,None,2921000000,USD,-3998000000,481000000,-4971000000,22000000,None,471000000,471000000,-164000000,2055000000,-1348000000,3198000000,302000000,585000000,0,0,0,225000000,267000000,995000000,-492000000,-46000000,-1348000000,114.28,128.27
17,2016-03-31,USD,5382000000,2535000000,838000000,4544000000,2065000000,1510000000,1343000000,0,2065000000,0,1192000000,56000000,2034000000,0,0,None,None,None,0,0,0,555000000,56000000,0,1505000000,1505000000,None,USD,52075000000,3067000000,None,843000000,4925000000,47150000000,0,55000000,0,11021000000,3116000000,18029000000,21796000000,6456000000,1809000000,216000000,216000000,-276000000,6467000000,23812000000,None,26054000000,14165000000,2348000000,0,0,1754000000,0,0,0,0,11297000000,0,None,700000000,None,28263000000,None,None,3116000000,3116000000,None,None,None,36129000000,52075000000,20621000000,None,2905000000,USD,-576000000,50000000,-1676000000,32000000,-312000000,184000000,184000000,-91000000,1510000000,1549000000,2983000000,403000000,552000000,0,0,0,267000000,201000000,1132000000,267000000,58000000,1549000000,114.1,114.28
18,2015-12-31,USD,5842000000,2457000000,825000000,5017000000,2557000000,1561000000,1313000000,0,2557000000,0,1144000000,-3000000,2560000000,0,-23000000,None,None,None,0,0,0,996000000,-4000000,0,1561000000,1554000000,None,USD,49407000000,3246000000,None,659000000,5189000000,44218000000,0,56000000,0,9787000000,2994000000,18026000000,22068000000,4907000000,1925000000,7000000,315000000,-455000000,5687000000,21652000000,None,22946000000,13527000000,2559000000,107000000,0,1862000000,0,0,0,0,9787000000,0,None,796000000,None,27755000000,107000000,107000000,3157000000,3264000000,None,None,None,34886000000,49407000000,18434000000,None,2853000000,USD,-2055000000,670000000,-2726000000,21000000,-12000000,554000000,566000000,1748000000,1561000000,655000000,2827000000,560000000,543000000,0,0,0,-973000000,61000000,692000000,-568000000,-56000000,599000000,104.66,114.1
19,2015-09-30,USD,4501000000,2322000000,720000000,3781000000,1432000000,896000000,1271000000,0,1432000000,0,1051000000,-27000000,1459000000,0,0,None,None,None,0,0,0,536000000,-27000000,0,896000000,891000000,None,USD,46469000000,3437000000,None,1295000000,5049000000,41420000000,0,47000000,0,8226000000,3148000000,18024000000,21995000000,4308000000,1792000000,17000000,None,-380000000,5335000000,19139000000,None,19959000000,11526000000,2010000000,109000000,0,1728000000,0,0,0,0,8226000000,0,None,534000000,None,27330000000,109000000,109000000,3148000000,3257000000,None,None,None,33574000000,46469000000,15834000000,None,2863000000,USD,-2526000000,663000000,-3300000000,6000000,-23000000,315000000,338000000,None,896000000,-793000000,2192000000,320000000,486000000,0,0,0,405000000,34000000,780000000,-207000000,-22000000,-815000000,89.9,104.66
