,fiscalDateEnding,reportedCurrency_x,totalRevenue,totalOperatingExpense,costOfRevenue,grossProfit,ebit,netIncome_x,researchAndDevelopment,effectOfAccountingCharges,incomeBeforeTax,minorityInterest,sellingGeneralAdministrative,otherNonOperatingIncome,operatingIncome,otherOperatingExpense,interestExpense,taxProvision,interestIncome,netInterestIncome,extraordinaryItems,nonRecurring,otherItems,incomeTaxExpense,totalOtherIncomeExpense,discontinuedOperations,netIncomeFromContinuingOperations,netIncomeApplicableToCommonShares,preferredStockAndOtherAdjustments,reportedCurrency_y,totalAssets,intangibleAssets,earningAssets,otherCurrentAssets,totalLiabilities,totalShareholderEquity,deferredLongTermLiabilities,otherCurrentLiabilities,commonStock,retainedEarnings,otherLiabilities,goodwill,otherAssets,cash,totalCurrentLiabilities,shortTermDebt,currentLongTermDebt,otherShareholderEquity,propertyPlantEquipment,totalCurrentAssets,longTermInvestments,netTangibleAssets,shortTermInvestments,netReceivables,longTermDebt,inventory,accountsPayable,totalPermanentEquity,additionalPaidInCapital,commonStockTotalEquity,preferredStockTotalEquity,retainedEarningsTotalEquity,treasuryStock,accumulatedAmortization,otherNonCurrrentAssets,deferredLongTermAssetCharges,totalNonCurrentAssets,capitalLeaseObligations,totalLongTermDebt,otherNonCurrentLiabilities,totalNonCurrentLiabilities,negativeGoodwill,warrants,preferredStockRedeemable,capitalSurplus,liabilitiesAndShareholderEquity,cashAndShortTermInvestments,accumulatedDepreciation,commonStockSharesOutstanding,reportedCurrency,investments,changeInLiabilities,cashflowFromInvestment,otherCashflowFromInvestment,netBorrowings,cashflowFromFinancing,otherCashflowFromFinancing,changeInOperatingActivities,netIncome_y,changeInCash,operatingCashflow,otherOperatingCashflow,depreciation,dividendPayout,stockSaleAndPurchase,changeInInventory,changeInAccountReceivables,changeInNetIncome,capitalExpenditures,changeInReceivables,changeInExchangeRate,changeInCashAndCashEquivalents,clossingVal,nextClossingVal
0,2020-06-30,USD,23366000,18343000,None,19738000,1395000,3323000,None,None,1395000,None,12097000,None,1395000,630000,3873000,-1928000,22761000,18888000,None,None,None,-1928000,None,None,3323000,3230000,None,USD,2468814000,11925000,315295000,None,2271252000,197562000,None,1710375000,92000,132882000,11537000,None,2095047000,42391000,1710375000,None,None,-1186000,8538000,55861000,214455000,185637000,171680000,7207000,475061000,None,78939000,None,None,92000,None,132882000,-16347000,None,154185000,None,2412953000,6877000,10054000,550823000,560877000,None,None,None,82121000,2468814000,55861000,None,8575134,USD,-313609000,0,-313609000,-3755000,51375000,260935000,210993000,46577000,3323000,-52595000,79000,1451000,831000,-1414000,-19000,None,-10901000,299000,53000,-10901000,None,-52595000,16.45,
1,2020-03-31,USD,23351000,16146000,None,20282000,4136000,3278000,None,None,4136000,None,12398000,None,4136000,962000,6322000,858000,23372000,17050000,None,None,None,858000,None,None,3278000,3200000,None,USD,2196374000,11872000,355057000,None,2000717000,195657000,None,1500126000,92000,130973000,9223000,None,1782533000,94986000,1500126000,None,None,-685000,9017000,104719000,219480000,183785000,175564000,5298000,422943000,None,70437000,None,None,92000,None,130973000,-16328000,None,144036000,None,2091655000,7211000,10051000,490540000,500591000,None,None,None,81605000,2196374000,104719000,None,8571134,USD,-33747000,0,-33747000,-8602000,93514000,60404000,-30253000,-5207000,3278000,27884000,1227000,-221000,806000,-1410000,-1447000,None,-40050000,2350000,88000,-40050000,None,27884000,15.5,16.45
2,2019-12-31,USD,25551000,16773000,None,24191000,7418000,5768000,None,None,7418000,None,12325000,None,7418000,1191000,7139000,1650000,25613000,18474000,None,None,None,1650000,-449000,None,5768000,5606000,None,USD,2096779000,1222000,288332000,64565000,1902623000,194156000,None,1530379000,92000,129105000,11507000,10700000,1747728000,67102000,1530379000,None,None,-1348000,9463000,75055000,218411000,183396000,173133000,5760000,329429000,2919000,35274000,None,None,92000,None,129105000,-14881000,None,101092000,None,2021724000,7541000,10047000,362197000,372244000,None,None,None,81188000,2096779000,75055000,None,8566044,USD,-6977000,0,-6977000,337000,-13512000,4892000,21563000,-5325000,5768000,6144000,8229000,9609000,797000,-1291000,-1868000,None,9759000,-2770000,117000,None,None,6144000,26.33,15.5
3,2019-09-30,USD,21219000,14716000,None,21219000,6503000,5085000,None,None,6503000,None,14716000,None,6503000,580000,8662000,1418000,25438000,16776000,None,None,None,1418000,-263000,None,5085000,5085000,None,USD,2092793000,11946000,255942000,29469000,1902001000,190792000,None,1508816000,92000,124628000,12779000,None,1757161000,69273000,1508816000,None,None,-1655000,2740000,69273000,1897507000,178846000,160665000,5599000,10044000,2902000,42378000,None,None,92000,None,124628000,-13013000,None,111327000,None,2023520000,7866000,10044000,383141000,393185000,None,None,None,80740000,2092793000,69273000,None,8636085,USD,-5508000,0,-5508000,-1595000,34929000,11132000,-20829000,6376000,5085000,15083000,9459000,-7849000,815000,-1297000,-1671000,None,-7306000,4490000,97000,None,None,15083000,24.08,26.33
4,2019-06-30,USD,20569000,17464000,None,21353000,5977000,6572000,None,None,5977000,None,12075000,None,6258000,880000,8457000,-595000,25309000,16852000,None,None,None,-595000,-281000,None,6572000,12242000,None,USD,2070304000,12000000,245498000,28873000,1881449000,188855000,None,1529645000,91000,120841000,12254000,None,3137000,45875000,1552996000,None,None,-1086000,10719000,52595000,207043000,176855000,158933000,6387000,308012000,2660000,35605000,None,None,91000,None,120841000,-11342000,None,104448000,None,2017709000,8187000,34512000,341764000,351804000,None,None,None,80351000,2070304000,52595000,None,9000000,USD,-63504000,0,-119012000,-119001000,28018000,52410000,73346000,2869000,6572000,-10460000,634000,-9760000,786000,-1316000,-2231000,None,-11468000,1874000,11000,None,None,-10460000,23.5,24.08
5,2019-03-31,USD,20378000,17742000,None,20329000,4601000,5899000,None,None,4601000,None,11521000,None,4894000,1219000,7925000,-1298000,25679000,17754000,None,None,None,-1298000,-293000,None,5899000,5791000,None,USD,2005642000,12017000,251769000,40739000,1820542000,185100000,None,1501706000,91000,115584000,17046000,None,1689090000,56335000,1514997000,None,None,-1405000,3043000,62970000,204982000,173083000,156783000,6392000,279995000,2547000,30337000,None,None,91000,None,115584000,-9111000,None,93271000,None,1942672000,8504000,10037000,308799000,318836000,None,None,None,79941000,2005642000,62970000,None,9000000,USD,-55508000,0,-55508000,-2137000,-28983000,14634000,46407000,9571000,5899000,-30211000,10663000,-4509000,651000,-1312000,-1478000,None,-6144000,-1241000,11000,None,None,-30211000,20.02,23.5
6,2018-12-31,USD,20779000,18243000,8390000,20779000,2536000,4064000,0,0,2536000,0,18243000,None,2536000,2796000,7406000,None,None,None,0,0,0,-1528000,-690000,0,4064000,4064000,None,USD,1966457000,12045000,None,64471000,1785750000,180707000,None,1455299000,91000,110310000,12999000,10700000,1648294000,93786000,1455299000,136500000,136500000,-1684000,3284000,93786000,1778606000,168662000,None,None,10033000,2547000,1455299000,None,None,91000,None,110310000,-7633000,None,78736000,None,1872671000,None,10033000,320418000,330451000,None,None,None,79623000,1966457000,93786000,None,8785480,USD,-21726000,2727000,-21573000,402000,17518000,62428000,46396000,2426000,4064000,46253000,5398000,-1657000,378000,-1231000,-255000,None,None,-114000,249000,None,None,46253000,19.51,20.02
7,2018-09-30,USD,22511000,15746000,5924000,22511000,6765000,5301000,0,0,6765000,0,15746000,None,6765000,1418000,6470000,None,None,None,0,0,0,1464000,-487000,0,5301000,5301000,None,USD,1894330000,12132000,None,10390000,1716788000,177542000,0,1408903000,91000,107460000,11839000,0,1627297000,40293000,1408903000,None,None,-2000000,3247000,40293000,1757809000,165410000,0,None,10029000,1454000,1408903000,0,0,91000,0,107460000,-7378000,None,80849000,None,1854037000,None,10029000,297856000,307885000,None,None,None,79369000,1894330000,40293000,None,8793941,USD,-413000,3768000,-522000,2405000,-83983000,-14304000,71178000,3467000,5301000,-5510000,9316000,-426000,372000,-1232000,-267000,0,0,301000,109000,None,None,-5510000,23.18,19.51
8,2018-06-30,USD,18334000,14467000,8115000,18334000,3867000,3289000,0,0,3867000,0,14467000,None,3867000,942000,5537000,None,None,None,0,-113000,0,578000,-369000,0,3289000,3289000,None,USD,1899787000,12380000,None,10544000,1726115000,173672000,0,1337725000,90000,103391000,9304000,0,1623646000,45803000,1337725000,376146000,376146000,-1824000,3358000,45803000,1755413000,161292000,0,None,10026000,1484000,1337725000,0,0,90000,0,103391000,-7111000,None,82833000,None,1853984000,None,10026000,378364000,388390000,None,None,None,79126000,1899787000,45803000,None,8760103,USD,-39258000,-3402000,-39788000,-216000,56508000,21841000,-33433000,-3699000,3289000,-15519000,2428000,-2897000,365000,-1227000,-7000,0,0,5073000,314000,None,None,-15519000,26.0,23.18
9,2018-03-31,USD,18393000,13907000,6996000,18393000,4486000,3649000,0,0,4486000,0,13907000,None,4486000,831000,4520000,None,None,None,0,113000,0,837000,-299000,0,3649000,3649000,None,USD,1878217000,12579000,None,8832000,1706737000,171480000,0,1371158000,90000,101329000,16645000,0,263883000,61322000,1371158000,319895000,319895000,-1741000,3247000,61322000,1718127000,158901000,0,32194000,10022000,4913000,1371158000,0,0,90000,0,101329000,-7104000,None,82942000,None,1816895000,None,10022000,325557000,335579000,None,None,None,78906000,1878217000,61322000,None,8764420,USD,-75397000,4579000,-76383000,-689000,101017000,76614000,-23173000,4287000,3649000,8783000,8552000,2635000,362000,-1226000,-4000,0,0,-2673000,297000,None,None,8783000,25.16,26.0
10,2017-12-31,USD,18411000,14859000,4619000,18411000,3552000,4038000,0,0,3552000,0,14859000,None,3552000,4638000,11451000,None,None,None,0,2101000,0,-486000,-4029000,0,4038000,4038000,None,USD,1794066000,12652000,None,41713000,1624788000,169278000,0,1394331000,90000,98906000,12540000,10705000,252276000,52539000,1394331000,37000000,37000000,-1238000,3156000,52539000,1648809000,156626000,35480000,29848000,10019000,3263000,1394331000,0,0,90000,0,98906000,-7100000,None,76910000,None,1741527000,None,10019000,220438000,230457000,None,None,None,78620000,1794066000,52539000,None,8763539,USD,-32301000,-4832000,-33098000,-497000,40018000,9477000,-29379000,657000,4038000,-20657000,2964000,1138000,414000,-1139000,-23000,534000,0,2206000,300000,None,None,-20657000,22.12,25.16
11,2017-09-30,USD,17751000,14231000,5222000,17751000,3520000,2584000,0,0,3520000,0,14231000,None,3520000,2876000,5000,None,None,None,0,1136000,0,936000,0,0,2584000,2584000,None,USD,1785656000,12735000,None,4722000,1618875000,166781000,0,1423724000,90000,95785000,17252000,0,260037000,73196000,1423724000,179279000,179279000,-370000,3048000,73196000,1616793000,154046000,0,32228000,10015000,2585000,1423724000,0,0,90000,0,95785000,-7077000,None,79884000,None,1712460000,None,10015000,185136000,195151000,None,None,None,78353000,1785656000,73196000,None,8758923,USD,-9370000,4565000,-10094000,-417000,61492000,9201000,-50866000,4252000,2584000,9451000,10344000,-632000,417000,-1132000,-293000,2638000,0,3410000,307000,None,None,9451000,22.75,22.12
12,2017-06-30,USD,16561000,14221000,7402000,16561000,2340000,1886000,0,0,2340000,0,14221000,None,2340000,-1802000,187000,None,None,None,0,-566000,0,454000,0,0,1886000,1886000,None,USD,1768928000,12760000,None,7919000,1603694000,165234000,0,1474598000,90000,94333000,12689000,0,259679000,63745000,1474598000,117280000,117280000,-491000,2930000,63745000,1614629000,152474000,0,29790000,10012000,6076000,1474598000,0,0,90000,0,94333000,-6784000,None,74864000,None,1705183000,None,10012000,119084000,129096000,None,None,None,78086000,1768928000,63745000,None,8715063,USD,33539000,795000,33267000,0,-15386000,-34633000,-18108000,479000,1886000,2846000,4212000,-743000,347000,-1134000,-5000,0,0,1927000,272000,None,None,2846000,23.08,22.75
13,2017-03-31,USD,18379000,13560000,4131000,18379000,4819000,3397000,0,0,4819000,0,13560000,None,4819000,572000,3559000,None,None,None,0,113000,0,1422000,0,0,3397000,3397000,None,USD,1800590000,12774000,None,None,1636456000,164134000,0,1492714000,90000,93581000,11893000,0,271035000,60899000,1492714000,121841000,121841000,-576000,3955000,60899000,1648772000,151360000,0,28578000,10008000,5396000,1492714000,0,0,90000,0,93581000,-6779000,None,74190000,None,1739691000,None,10008000,133734000,143742000,None,None,None,77818000,1800590000,60899000,None,8718307,USD,-36065000,1379000,-36428000,0,62190000,14922000,-46133000,None,3397000,-16618000,4888000,-46000,384000,-1133000,-2000,0,0,-226000,363000,None,None,-16618000,25.96,23.08
14,2016-12-31,USD,19690000,14523000,4562000,19690000,5167000,4106000,0,0,5167000,0,14523000,None,5167000,15631000,11187000,None,None,None,0,-183000,0,1061000,-5289000,0,4106000,4106000,None,USD,1780699000,12773000,None,53088000,1619049000,161650000,0,1538855000,90000,91317000,10514000,10671000,267064000,77517000,1538855000,70032000,70032000,-522000,3772000,77517000,1615379000,148877000,62921000,28607000,10004000,2583000,1538855000,0,0,90000,0,91317000,-6777000,None,71258000,None,1703182000,None,10004000,70190000,80194000,None,None,None,77542000,1780699000,77517000,None,8715856,USD,11455000,4156000,-1816000,-13206000,29738000,1211000,-27470000,393000,4106000,8753000,9358000,-584000,112000,-1044000,-13000,6581000,0,1568000,65000,None,None,8753000,23.72,25.96
15,2016-09-30,USD,15398000,15753000,7139000,15398000,-355000,2540000,0,0,-355000,0,15753000,None,-355000,-13035000,-213000,None,None,None,0,3986000,0,-2895000,0,0,2540000,2540000,None,USD,1772438000,12762000,None,None,1612507000,159931000,0,1566199000,90000,88255000,6361000,0,257392000,68764000,1566199000,29946000,29946000,806000,3898000,68764000,1630446000,147169000,0,23848000,10001000,4154000,1566199000,0,0,90000,0,88255000,-6764000,None,56568000,None,1703674000,None,10001000,36307000,46308000,None,None,None,77544000,1772438000,68764000,None,8717299,USD,-17255000,-1934000,-17353000,21000,-3613000,-46709000,-41598000,None,2541000,-62847000,1215000,1520000,547000,-1046000,-452000,4469000,0,-1459000,119000,None,None,-62847000,23.5,23.72
16,2016-06-30,USD,18802000,13458000,6577000,18802000,5344000,3716000,0,0,5344000,0,13458000,None,5344000,2762000,11000,None,None,None,0,-112000,0,1628000,0,0,3716000,3716000,None,USD,1819069000,12923000,None,None,1660675000,158394000,0,1607944000,89000,86760000,9164000,0,242732000,131611000,1607944000,33570000,33570000,730000,3969000,131611000,1613068000,145471000,0,25003000,9997000,7096000,1607944000,0,0,89000,0,86760000,-6312000,None,57498000,None,1687458000,None,9997000,42734000,52731000,None,None,None,77127000,1819069000,131611000,None,8703942,USD,-2689000,830000,-2940000,36000,-1427000,23923000,26394000,None,3715000,26757000,5774000,-449000,501000,-1044000,0,9093000,0,1177000,287000,None,None,26757000,23.47,23.5
17,2016-03-31,USD,19608000,12699000,4329000,19608000,6909000,4547000,0,0,6909000,0,12699000,None,6909000,0,3804000,None,None,None,0,0,0,2362000,0,0,4547000,4547000,None,USD,1790132000,12606000,None,None,1634933000,155199000,0,1581588000,89000,84089000,8341000,0,246134000,104854000,1581588000,None,None,482000,3868000,104854000,1610907000,142593000,0,None,9993000,3374000,1581588000,0,0,89000,0,84089000,-6312000,None,57897000,None,1685278000,None,9993000,43352000,53345000,None,None,None,76851000,1790132000,104854000,None,8700172,USD,-22086000,-1685000,-22199000,0,300000,3674000,4418000,None,4547000,-8710000,9815000,-657000,355000,-1042000,-2000,8302000,0,7255000,113000,None,None,-8710000,22.93,23.47
18,2015-12-31,USD,17952000,11684000,5583000,17952000,6268000,4083000,0,0,6268000,0,11684000,None,6268000,3855000,10306000,None,None,None,0,3691000,0,2185000,-268000,0,4083000,4083000,None,USD,1782892000,12493000,None,95914000,1632060000,150832000,0,1577231000,89000,80584000,9288000,10629000,246346000,113564000,1577231000,45282000,45282000,-80000,3954000,113564000,1595181000,138339000,98924000,24071000,10315000,4379000,1577231000,0,0,89000,0,80584000,-6310000,None,57700000,None,1669328000,None,10315000,44514000,54829000,None,None,None,76549000,1782892000,113564000,None,8699410,USD,-55221000,-73000,-56115000,-603000,-1082000,35886000,37954000,42000,4083000,-9107000,11122000,74000,289000,-957000,-29000,7079000,0,6749000,291000,None,None,-9107000,25.01,22.93
19,2015-09-30,USD,18425000,11984000,3812000,18425000,6441000,4381000,0,0,6441000,0,11984000,None,6441000,0,193000,None,None,None,0,0,0,2060000,0,0,4381000,4381000,None,USD,1744153000,12244000,None,None,1596186000,147967000,0,1539370000,89000,77458000,10147000,0,251238000,122671000,1539370000,None,None,512000,3889000,122671000,1546816000,135723000,0,None,10315000,4542000,1539370000,0,0,89000,0,77458000,-6281000,None,58533000,None,1621482000,None,10315000,46501000,56816000,None,None,None,76189000,1744153000,122671000,None,8698775,USD,-23937000,-172000,-23630000,385000,-11000000,56149000,68596000,None,4381000,33823000,1304000,-1299000,225000,-951000,-496000,1317000,0,-1831000,78000,None,None,33823000,23.52,25.01
