,fiscalDateEnding,reportedCurrency_x,totalRevenue,totalOperatingExpense,costOfRevenue,grossProfit,ebit,netIncome_x,researchAndDevelopment,effectOfAccountingCharges,incomeBeforeTax,minorityInterest,sellingGeneralAdministrative,otherNonOperatingIncome,operatingIncome,otherOperatingExpense,interestExpense,taxProvision,interestIncome,netInterestIncome,extraordinaryItems,nonRecurring,otherItems,incomeTaxExpense,totalOtherIncomeExpense,discontinuedOperations,netIncomeFromContinuingOperations,netIncomeApplicableToCommonShares,preferredStockAndOtherAdjustments,reportedCurrency_y,totalAssets,intangibleAssets,earningAssets,otherCurrentAssets,totalLiabilities,totalShareholderEquity,deferredLongTermLiabilities,otherCurrentLiabilities,commonStock,retainedEarnings,otherLiabilities,goodwill,otherAssets,cash,totalCurrentLiabilities,shortTermDebt,currentLongTermDebt,otherShareholderEquity,propertyPlantEquipment,totalCurrentAssets,longTermInvestments,netTangibleAssets,shortTermInvestments,netReceivables,longTermDebt,inventory,accountsPayable,totalPermanentEquity,additionalPaidInCapital,commonStockTotalEquity,preferredStockTotalEquity,retainedEarningsTotalEquity,treasuryStock,accumulatedAmortization,otherNonCurrrentAssets,deferredLongTermAssetCharges,totalNonCurrentAssets,capitalLeaseObligations,totalLongTermDebt,otherNonCurrentLiabilities,totalNonCurrentLiabilities,negativeGoodwill,warrants,preferredStockRedeemable,capitalSurplus,liabilitiesAndShareholderEquity,cashAndShortTermInvestments,accumulatedDepreciation,commonStockSharesOutstanding,reportedCurrency,investments,changeInLiabilities,cashflowFromInvestment,otherCashflowFromInvestment,netBorrowings,cashflowFromFinancing,otherCashflowFromFinancing,changeInOperatingActivities,netIncome_y,changeInCash,operatingCashflow,otherOperatingCashflow,depreciation,dividendPayout,stockSaleAndPurchase,changeInInventory,changeInAccountReceivables,changeInNetIncome,capitalExpenditures,changeInReceivables,changeInExchangeRate,changeInCashAndCashEquivalents,clossingVal,nextClossingVal
0,2020-06-30,USD,59519000,38901000,None,59519000,20618000,16352000,None,None,20618000,None,38901000,None,20618000,9691000,5016000,4266000,57640000,52624000,None,None,None,4266000,None,None,16352000,16352000,None,USD,6888595000,14472000,None,None,6020704000,867891000,None,5831138000,408699000,441846000,56733000,234368000,4880949000,679514000,5832663000,None,None,17346000,115373000,5427178000,883138000,619051000,784832000,4747664000,112199000,None,1525000,None,None,408699000,None,441846000,None,None,214066000,None,1461417000,19109000,112199000,75842000,188041000,None,None,None,None,6888595000,679514000,None,28976681,USD,-225826000,12293000,-216139000,12794000,-290031000,488479000,786177000,14294000,16352000,303165000,30825000,-17736000,3677000,-5235000,-2432000,None,-4176000,20415000,3107000,-4176000,None,303165000,25.08,
1,2020-03-31,USD,62874000,40076000,None,62874000,22798000,18180000,None,None,22798000,None,40076000,None,22798000,10102000,7274000,4618000,62033000,54759000,None,None,None,4618000,None,None,18180000,18180000,None,USD,6376058000,15461000,1183766000,None,5513860000,862198000,None,5044988000,410236000,430709000,45009000,234368000,4676198000,376349000,5047088000,None,340000000,21253000,113669000,4920326000,886222000,612369000,806470000,4543977000,402185000,None,2100000,None,None,410236000,None,430709000,None,None,206012000,None,1455732000,19578000,402185000,64587000,466772000,None,None,None,None,6376058000,376349000,None,29040827,USD,-53615000,3201000,-58430000,-3494000,101469000,189805000,113664000,1783000,18180000,145047000,13672000,-19118000,4340000,-5328000,-20000000,None,881000,6188000,1321000,881000,None,145047000,23.08,25.08
2,2019-12-31,USD,64815000,38564000,None,64815000,26251000,20883000,None,None,26251000,None,38564000,None,26251000,5092000,8313000,5368000,62969000,54656000,73000,None,None,5368000,-2208000,None,20883000,20883000,None,USD,6143639000,17217000,1076372000,40162000,5291238000,852401000,None,4931355000,429514000,417764000,37203000,234368000,4572325000,231302000,4933509000,239124000,238000000,5123000,114859000,4680018000,889877000,600816000,821945000,4448716000,300671000,3873000,2154000,None,None,429514000,None,417764000,None,None,207300000,None,1463621000,19855000,300671000,57058000,357729000,None,None,None,None,6143639000,231302000,None,29601264,USD,-157338000,-508000,-156258000,1900000,-30000,52283000,55867000,-2563000,20883000,-86159000,17816000,90293000,3822000,-3554000,0,None,-351000,-96030000,820000,-644000,None,-86159000,39.91,23.08
3,2019-09-30,USD,70513000,38920000,None,70513000,31593000,25019000,None,None,31593000,None,38920000,None,31593000,9763000,8604000,6574000,62382000,53778000,None,None,None,6574000,-1163000,None,25019000,25019000,None,USD,6068911000,18456000,1060598000,32566000,5233929000,834982000,None,4875382000,429136000,402212000,34979000,234368000,4529525000,317461000,4877551000,None,None,3634000,136668000,4711042000,779489000,582158000,705224000,4393581000,300656000,4589000,2169000,None,None,429136000,None,402212000,None,None,188888000,None,1357869000,None,300656000,55722000,356378000,None,None,None,None,6068911000,317461000,None,29604830,USD,-56507000,2983000,-55098000,2155000,-530000,24333000,31905000,-934000,25019000,-21999000,8766000,-69463000,3680000,-3566000,-3476000,None,612000,46547000,746000,None,None,-21999000,35.9,39.91
4,2019-06-30,USD,70706000,40439000,None,70706000,30267000,23859000,None,None,30267000,None,40439000,None,30267000,11032000,8613000,6408000,63022000,54409000,None,None,None,6408000,-1345000,None,23859000,23859000,None,USD,6012039000,19401000,1064024000,23131000,5196870000,815169000,None,4843054000,432533000,380748000,31185000,234368000,4466861000,339460000,4845312000,None,None,1888000,136901000,4675077000,771021000,561400000,691971000,4335617000,301140000,5107000,2258000,None,None,432533000,None,380748000,None,None,175271000,None,1336962000,None,301140000,50418000,351558000,None,None,None,None,6012039000,339460000,None,29717223,USD,-51572000,-6719000,-45865000,6225000,-105030000,-69129000,45866000,-2605000,23859000,-107347000,7647000,-66321000,3926000,-3570000,-6395000,None,-393000,52902000,518000,None,None,-107347000,36.42,35.9
5,2019-03-31,USD,67436000,39271000,None,67436000,28165000,22285000,None,None,28165000,None,39271000,None,28165000,10153000,8374000,5880000,61735000,53361000,None,None,None,5880000,-1442000,None,22285000,22285000,None,USD,6050248000,20081000,1100017000,19834000,5262109000,788139000,None,4797238000,434948000,360455000,37429000,234368000,4434209000,446807000,4799579000,None,None,-7264000,137725000,5385624000,90903000,533690000,639609000,4299208000,406125000,6390000,2341000,None,None,434948000,None,360455000,None,None,181547000,None,664624000,None,406125000,56405000,462530000,None,None,None,None,6050248000,1086416000,None,29746455,USD,-167499000,5619000,-167465000,1484000,-529000,134365000,137866000,1100000,22285000,-16091000,17009000,-16376000,3259000,-2972000,None,None,-512000,2222000,1450000,None,None,-16091000,34.76,36.42
6,2018-12-31,USD,67559000,37666000,8039000,67559000,29893000,23895000,0,0,29893000,0,37666000,None,29893000,7121000,9299000,None,None,None,0,0,0,5998000,-480000,0,23895000,23895000,None,USD,5864116000,21112000,None,23836000,5099886000,764230000,None,4659339000,434453000,341738000,31962000,234368000,4368891000,462898000,4661315000,None,None,-11961000,119000000,5208278000,105516000,508750000,501351000,4244029000,406609000,7440000,1976000,None,None,434453000,None,341738000,None,None,175842000,None,655838000,None,406609000,31962000,438571000,None,None,None,None,5864116000,964249000,None,29724874,USD,-201225000,-121000,-198446000,6846000,-30000,127892000,130895000,2012000,23895000,-47831000,22723000,-155461000,-3735000,-2973000,324000,None,None,160055000,4067000,-3940000,None,-47831000,32.66,34.76
7,2018-09-30,USD,67134000,39238000,6461000,67134000,27896000,21991000,0,0,27896000,0,39238000,None,27896000,10403000,461000,None,None,None,0,0,0,5905000,-1823000,0,21991000,21991000,None,USD,5711630000,22279000,None,21093000,4968554000,743076000,0,4528373000,434227000,320822000,31672000,232458000,4324390000,510729000,4530289000,None,None,-11973000,116618000,5048861000,110930000,488339000,353068000,4185064000,406593000,6140000,1916000,0,0,434227000,0,320822000,0,None,180484000,None,662769000,None,406593000,31672000,438265000,None,None,None,None,5711630000,863797000,None,29729285,USD,-46809000,1321000,-49166000,2340000,-528000,-28925000,-25427000,16371000,21991000,-49406000,28685000,-2498000,3885000,-2970000,0,0,0,3986000,4697000,None,None,-49406000,40.51,32.66
8,2018-06-30,USD,68053000,38873000,4793000,68053000,29180000,22730000,0,0,29180000,0,38873000,None,29180000,9822000,-1643000,None,None,None,0,-2761000,0,6450000,-2385000,0,22730000,22730000,None,USD,5717600000,23152000,None,23241000,4992878000,724722000,0,4553621000,434117000,301800000,30530000,232458000,4294175000,560135000,4555272000,407076000,407076000,-11195000,113774000,5034225000,117576000,469112000,334068000,4140022000,407076000,8296000,1651000,0,0,434117000,0,301800000,0,None,196415000,None,683375000,None,407076000,30530000,437606000,None,None,None,None,5717600000,894203000,None,29702912,USD,-15886000,-809000,-11418000,5203000,-29000,55234000,58013000,-17898000,22730000,33403000,-10413000,-30670000,3896000,-2966000,216000,0,164000,-3530000,735000,None,None,33403000,40.91,40.51
9,2018-03-31,USD,70107000,43598000,895000,70107000,26509000,20673000,0,0,26509000,0,43598000,None,26509000,11106000,4554000,None,None,None,0,2761000,0,5836000,-4433000,0,20673000,20673000,None,USD,5641527000,24079000,None,19299000,4935877000,705650000,0,4495708000,433305000,282038000,33110000,231681000,891430000,526732000,4497014000,407059000,407059000,-9693000,115542000,4971490000,118087000,449890000,341001000,4103757000,407059000,17336000,1306000,0,0,433305000,0,282038000,0,None,180648000,None,670037000,None,407059000,31804000,438863000,None,None,None,None,5641527000,867733000,None,29660967,USD,-48921000,-6279000,-54249000,-4104000,-529000,86076000,88869000,-4178000,20673000,37242000,5415000,-17921000,3731000,-2372000,108000,0,824000,3181000,1224000,2030000,None,37242000,35.65,40.91
10,2017-12-31,USD,63722000,43617000,4216000,63722000,20105000,14177000,0,0,20105000,0,43617000,None,20105000,23439000,11140000,None,None,None,0,-111429000,0,5928000,-11930000,0,14177000,14177000,None,USD,5547037000,24437000,None,26553000,4854058000,692979000,0,4406955000,432794000,264331000,39560000,233070000,897213000,489490000,4408190000,407543000,407543000,-4146000,116233000,4865925000,130962000,435472000,343270000,4033165000,407543000,25030000,1235000,0,0,432794000,0,264331000,0,None,176410000,None,681112000,None,407543000,38325000,445868000,None,None,None,None,5547037000,832760000,None,29639374,USD,-45748000,1700000,-20843000,26524000,-9717000,64789000,76485000,-2638000,14177000,80643000,36697000,-64120000,-2990000,-1979000,0,0,0,88360000,1619000,-430000,None,80643000,35.31,35.65
11,2017-09-30,USD,54001000,34384000,3372000,54001000,19617000,13086000,0,0,19617000,0,34384000,None,19617000,16083000,1558000,None,None,None,0,144483000,0,6531000,0,0,13086000,13086000,None,USD,4591147000,15634000,None,28871000,4078646000,512501000,0,3651241000,263493000,251790000,29880000,144667000,654594000,408847000,3652384000,397525000,397525000,-2782000,95762000,4048971000,140582000,352200000,198924000,3441200000,397525000,26782000,1143000,0,0,263493000,0,251790000,0,None,145531000,None,542176000,None,397525000,28737000,426262000,None,None,None,None,4591147000,607771000,None,24723929,USD,-31979000,-362000,-42306000,-9422000,42007000,47028000,6996000,-16655000,13086000,-8713000,-13435000,-31656000,2892000,-1975000,0,0,0,3220000,905000,-615000,None,-8713000,34.41,35.31
12,2017-06-30,USD,51791000,35084000,2911000,51791000,16707000,11154000,0,0,16707000,0,35084000,None,16707000,-6766000,-1895000,None,None,None,0,-27354000,0,5553000,0,0,11154000,11154000,None,USD,4528620000,12132000,None,23901000,4027969000,500651000,0,3644330000,262901000,240682000,28234000,139124000,638237000,417560000,3645344000,355405000,355405000,-2932000,96605000,4011862000,140937000,349395000,207496000,3386806000,355405000,24267000,1014000,0,0,262901000,0,240682000,0,None,127960000,None,516758000,None,355405000,27220000,382625000,None,None,None,None,4528620000,625056000,None,24678295,USD,-67762000,-3306000,-68993000,31000,64973000,78479000,15237000,-3478000,11154000,12400000,2914000,-5337000,3603000,-1973000,242000,0,0,-2894000,1262000,-306000,None,12400000,31.26,34.41
13,2017-03-31,USD,43382000,32072000,2895000,43382000,11310000,7555000,0,0,11310000,0,32072000,None,11310000,1299000,1868000,None,None,None,0,2373000,0,3755000,0,0,7555000,7555000,None,USD,4441846000,12811000,None,22185000,3952385000,489461000,0,3629170000,262180000,231503000,32812000,142872000,649285000,405160000,3629861000,290403000,290403000,-4222000,97142000,3919782000,144915000,333778000,214743000,3299879000,290403000,24450000,691000,0,0,262180000,0,231503000,0,None,124324000,None,522064000,None,290403000,32121000,322524000,None,None,None,None,4441846000,619903000,None,24663241,USD,-49754000,-8369000,3610000,54237000,64973000,94895000,96519000,4396000,7555000,99167000,662000,991000,2060000,-1669000,45000,0,279000,-1854000,873000,279000,None,99167000,29.29,31.26
14,2016-12-31,USD,40766000,28183000,1997000,40766000,12583000,8355000,0,0,12583000,0,28183000,None,12583000,2887000,7547000,None,None,None,0,-31564000,0,4228000,-6916000,0,8355000,8355000,None,USD,3614862000,4433000,None,11402000,3246761000,368101000,0,2947353000,147287000,225921000,28014000,75042000,534939000,305993000,2947892000,20000000,20000000,-5107000,75351000,3225320000,131829000,288626000,199329000,2719998000,271394000,11648000,539000,0,0,147287000,0,225921000,0,None,102887000,None,389542000,None,271394000,27475000,298869000,None,None,None,None,3614862000,505322000,None,20844505,USD,-60596000,2699000,-60791000,1618000,35000000,69650000,36347000,3062000,8355000,24660000,15801000,-323000,1599000,-1697000,0,2182000,0,3972000,1813000,-501000,None,24660000,27.14,29.29
15,2016-09-30,USD,35511000,27718000,1901000,35511000,7793000,4678000,0,0,7793000,0,27718000,None,7793000,29931000,-1781000,None,None,None,0,40056000,0,3115000,0,0,4678000,4620000,58000,USD,3537480000,4603000,None,None,3172532000,364948000,0,2910840000,139979000,219233000,25298000,75392000,538335000,281333000,2911363000,236394000,236394000,-1551000,76731000,3140733000,139902000,277666000,199156000,2660244000,236394000,14197000,523000,0,0,139979000,7287000,219233000,0,None,100119000,None,396747000,None,236394000,24775000,261169000,None,None,None,None,3537480000,480489000,None,20119411,USD,-2894000,815000,-58004000,-51929000,30000000,90083000,61741000,-1777000,4678000,32830000,751000,-6194000,-2399000,-1658000,0,2449000,381000,3484000,3181000,367000,None,32830000,19.79,27.14
16,2016-06-30,USD,37738000,26147000,1560000,37738000,11591000,7639000,0,0,11591000,0,26147000,None,11591000,-5348000,1841000,None,None,None,0,-7747000,0,3952000,0,0,7639000,7580000,59000,USD,3466546000,3612000,None,None,3104932000,361614000,0,2872020000,139832000,216223000,26518000,73541000,554231000,248503000,2872606000,206394000,206394000,-1728000,76991000,3050602000,146177000,277174000,219762000,2582337000,206394000,14710000,586000,0,0,139832000,7287000,216223000,0,None,115623000,None,415944000,None,206394000,25932000,232326000,None,None,None,None,3466546000,468265000,None,20087942,USD,-24535000,2143000,-27959000,-654000,20000000,63806000,45199000,-105000,7639000,46909000,11062000,-289000,2481000,-1641000,248000,254000,14000,-746000,2770000,-166000,None,46909000,17.58,19.79
17,2016-03-31,USD,34939000,24773000,2126000,34939000,10166000,6837000,0,0,10166000,0,24773000,None,10166000,444000,0,None,None,None,0,686000,0,3329000,0,0,6837000,6779000,58000,USD,3382966000,1833000,None,None,3033134000,349832000,0,2826821000,135318000,210250000,19919000,67528000,579961000,201594000,2827375000,186394000,186394000,-3023000,75268000,2971824000,151587000,273184000,247140000,2523090000,186394000,13438000,554000,0,0,135318000,7287000,210250000,0,None,114926000,None,411142000,None,186394000,19365000,205759000,None,None,None,None,3382966000,448734000,None,19865779,USD,-98434000,-2793000,-99554000,-195000,20000000,14027000,15536000,11020000,6837000,-65674000,19853000,11405000,3022000,-1636000,127000,1242000,180000,1202000,925000,180000,None,-65674000,18.85,17.58
18,2015-12-31,USD,35821000,25503000,1711000,35821000,10318000,6797000,0,0,10318000,0,25503000,None,10318000,27834000,6908000,None,None,None,0,1431000,0,3521000,-1187000,0,6797000,6760000,37000,USD,3362065000,1336000,None,13489000,3019875000,342190000,0,2811285000,133393000,205060000,22196000,65835000,515578000,267268000,2811870000,186394000,186394000,-3550000,74559000,2934190000,158933000,267732000,165614000,2501308000,186394000,14317000,585000,0,0,133393000,7287000,205060000,0,None,127212000,None,427875000,None,186394000,21611000,208005000,None,None,None,None,3362065000,432882000,None,19747509,USD,-22593000,442000,-37613000,-13367000,10000000,80331000,103478000,-5312000,6797000,48479000,5761000,-2914000,2608000,-1727000,-31420000,1665000,0,-1014000,1653000,-158000,None,48479000,18.74,18.85
19,2015-09-30,USD,35306000,24614000,330000,35306000,10692000,7005000,0,0,10692000,0,24614000,None,10692000,0,0,None,None,None,0,0,0,3687000,0,0,7005000,6868000,137000,USD,3272841000,1516000,None,None,2901667000,371174000,0,2707753000,133211000,199886000,17520000,65835000,513542000,218789000,2708341000,None,None,-710000,74839000,2860110000,163198000,265036000,178765000,2462556000,176394000,14023000,588000,0,0,133211000,38787000,199886000,0,None,107343000,None,412731000,None,176394000,16932000,193326000,None,None,None,None,3272841000,397554000,None,19785314,USD,-30099000,891000,-26649000,4322000,None,52911000,54626000,None,7005000,40397000,14135000,1203000,3351000,-1715000,0,2872000,0,1559000,872000,126000,None,40397000,17.0,18.74
