,fiscalDateEnding,reportedCurrency_x,totalRevenue,totalOperatingExpense,costOfRevenue,grossProfit,ebit,netIncome_x,researchAndDevelopment,effectOfAccountingCharges,incomeBeforeTax,minorityInterest,sellingGeneralAdministrative,otherNonOperatingIncome,operatingIncome,otherOperatingExpense,interestExpense,taxProvision,interestIncome,netInterestIncome,extraordinaryItems,nonRecurring,otherItems,incomeTaxExpense,totalOtherIncomeExpense,discontinuedOperations,netIncomeFromContinuingOperations,netIncomeApplicableToCommonShares,preferredStockAndOtherAdjustments,reportedCurrency_y,totalAssets,intangibleAssets,earningAssets,otherCurrentAssets,totalLiabilities,totalShareholderEquity,deferredLongTermLiabilities,otherCurrentLiabilities,commonStock,retainedEarnings,otherLiabilities,goodwill,otherAssets,cash,totalCurrentLiabilities,shortTermDebt,currentLongTermDebt,otherShareholderEquity,propertyPlantEquipment,totalCurrentAssets,longTermInvestments,netTangibleAssets,shortTermInvestments,netReceivables,longTermDebt,inventory,accountsPayable,totalPermanentEquity,additionalPaidInCapital,commonStockTotalEquity,preferredStockTotalEquity,retainedEarningsTotalEquity,treasuryStock,accumulatedAmortization,otherNonCurrrentAssets,deferredLongTermAssetCharges,totalNonCurrentAssets,capitalLeaseObligations,totalLongTermDebt,otherNonCurrentLiabilities,totalNonCurrentLiabilities,negativeGoodwill,warrants,preferredStockRedeemable,capitalSurplus,liabilitiesAndShareholderEquity,cashAndShortTermInvestments,accumulatedDepreciation,commonStockSharesOutstanding,reportedCurrency,investments,changeInLiabilities,cashflowFromInvestment,otherCashflowFromInvestment,netBorrowings,cashflowFromFinancing,otherCashflowFromFinancing,changeInOperatingActivities,netIncome_y,changeInCash,operatingCashflow,otherOperatingCashflow,depreciation,dividendPayout,stockSaleAndPurchase,changeInInventory,changeInAccountReceivables,changeInNetIncome,capitalExpenditures,changeInReceivables,changeInExchangeRate,changeInCashAndCashEquivalents,clossingVal,nextClossingVal
0,2020-06-30,USD,6689000,4889000,None,6689000,1800000,1578000,None,None,1800000,None,4889000,None,1800000,832000,575000,222000,6981000,6406000,None,None,None,222000,None,None,1578000,1578000,None,USD,825553000,None,None,14000,754465000,71088000,None,705806000,16117000,51812000,5986000,None,637840000,79525000,705806000,None,None,3159000,16978000,82357000,695866000,71088000,78250000,2818000,4124000,None,None,None,None,16117000,None,51812000,None,None,30352000,None,743196000,None,4124000,44535000,48659000,None,None,None,None,825553000,79525000,None,3794725,USD,-50886000,-22000,-51785000,-849000,19978000,95749000,96224000,-957000,1578000,46772000,2808000,-935000,390000,-475000,0,None,None,1797000,50000,None,None,46772000,14.1,
1,2020-03-31,USD,7181000,5605000,None,7181000,1576000,1396000,None,None,1576000,None,5605000,None,1576000,960000,818000,180000,7029000,6211000,None,None,None,180000,None,None,1396000,1396000,None,USD,727494000,None,121410000,14000,658257000,69237000,None,629560000,16083000,50709000,6154000,None,582651000,32753000,629560000,None,None,2445000,17197000,34693000,646043000,69237000,81652000,1926000,4124000,None,None,None,None,16083000,None,50709000,None,None,29561000,None,692801000,None,4124000,24573000,28697000,None,None,None,None,727494000,32753000,None,3794725,USD,-17434000,-722000,-17227000,178000,-4022000,2885000,3383000,-631000,1396000,-13574000,768000,91000,392000,-474000,-24000,None,None,-389000,29000,None,None,-13574000,13.75,14.1
2,2019-12-31,USD,7635000,5808000,None,7635000,1827000,1572000,None,None,1827000,None,5808000,None,1827000,866000,1057000,255000,7310000,6253000,None,None,None,255000,-271000,None,1572000,1572000,None,USD,722171000,None,133224000,14000,655049000,67122000,None,622155000,15964000,49787000,6811000,None,570768000,46327000,622155000,4041000,4041000,1371000,17492000,48325000,626385000,67122000,79783000,1984000,4124000,1356000,622155000,None,None,15964000,None,49787000,None,None,29969000,None,673846000,None,4124000,28770000,32894000,None,None,None,None,722171000,46327000,None,3783724,USD,-12782000,-275000,-12285000,555000,-13022000,-5339000,-4867000,-8000,1572000,-14223000,3401000,267000,409000,-472000,0,None,None,1428000,58000,None,None,-14223000,21.24,13.75
3,2019-09-30,USD,7801000,5419000,None,7801000,2382000,2052000,None,None,2382000,None,5419000,None,2382000,802000,1120000,330000,7305000,6185000,None,None,None,330000,None,None,2052000,2052000,None,USD,726339000,None,142795000,14000,660363000,65976000,None,614000000,15930000,48687000,7018000,None,561230000,60550000,614000000,54000,54000,1359000,17723000,62493000,615245000,65976000,72557000,1929000,4124000,1356000,614000000,None,None,15930000,None,48687000,None,None,30878000,None,663846000,None,4124000,42239000,46363000,None,None,None,None,726339000,60550000,None,3784934,USD,-1351000,-9000,-1808000,-331000,-21000,6268000,6723000,643000,2052000,6074000,1614000,652000,447000,-455000,0,None,None,-1528000,126000,None,None,6074000,19.75,21.24
4,2019-06-30,USD,7279000,5509000,None,7279000,1770000,1564000,None,None,1770000,None,5509000,None,1770000,836000,1145000,206000,7247000,6102000,None,None,None,206000,-93000,None,1564000,1564000,None,USD,717528000,None,136284000,14000,653422000,64106000,None,607256000,15890000,47090000,6890000,None,560296000,54476000,607256000,None,None,1126000,17920000,56503000,611688000,64106000,71739000,2013000,4124000,1356000,607256000,None,None,15890000,None,47090000,None,None,31417000,None,661025000,None,4124000,42042000,46166000,None,None,None,None,717528000,54476000,None,3784934,USD,108000,86000,-164000,555000,-21000,14412000,14877000,-218000,1564000,16482000,2234000,-304000,438000,-454000,-11000,None,None,450000,272000,None,None,16482000,21.31,19.75
5,2019-03-31,USD,7563000,5718000,None,7563000,1845000,1632000,None,None,1845000,None,5718000,None,1845000,925000,1046000,213000,7141000,6133000,None,None,None,213000,-94000,None,1632000,1632000,None,USD,700502000,None,118449000,14000,638369000,62133000,None,592358000,15861000,45980000,6662000,None,561031000,37994000,592358000,None,None,292000,17968000,40062000,611061000,62133000,69773000,2054000,4124000,1356000,592358000,None,None,15861000,None,45980000,None,None,31411000,None,660440000,None,4124000,41887000,46011000,None,None,None,None,700502000,37994000,None,3785454,USD,7457000,4839000,7355000,7457000,5979000,-37766000,-37301000,-507000,1632000,-29102000,1309000,-5425000,412000,-455000,-10000,None,None,-149000,102000,None,None,-29102000,20.615,21.31
6,2018-12-31,USD,7315000,5612000,1042000,7315000,1703000,1573000,0,0,1703000,0,5612000,None,1703000,797000,-2191000,None,None,None,0,0,0,130000,-106000,0,1573000,1573000,None,USD,730805000,None,None,17000,670798000,60007000,None,635638000,15742000,44803000,7218000,None,565456000,67093000,635638000,4000000,4000000,-538000,18190000,140936000,545544000,60007000,71884000,1942000,4124000,1356000,635638000,None,None,15742000,None,44803000,None,None,26135000,None,589869000,None,4124000,31036000,35160000,None,None,None,None,730805000,138977000,None,3773836,USD,-14520000,701000,-14720000,255000,-11020000,57933000,63386000,757000,1573000,46122000,2909000,56000,394000,-453000,-8000,None,None,185000,200000,None,None,46122000,19.18,20.615
7,2018-09-30,USD,6970000,5484000,1048000,6970000,1486000,1317000,0,0,1486000,0,5484000,None,1486000,744000,853000,None,None,None,0,0,0,169000,-86000,0,1317000,1317000,None,USD,669977000,0,None,18000,611700000,58277000,0,571231000,15707000,43683000,6523000,0,549564000,20970000,571231000,None,None,-1113000,18302000,95561000,529158000,58277000,72629000,1944000,4124000,1356000,566231000,0,0,15707000,0,43683000,0,None,26956000,None,574416000,None,4124000,36345000,40469000,None,None,None,None,669977000,93599000,None,3773836,USD,-23448000,481000,-23557000,-934000,-2820000,16925000,20199000,706000,1317000,-3696000,2936000,225000,404000,-454000,0,56000,0,509000,109000,None,None,-3696000,25.31,19.18
8,2018-06-30,USD,7466000,5574000,698000,7466000,1892000,1659000,0,0,1892000,0,5574000,None,1892000,911000,686000,None,None,None,0,-228000,0,233000,-93000,0,1659000,1659000,None,USD,651529000,0,None,11000,593831000,57698000,0,573655000,15673000,42820000,6015000,0,526578000,24673000,573655000,21981000,21981000,-795000,18509000,99630000,507323000,57698000,73079000,1867000,4124000,1356000,565835000,0,0,15673000,0,42820000,0,None,26067000,None,551899000,None,4124000,16052000,20176000,None,None,None,None,651529000,97752000,None,3773836,USD,-11857000,-192000,-11003000,1276000,7820000,-31882000,-39249000,-1462000,1659000,-42552000,333000,-2108000,407000,-453000,0,0,0,567000,437000,None,None,-42552000,21.2,25.31
9,2018-03-31,USD,7281000,5481000,952000,7281000,1800000,1586000,0,0,1800000,0,5481000,None,1800000,944000,652000,None,None,None,0,228000,0,214000,-100000,0,1586000,1586000,None,USD,682120000,0,None,14000,625454000,56666000,0,577241000,15634000,41624000,6249000,0,97051000,67222000,577241000,42027000,42027000,-592000,18386000,138741000,499447000,56666000,69683000,1822000,4124000,1756000,577241000,0,0,15634000,0,41624000,0,None,25546000,None,543379000,None,4124000,44089000,48213000,None,None,None,None,682120000,136905000,None,3773603,USD,1430000,-178000,46000,-1291000,29980000,36738000,37199000,-254000,1586000,37936000,1152000,-76000,407000,-453000,-8000,0,0,-587000,93000,None,None,37936000,21.02,21.2
10,2017-12-31,USD,6890000,5288000,681000,6890000,1602000,-543000,0,0,1602000,0,5288000,None,1602000,4714000,1591000,None,None,None,0,759000,0,2145000,-330000,0,-543000,-543000,None,USD,644613000,0,None,8000,588471000,56142000,0,570023000,15526000,40491000,6464000,0,97646000,29292000,570023000,80000,80000,125000,18606000,103393000,499061000,56142000,72153000,1940000,4124000,1356000,570023000,0,0,15526000,0,40491000,0,None,23553000,None,541220000,None,4124000,14324000,18448000,None,None,None,None,644613000,101445000,None,3762677,USD,-17951000,321000,-18188000,236000,-20000,13342000,13814000,67000,-543000,-2589000,2257000,202000,416000,-452000,0,10000,0,1861000,237000,None,None,-2589000,21.9,21.02
11,2017-09-30,USD,6666000,4998000,625000,6666000,1668000,1281000,0,0,1668000,0,4998000,None,1668000,-2196000,2000,None,None,None,0,869000,0,387000,0,0,1281000,1281000,None,USD,631717000,0,None,10000,574532000,57185000,0,556209000,11720000,45287000,6319000,0,94018000,31879000,556209000,12169000,12169000,178000,18688000,100898000,487122000,57185000,67136000,1873000,4124000,1796000,556209000,0,0,11720000,0,45287000,0,None,25009000,None,530819000,None,4124000,14199000,18323000,None,None,None,None,631717000,99015000,None,3762677,USD,-25178000,265000,-25234000,0,-18000,-16163000,-15693000,202000,1281000,-39962000,1435000,-63000,384000,-452000,0,0,0,-432000,56000,None,None,-39962000,19.85,21.9
12,2017-06-30,USD,6362000,5150000,744000,6362000,1212000,990000,0,0,1212000,0,5150000,None,1212000,601000,16000,None,None,None,0,-849000,0,222000,0,0,990000,990000,None,USD,646265000,0,None,10000,590006000,56259000,0,571902000,11720000,44469000,6082000,0,90792000,71841000,571902000,12209000,12209000,70000,18957000,137465000,464665000,56259000,63993000,1621000,4124000,1356000,571902000,0,0,11720000,0,44469000,0,None,25178000,None,508800000,None,4124000,13980000,18104000,None,None,None,None,646265000,135834000,None,3769201,USD,-19049000,-565000,-19259000,0,-5019000,15327000,20799000,-478000,990000,-2841000,1091000,87000,380000,-453000,0,0,0,199000,210000,None,None,-2841000,19.0001,19.85
13,2017-03-31,USD,6301000,5408000,519000,6301000,893000,768000,0,0,893000,0,5408000,None,893000,50000,440000,None,None,None,0,279000,0,125000,0,0,768000,768000,None,USD,630032000,0,None,10000,574765000,55267000,0,551103000,11720000,43897000,6621000,0,83734000,74682000,551103000,12917000,12917000,-350000,19084000,132590000,452522000,55267000,56409000,1489000,4124000,1356000,551103000,0,0,11720000,0,43897000,0,None,25836000,None,497442000,None,4124000,19538000,23662000,None,None,None,None,630032000,131091000,None,3769201,USD,1468000,-143000,1327000,0,-19000,4469000,4946000,-37000,768000,6846000,1050000,-37000,372000,-451000,-7000,0,0,90000,141000,None,None,6846000,18.15,19.0001
14,2016-12-31,USD,6363000,5357000,489000,6363000,1006000,808000,0,0,1006000,0,5357000,None,1006000,3098000,1901000,None,None,None,0,1198000,0,198000,-508000,0,808000,808000,None,USD,624445000,0,None,10000,569994000,54451000,0,546157000,11693000,43495000,6777000,0,77336000,67836000,546157000,19274000,19274000,-737000,19299000,119369000,459964000,54451000,49973000,1550000,4124000,1356000,546157000,0,0,11693000,0,43495000,0,None,25813000,None,505076000,None,4124000,19713000,23837000,None,None,None,None,624445000,117809000,None,3753919,USD,-10634000,156000,-10634000,-496000,-18000,286000,755000,1726000,808000,-7622000,2726000,1158000,373000,-451000,0,0,0,231000,289000,None,None,-7622000,16.65,18.15
15,2016-09-30,USD,5831000,5017000,883000,5831000,814000,698000,0,0,814000,0,5017000,None,814000,0,-574000,None,None,None,0,0,0,116000,0,0,698000,698000,None,USD,623877000,0,None,7000,569619000,54258000,0,545402000,11693000,43073000,7139000,0,74517000,75461000,545402000,None,None,-508000,19662000,123144000,454230000,54258000,46177000,1499000,4124000,1356000,545402000,0,0,11693000,0,43073000,0,None,26841000,None,500733000,None,4124000,20093000,24217000,None,None,None,None,623877000,121638000,None,3753486,USD,2417000,-572000,2408000,0,-18000,4520000,5011000,None,698000,8268000,1340000,338000,380000,-451000,-22000,0,0,496000,9000,None,None,8268000,14.4658,16.65
16,2016-06-30,USD,7339000,5215000,-640000,7339000,2124000,1562000,0,0,2124000,0,5215000,None,2124000,0,516000,None,None,None,0,0,0,562000,0,0,1562000,1562000,None,USD,619192000,0,None,8000,565300000,53892000,0,540391000,11683000,42795000,7813000,0,79417000,67192000,540391000,None,None,-586000,20014000,119358000,452561000,53892000,50701000,1457000,4124000,1468000,540391000,0,0,11683000,0,42795000,0,None,27259000,None,499834000,None,4124000,20785000,24909000,None,None,None,None,619192000,117893000,None,3753117,USD,-3441000,23000,-3603000,0,-17000,13762000,14262000,None,1562000,11523000,1364000,463000,388000,-450000,-33000,0,0,-1072000,158000,None,None,11523000,14.53,14.4658
17,2016-03-31,USD,6003000,5336000,640000,6003000,667000,606000,0,0,667000,0,5336000,None,667000,0,0,None,None,None,0,0,0,61000,0,0,606000,606000,None,USD,603926000,0,None,8000,550868000,53058000,0,526129000,11670000,41688000,7626000,0,81584000,55669000,526129000,None,None,-300000,20221000,110181000,446444000,53058000,53049000,1455000,17113000,1356000,526129000,0,0,11670000,0,41688000,0,None,27080000,None,493745000,None,None,24739000,24739000,None,None,None,None,603926000,108718000,None,3761438,USD,70000,-12000,-48000,4000,-18000,1366000,1835000,None,606000,2462000,1144000,-147000,381000,-451000,0,0,0,316000,122000,None,None,2462000,15.07,14.53
18,2015-12-31,USD,-1239000,4609000,8238000,-1239000,-5848000,-3750000,0,0,-5848000,0,4609000,None,-5848000,3168000,1962000,None,None,None,0,1174000,0,-2098000,47000,0,-3750000,-3750000,None,USD,601400000,0,None,9000,548767000,52633000,0,524294000,11616000,41477000,7342000,0,83699000,53206000,524294000,17466000,17466000,-460000,20461000,109901000,444025000,52633000,55224000,1462000,17131000,1356000,524294000,0,0,11616000,0,41477000,0,None,27013000,None,491499000,None,None,24473000,24473000,None,None,None,None,601400000,108430000,None,3744562,USD,9811000,-886000,9730000,115000,-18000,12560000,13213000,-289000,-3750000,23731000,1441000,-735000,359000,-635000,0,0,0,6453000,196000,None,None,23731000,15.25,15.07
19,2015-09-30,USD,6796000,5212000,548000,6796000,1584000,1346000,0,0,1584000,0,5212000,None,1584000,0,0,None,None,None,0,0,0,238000,0,0,1346000,1346000,None,USD,594204000,0,None,9000,537121000,57083000,0,511081000,11616000,45613000,8891000,0,81864000,29475000,511081000,None,None,-146000,20627000,86438000,460705000,57083000,55504000,1450000,17149000,1524000,511081000,0,0,11616000,0,45613000,0,None,26434000,None,507766000,None,None,26040000,26040000,None,None,None,None,594204000,84979000,None,3744562,USD,-11264000,407000,-11004000,499000,-16000,-5632000,-5167000,None,1346000,-13905000,2731000,491000,369000,-449000,0,0,0,118000,239000,None,None,-13905000,14.0,15.25
