,fiscalDateEnding,reportedCurrency_x,totalRevenue,totalOperatingExpense,costOfRevenue,grossProfit,ebit,netIncome_x,researchAndDevelopment,effectOfAccountingCharges,incomeBeforeTax,minorityInterest,sellingGeneralAdministrative,otherNonOperatingIncome,operatingIncome,otherOperatingExpense,interestExpense,taxProvision,interestIncome,netInterestIncome,extraordinaryItems,nonRecurring,otherItems,incomeTaxExpense,totalOtherIncomeExpense,discontinuedOperations,netIncomeFromContinuingOperations,netIncomeApplicableToCommonShares,preferredStockAndOtherAdjustments,reportedCurrency_y,totalAssets,intangibleAssets,earningAssets,otherCurrentAssets,totalLiabilities,totalShareholderEquity,deferredLongTermLiabilities,otherCurrentLiabilities,commonStock,retainedEarnings,otherLiabilities,goodwill,otherAssets,cash,totalCurrentLiabilities,shortTermDebt,currentLongTermDebt,otherShareholderEquity,propertyPlantEquipment,totalCurrentAssets,longTermInvestments,netTangibleAssets,shortTermInvestments,netReceivables,longTermDebt,inventory,accountsPayable,totalPermanentEquity,additionalPaidInCapital,commonStockTotalEquity,preferredStockTotalEquity,retainedEarningsTotalEquity,treasuryStock,accumulatedAmortization,otherNonCurrrentAssets,deferredLongTermAssetCharges,totalNonCurrentAssets,capitalLeaseObligations,totalLongTermDebt,otherNonCurrentLiabilities,totalNonCurrentLiabilities,negativeGoodwill,warrants,preferredStockRedeemable,capitalSurplus,liabilitiesAndShareholderEquity,cashAndShortTermInvestments,accumulatedDepreciation,commonStockSharesOutstanding,reportedCurrency,investments,changeInLiabilities,cashflowFromInvestment,otherCashflowFromInvestment,netBorrowings,cashflowFromFinancing,otherCashflowFromFinancing,changeInOperatingActivities,netIncome_y,changeInCash,operatingCashflow,otherOperatingCashflow,depreciation,dividendPayout,stockSaleAndPurchase,changeInInventory,changeInAccountReceivables,changeInNetIncome,capitalExpenditures,changeInReceivables,changeInExchangeRate,changeInCashAndCashEquivalents,clossingVal,nextClossingVal
0,2020-06-30,USD,8465000,5618000,None,8465000,2847000,2438000,None,None,2847000,4000,5618000,None,2847000,799000,404000.0,405000,7357000,6953000,None,None,None,405000,None,None,2442000,2438000,None,USD,919618000,746000,None,None,813640000,105873000,None,807636000,38000,68177000,1100000,6472000,508961000,108409000,813640000,None,None,4381000,16208000,111712000,763102000,98655000,257099000,3303000,None,None,6004000,None,None,38000,None,68177000,-8407000,None,21378000,None,807906000,None,None,None,None,None,None,None,41684000,919618000,108409000,None,3377671,USD,-13450000,-32000,-37191000,-23672000,None,84180000,85018000,785000,2442000,46699000,-290000,750000,823000,-824000,-14000,None,-440000.0,-3833000,69000,-440000,None,46699000,69.47,
1,2020-03-31,USD,8311000,5825000,None,8311000,2486000,2094000,None,None,2486000,3000,5825000,None,2486000,805000,468000.0,389000,7656000,7188000,None,None,None,389000,None,None,2097000,2094000,None,USD,831175000,782000,304997000,None,728267000,102793000,None,722618000,38000,66549000,1100000,6472000,475796000,61710000,728267000,None,None,2915000,16343000,64573000,721559000,95539000,253182000,2863000,None,None,5649000,None,None,38000,None,66549000,-8393000,None,21446000,None,766602000,None,None,None,None,None,None,None,41684000,831175000,61710000,None,3377882,USD,-5460000,9000,4200000,9858000,None,-370000,441000,-806000,2097000,8362000,4532000,-278000,839000,-811000,None,None,213000.0,1652000,198000,213000,None,8362000,59.9,69.47
2,2019-12-31,USD,8817000,5971000,None,8817000,2846000,2403000,None,None,2846000,3000,5971000,None,2846000,822000,510000.0,440000,7935000,7425000,None,None,None,440000,-4000,None,2406000,2403000,None,USD,827496000,819000,299654000,9152000,728548000,98836000,None,722177000,38000,65266000,1900000,6472000,477023000,53348000,728548000,None,None,1202000,16414000,56424000,725232000,91545000,254562000,3076000,None,170000,6371000,None,None,38000,None,65266000,-8393000,None,21965000,None,770902000,None,None,None,None,None,None,None,40723000,827496000,53348000,None,3363632,USD,-5176000,2000,-4000,6711000,None,1978000,2743000,605000,2406000,7902000,5928000,968000,821000,-807000,42000,None,-226000.0,1957000,1539000,-226000,None,7902000,73.0,59.9
3,2019-09-30,USD,9543000,5863000,None,9325000,3455000,2915000,None,None,3455000,108000,4408000,None,3462000,858000,503000.0,537000,8195000,7692000,None,None,None,537000,-7000,None,2918000,2915000,None,USD,823344000,856000,293912000,8747000,726344000,96892000,None,719392000,38000,63671000,2200000,6472000,479171000,31915000,724144000,None,None,853000,15121000,48296000,255028000,89564000,255028000,2850000,None,None,208000,None,None,38000,None,63671000,-8393000,None,23980000,None,775048000,None,None,None,None,None,None,None,40723000,823344000,45446000,None,3363632,USD,-3034000,0,-3034000,2937000,None,-16084000,-15235000,-943000,2915000,-17068000,2050000,-827000,261000,-807000,-42000,None,137000.0,-320000,799000,137000,None,-17068000,57.83,73.0
4,2019-06-30,USD,9196000,5764000,0,9196000,3432000,2860000,0,0,3432000,4000,5764000,0,3432000,863000,491000.0,568000,8189000,7698000,0,0,0,568000,-93000,0,2864000,2860000,0,USD,834918000,892000,310341000,6949000,740488000,94325000,0,734627000,38000,61563000,2500000,6472000,469714000,62514000,740488000,0,0,352000,14546000,65501000,723335000,86961000,259445000,2987000,0,2909000,5861000,0,0,38000,0,61563000,-8351000,0,21263000,0,766508000,0,0,0,0,0,0,0,40723000,834918000,62514000,0,3364460,USD,-34000000,-5000,-11457000,22964000,0,15272000,16096000,-68000,2864000,4983000,1168000,108000,675000,-822000,-2000,0,-152000.0,-2322000,421000,-152000,0,4983000,50.54,57.83
5,2019-03-31,USD,8257000,5665000,0,8257000,2592000,2147000,0,0,2592000,3000,5665000,0,2592000,875000,456000.0,442000,7632000,7176000,0,0,0,442000,-195000,0,2150000,2147000,0,USD,813861000,929000,307127000,4212000,724633000,89113000,0,718531000,38000,59511000,2800000,6472000,460252000,57531000,724633000,0,0,-2810000,14351000,60366000,706193000,81712000,255035000,2835000,0,2999000,6102000,0,0,38000,0,59511000,-8349000,0,22551000,0,750496000,0,0,0,0,0,0,0,40723000,813861000,57531000,0,3364494,USD,-5759000,27000,-6612000,-639000,0,16112000,16885000,45000,2150000,14431000,4931000,17000,655000,-773000,0,0,-7000.0,2089000,214000,-7000,0,14431000,51.5,50.54
6,2018-12-31,USD,8184000,5469000,0,8184000,2715000,2496000,0,0,2715000,3000,5469000,0,2715000,849000,0.0,None,None,None,0,0,0,216000,-140000,0,2499000,2496000,0,USD,794162000,966000,None,7477000,708206000,85844000,0,701646000,38000,58137000,2900000,6472000,445575000,43100000,708206000,0,0,-4197000,14364000,45928000,698950000,78406000,7710000,2828000,0,3142000,6560000,0,0,38000,0,58137000,-8349000,0,24340000,0,745092000,0,0,0,0,0,0,0,40215000,794162000,43100000,0,3354744,USD,-7737000,5000,-10740000,-2830000,-0.01,-1204000,-433000,-290000,2499000,-9039000,2905000,312000,700000,-771000,-34000,0,0.0,-472000,173000,-139000,0,-9039000,42.48,51.5
7,2018-09-30,USD,8252000,5195000,0,8252000,3057000,2524000,0,0,3057000,3000,5195000,0,3057000,967000,0.0,None,None,None,0,0,0,530000,185000,0,2527000,2524000,0,USD,790541000,1002000,None,5028000,709198000,81235000,0,702079000,38000,56413000,3300000,6472000,440545000,52139000,709198000,0,0,-7130000,17585000,54828000,683975000,73761000,8935000,2689000,0,3142000,7119000,0.05,0.02,38000,0,56413000,-8349000,0,26679000,0,735713000,0,0,0,0,0,0,0,40263000,790541000,52139000,0,3356144,USD,-16830000,32000,-15311000,1625000,0,-563000,-9757000,528000,2527000,-11735000,4139000,630000,734000,-772000,-34000,0,0.0,229000,106000,-13000,0,-11735000,38.33,42.48
8,2018-06-30,USD,8088000,5697000,29.11,8088000,2391000,2100000,0,0,2391000,4000,5697000,None,2391000,893000,16.17,None,None,None,0,0,0,287000,-400000,0,2104000,2100000,None,USD,788077000,1039000,None,4732000,707661000,80311000,0,701836000,38000,54661000,3300000,6472000,430953000,63874000,707661000,0,0,-6336000,17999000,66550000,672854000,72800000,7770000,2676000,0,3391000,5825000,3292.66,1648.58,38000,0,54661000,-8315000,None,23163000,None,721527000,None,None,None,None,None,None,None,40263000,788077000,63874000,None,3356962,USD,-187000,15000,-24000,236000,0,19479000,20265000,-604000,2104000,22401000,2946000,-274000,727000,-786000,0,45.20,0.74,400000,73000,-26000,None,22401000,41.55,38.33
9,2018-03-31,USD,7751000,5254000,539000,7751000,2497000,2133000,0,0,2497000,3000,5254000,None,2497000,819000,342000.0,None,None,None,0,0,0,361000,-121000,0,2136000,2133000,None,USD,767324000,1076000,None,4791000,687878000,79331000,0,681571000,38000,53333000,6307000,6472000,291785000,41464000,687878000,None,None,-5988000,18615000,44114000,674263000,71783000,8019000,2650000,0,5950000,6307000,79446000,40263000,38000,0,53333000,-8315000,None,22784000,None,723210000,None,None,None,None,None,None,None,40263000,767324000,41464000,None,3356964,USD,4123000,-9000,3975000,-98000,-10000000,6237000,17009000,-317000,2136000,13570000,3358000,-266000,743000,-772000,0,729000,44000.0,710000,50000,44000,None,13570000,39.9999,41.55
10,2017-12-31,USD,7772000,5254000,642000,7772000,2518000,1587000,0,0,2518000,3000,5254000,None,2518000,4551000,1049000.0,None,None,None,0,0,0,928000,-316000,0,1590000,1587000,None,USD,758956000,1112000,None,7024000,677906000,80938000,0,664562000,38000,51972000,3344000,6472000,292533000,27894000,667906000,10000000,10000000,-2272000,19002000,301760000,412249000,73354000,271172000,2694000,10000000,6601000,3344000,81050000,39515000,38000,0,51972000,-8315000,None,18361000,None,457196000,None,None,10000000,10000000,None,None,None,39515000,758956000,299066000,None,3336964,USD,1764000,-2000,-5003000,-6636000,6000000,4317000,-950000,-74000,1590000,1043000,1729000,528000,746000,-733000,0,3262000,0.0,-1034000,131000,-99000,None,1043000,36.74,39.9999
11,2017-09-30,USD,7983000,5046000,493000,7983000,2937000,2109000,0,0,2937000,3000,5046000,None,2937000,-1349000,-3000.0,None,None,None,0,0,0,825000,0,0,2112000,2109000,None,USD,754235000,1149000,None,3595000,672857000,81270000,0,665512000,38000,50767000,7345000,6472000,298324000,26777000,668857000,4000000,4000000,-735000,19056000,306309000,401763000,73649000,276937000,2595000,0,4882000,3345000,81378000,39515000,38000,0,50767000,-8315000,None,19486000,None,447926000,None,None,4000000,4000000,None,None,None,39515000,754235000,303714000,None,3336964,USD,-8394000,-5000,-4218000,4350000,4000000,-11606000,-14854000,23000,2112000,-11555000,4269000,69000,753000,-734000,-18000,4535000,0.0,1450000,174000,-110000,None,-11555000,35.5,36.74
12,2017-06-30,USD,7832000,4803000,602000,7832000,3029000,2190000,0,0,3029000,4000,4803000,None,3029000,35000,-13000.0,None,None,None,0,0,0,835000,0,0,2194000,2190000,None,USD,763174000,1186000,None,4550000,682924000,80145000,0,680366000,38000,49392000,2558000,6472000,297782000,38332000,682924000,None,None,-503000,15269000,317979000,396519000,72487000,277162000,2485000,0,6018000,2558000,80250000,39515000,38000,0,49392000,-8297000,None,21796000,None,441242000,None,None,None,None,None,None,None,39515000,763174000,315494000,None,3337552,USD,-13762000,-8000,-11892000,2463000,4000000,-2008000,-1293000,-605000,2194000,-11304000,2596000,-525000,748000,-715000,0,3053000,0.0,235000,593000,-48000,None,-11304000,31.15,35.5
13,2017-03-31,USD,7226000,5155000,570000,7226000,2071000,1553000,0,0,2071000,3000,5155000,None,2071000,211000,359000.0,None,None,None,0,0,0,515000,0,0,1556000,1553000,None,USD,761937000,1222000,None,4862000,684754000,77068000,0,681659000,38000,47903000,3095000,6472000,293869000,49307000,684754000,None,None,-2091000,14950000,323929000,387511000,69374000,272185000,2437000,0,6842000,3095000,77183000,39515000,38000,0,47903000,-8297000,None,23436000,None,433591000,None,None,None,None,None,None,None,39515000,761937000,321492000,None,3337552,USD,-20578000,-11000,-19311000,1638000,4000000,16308000,17009000,77000,1556000,1822000,4825000,77000,710000,-701000,0,2339000,0.0,2567000,371000,-74000,None,1822000,33.75,31.15
14,2016-12-31,USD,7067000,4697000,613000,7067000,2370000,1741000,0,0,2370000,3000,4697000,None,2370000,3589000,1349000.0,None,None,None,0,0,0,626000,-144000,0,1744000,1741000,None,USD,743658000,1259000,None,8370000,667816000,75730000,0,664650000,38000,47051000,3166000,6472000,277912000,47485000,667816000,None,None,-2577000,14841000,305692000,385663000,67999000,255844000,2363000,0,9181000,3166000,75842000,39515000,38000,0,47051000,-8297000,None,25057000,None,433292000,None,None,None,None,None,None,None,39515000,743658000,303329000,None,3337552,USD,-31335000,-4000,-29641000,2302000,10000000,5202000,5903000,-234000,1744000,-24546000,-107000,-712000,740000,-701000,0,0,0.0,-1872000,608000,-2000,None,-24546000,32.42,33.75
15,2016-09-30,USD,7351000,4924000,614000,7351000,2427000,1758000,0,0,2427000,3000,4924000,None,2427000,0,-542000.0,None,None,None,0,0,0,666000,0,0,1761000,1758000,None,USD,742077000,1296000,None,None,663371000,78598000,0,658747000,38000,47664000,4624000,6472000,268428000,72031000,663371000,None,None,1330000,18808000,321642000,368923000,70830000,247250000,2361000,0,6807000,4624000,78706000,39515000,38000,0,46012000,-8297000,None,24936000,None,420435000,None,None,None,None,None,None,None,39515000,742077000,319281000,None,3000000,USD,-4627000,-8000,-3054000,2047000,None,588000,1290000,None,1758000,-147000,2319000,863000,664000,-700000,-2000,1417000,0.0,-943000,474000,-19000,None,-147000,31.77,32.42
16,2016-06-30,USD,7298000,4844000,606000,7298000,2454000,1783000,0,0,2454000,4000,4844000,None,2454000,0,956000.0,None,None,None,0,0,0,667000,0,0,1787000,1783000,None,USD,739344000,1332000,None,None,661329000,77910000,0,657457000,38000,46995000,3872000,6472000,270868000,72178000,661329000,None,None,1698000,14341000,324124000,363323000,70106000,249604000,2342000,0,5443000,3872000,78015000,39515000,38000,0,44954000,-8295000,None,25500000,None,410968000,None,None,None,None,None,None,None,39515000,739344000,321782000,None,3000000,USD,-43024000,-7000,-42024000,1910000,None,525000,1272000,None,1783000,-38263000,3236000,379000,576000,-715000,-32000,2408000,0.0,370000,910000,131000,None,-38263000,33.89,31.77
17,2016-03-31,USD,7139000,4990000,575000,7139000,2149000,1582000,0,0,2149000,3000,4990000,None,2149000,0,0.0,None,None,None,0,0,0,564000,0,0,1585000,1582000,None,USD,735733000,1369000,None,None,659663000,75955000,0,656185000,38000,43872000,3478000,6472000,232539000,110441000,659663000,None,None,793000,14275000,323578000,359082000,68114000,210664000,2473000,0,6280000,3478000,76070000,76070000,38000,76070000,43872000,-8263000,None,26317000,None,407515000,None,None,None,None,None,None,None,39515000,735733000,321105000,None,3338603,USD,-21482000,-15000,-21482000,508000,None,18307000,19008000,None,1585000,-383000,2792000,-691000,475000,-701000,0,1691000,0.0,1667000,591000,-229000,None,-383000,27.5,33.89
18,2015-12-31,USD,6127000,4517000,302000,6127000,1610000,1106000,0,0,1610000,3000,4517000,None,1610000,2558000,1004000.0,None,None,None,0,1002000,0,501000,-1164000,0,1109000,1106000,None,USD,715827000,1406000,None,6211000,641319000,74396000,0,637177000,38000,42991000,4142000,6472000,208925000,110824000,641319000,None,None,115000,13936000,299819000,362251000,66518000,186751000,2244000,0,7971000,4142000,0,0,38000,0,42991000,-8263000,None,27053000,None,411118000,None,None,None,None,None,None,None,39515000,715827000,297575000,None,3338603,USD,40967000,-330000,60668000,20245000,10000000,24806000,25507000,-506000,1109000,84763000,-711000,126000,-1742000,-701000,0,0,467000.0,-996000,544000,-524000,None,84763000,26.1,27.5
19,2015-09-30,USD,5559000,3651000,220000,5559000,1908000,1398000,0,0,1908000,3000,3651000,None,1908000,0,0.0,None,None,None,0,0,0,507000,0,0,1401000,1398000,None,USD,465219000,5386000,None,None,405619000,59492000,0,402586000,32000,42587000,3033000,5386000,113015000,25961000,405619000,None,None,370000,10236000,122694000,305411000,54106000,95210000,1523000,0,840000,3033000,0,0,32000,0,42587000,-8263000,None,20976000,None,342009000,None,None,None,None,None,None,None,24766000,465219000,121171000,None,3000000,USD,-4822000,-4000,-4921000,83000,None,-14250000,-13661000,None,1401000,-15236000,3935000,613000,351000,-579000,-10000,1901000,57000.0,1559000,182000,15000,None,-15236000,26.36,26.1
