,fiscalDateEnding,reportedCurrency_x,totalRevenue,totalOperatingExpense,costOfRevenue,grossProfit,ebit,netIncome_x,researchAndDevelopment,effectOfAccountingCharges,incomeBeforeTax,minorityInterest,sellingGeneralAdministrative,otherNonOperatingIncome,operatingIncome,otherOperatingExpense,interestExpense,taxProvision,interestIncome,netInterestIncome,extraordinaryItems,nonRecurring,otherItems,incomeTaxExpense,totalOtherIncomeExpense,discontinuedOperations,netIncomeFromContinuingOperations,netIncomeApplicableToCommonShares,preferredStockAndOtherAdjustments,reportedCurrency_y,totalAssets,intangibleAssets,earningAssets,otherCurrentAssets,totalLiabilities,totalShareholderEquity,deferredLongTermLiabilities,otherCurrentLiabilities,commonStock,retainedEarnings,otherLiabilities,goodwill,otherAssets,cash,totalCurrentLiabilities,shortTermDebt,currentLongTermDebt,otherShareholderEquity,propertyPlantEquipment,totalCurrentAssets,longTermInvestments,netTangibleAssets,shortTermInvestments,netReceivables,longTermDebt,inventory,accountsPayable,totalPermanentEquity,additionalPaidInCapital,commonStockTotalEquity,preferredStockTotalEquity,retainedEarningsTotalEquity,treasuryStock,accumulatedAmortization,otherNonCurrrentAssets,deferredLongTermAssetCharges,totalNonCurrentAssets,capitalLeaseObligations,totalLongTermDebt,otherNonCurrentLiabilities,totalNonCurrentLiabilities,negativeGoodwill,warrants,preferredStockRedeemable,capitalSurplus,liabilitiesAndShareholderEquity,cashAndShortTermInvestments,accumulatedDepreciation,commonStockSharesOutstanding,reportedCurrency,investments,changeInLiabilities,cashflowFromInvestment,otherCashflowFromInvestment,netBorrowings,cashflowFromFinancing,otherCashflowFromFinancing,changeInOperatingActivities,netIncome_y,changeInCash,operatingCashflow,otherOperatingCashflow,depreciation,dividendPayout,stockSaleAndPurchase,changeInInventory,changeInAccountReceivables,changeInNetIncome,capitalExpenditures,changeInReceivables,changeInExchangeRate,changeInCashAndCashEquivalents,clossingVal,nextClossingVal
0,2020-06-30,USD,29421000,18913000,None,29421000,10508000,8238000,None,None,10508000,None,18913000,None,10508000,2803000,1447000,2270000,27786000,26339000,None,None,None,2270000,None,None,8238000,8238000,None,USD,2949066000,7798000,None,None,2533236000,415830000,None,2497846000,17710000,226627000,32532000,129565000,2215753000,421492000,2497846000,None,None,-1108000,62658000,406114000,100548000,278467000,98367000,-15378000,None,None,34290000,None,None,17710000,None,226627000,None,None,2242383000,None,2542952000,None,None,35390000,35390000,None,None,None,172601000,2949066000,421492000,None,17709569,USD,-30777000,0,-30721000,601000,-1248000,203759000,209432000,-3896000,8238000,179879000,6841000,-905000,1540000,-4425000,0,None,-2263000,231000,545000,-2263000,None,179879000,22.45,
1,2020-03-31,USD,31731000,21664000,None,31731000,10067000,7872000,None,None,10067000,None,21664000,None,10067000,3057000,1827000,2195000,29509000,27682000,None,None,None,2195000,None,None,7872000,7872000,None,USD,2738961000,8159000,267312000,None,2327355000,411606000,None,2288414000,17700000,222814000,34681000,129565000,2176549000,241613000,2288414000,None,None,-1139000,63319000,226593000,110255000,273882000,107753000,-15020000,1000000,None,36593000,None,None,17700000,None,222814000,None,None,2201070000,None,2512368000,None,1000000,37941000,38941000,None,None,None,172231000,2738961000,241613000,None,17700140,USD,80818000,0,80487000,1249000,707000,-67256000,-41498000,-2712000,7872000,24604000,11373000,-1679000,2694000,-4593000,-21872000,None,560000,1926000,1580000,560000,None,24604000,23.3,22.45
2,2019-12-31,USD,31280000,11888000,None,31280000,19392000,9564000,None,None,12397000,None,18883000,None,19392000,3382000,1313000,2833000,23370000,22057000,None,-6995000,None,2833000,232000,None,9564000,9564000,None,USD,2798847000,8519000,320028000,6940000,2370028000,428819000,None,2329912000,18377000,219535000,37034000,129565000,2192912000,217009000,2329912000,1601000,1601000,-1506000,62824000,205261000,173806000,290735000,169574000,-11748000,40000,3969000,38515000,None,None,18377000,None,219535000,None,None,2218872000,None,2593586000,None,None,40116000,40116000,None,None,None,192413000,2798847000,217009000,None,18376991,USD,6689000,0,31620000,27117000,-262000,-14088000,-9943000,5476000,9564000,34551000,17019000,165000,1232000,-3895000,12000,None,None,6697000,2186000,None,None,34551000,31.02,23.3
3,2019-09-30,USD,29180000,17444000,None,29180000,11736000,9156000,None,None,11736000,None,17444000,None,11736000,2233000,1384000,2580000,23605000,22221000,None,None,None,2580000,57000,None,9156000,9156000,None,USD,2205047000,4280000,249786000,4842000,1867684000,337363000,None,1836852000,15580000,213866000,27509000,92744000,1749685000,182458000,1836852000,1863000,1863000,-305000,48521000,168807000,118065000,240339000,115537000,-13651000,None,2528000,28969000,None,None,15580000,None,213866000,None,None,1772630000,None,2036240000,None,None,30832000,30832000,None,None,None,108222000,2205047000,182458000,None,15579740,USD,29876000,0,30068000,1465000,-1220000,-18275000,-11186000,1869000,9156000,25980000,14187000,251000,1232000,-3908000,-1961000,None,475000,3073000,1273000,475000,None,25980000,32.37,31.02
4,2019-06-30,USD,30053000,16651000,None,30053000,13402000,10451000,None,None,13402000,None,16651000,None,13402000,2883000,1393000,2951000,24382000,22989000,None,None,None,2951000,1626000,None,10451000,10451000,None,USD,2212027000,4532000,236812000,5317000,1878341000,333686000,None,1848038000,15633000,208618000,25800000,92744000,1776761000,156478000,1848038000,3083000,3083000,-381000,48262000,143255000,123038000,236410000,119076000,-13223000,None,3962000,27220000,None,None,15633000,None,208618000,None,None,1800196000,None,2068772000,None,None,30303000,30303000,None,None,None,109816000,2212027000,156478000,None,15633388,USD,40252000,0,38047000,1122000,-617000,-41471000,-30399000,-1204000,10451000,7932000,11356000,-603000,1178000,-3936000,-6519000,None,-90000,420000,3327000,-90000,None,7932000,33.76,32.37
5,2019-03-31,USD,29046000,16785000,None,29046000,12261000,9631000,None,None,12261000,None,16785000,None,12261000,3051000,1425000,2630000,23611000,22186000,None,None,None,2630000,1261000,None,9631000,9631000,None,USD,2242335000,4780000,244543000,5227000,1909233000,333102000,None,1878437000,15818000,202103000,25669000,92744000,1802277000,148546000,1878437000,3700000,3700000,-733000,46636000,135530000,136652000,235578000,132597000,-13016000,899000,4055000,27096000,None,None,15818000,None,202103000,None,None,1825993000,None,2106805000,None,None,30796000,30796000,None,None,None,115914000,2242335000,148546000,None,15818368,USD,71899000,0,71642000,1368000,-25670000,-14062000,22687000,862000,9631000,71673000,14093000,-213000,998000,-3321000,-7758000,None,254000,3423000,1625000,254000,None,71673000,33.14,33.76
6,2018-12-31,USD,29433000,17531000,2410000,29433000,11902000,9306000,0,0,11902000,0,17531000,None,11902000,2529000,1502000,2596000,25381000,23879000,0,0,0,2596000,-1473000,0,9306000,9306000,None,USD,2244374000,5026000,214581000,5481000,1911517000,332857000,None,1855750000,16007000,195793000,25779000,92744000,1830788000,76873000,1855750000,25000000,25000000,-1429000,45785000,64087000,181967000,235087000,None,-12786000,29370000,3838000,1855750000,None,None,16007000,None,195793000,None,None,1854765000,None,2180287000,None,None,55767000,55767000,None,None,None,122486000,2244374000,76873000,None,16007263,USD,27258000,0,28200000,2417000,-781000,-37359000,-20101000,2438000,9306000,3194000,12353000,-1555000,959000,-3415000,-13062000,None,None,4047000,1475000,None,None,3194000,31.48,33.14
7,2018-09-30,USD,28349000,18131000,2456000,28349000,10218000,9100000,0,0,10218000,0,18131000,None,10218000,2056000,1961000,None,None,None,0,0,0,1118000,-3083000,0,9100000,9100000,None,USD,2269688000,5366000,None,5374000,1931286000,338402000,0,1875851000,21382000,189902000,24681000,94287000,1846354000,73679000,1875851000,None,None,-2817000,45537000,60797000,193438000,238749000,0,-12882000,25000000,4798000,1875851000,0,0,21382000,0,189902000,-99247000,None,1870263000,None,2208891000,None,None,55435000,55435000,None,None,None,229182000,2269688000,73679000,None,17000000,USD,36686000,0,36208000,214000,-47718000,-86490000,-28887000,2203000,9100000,-34278000,16004000,1306000,856000,-3477000,-6408000,0,404000,4536000,692000,206000,None,-34278000,33.88,31.48
8,2018-06-30,USD,28783000,17217000,2530000,28783000,11566000,9066000,0,0,11566000,0,17217000,None,11566000,3939000,2035000,None,None,None,0,0,0,2500000,-515000,0,9066000,9066000,None,USD,2348120000,5628000,None,5580000,2008999000,339121000,0,1904738000,21382000,184279000,25303000,95779000,1854883000,107957000,1954738000,50000000,77869000,-2585000,45547000,1892985000,221507000,237714000,0,1785028000,75000000,4849000,1904738000,0,0,21382000,0,184279000,-92904000,None,86674000,None,455135000,None,None,54261000,54261000,None,None,None,228949000,2348120000,107957000,None,17000000,USD,-18499000,0,-18184000,578000,-1246000,-89308000,-75881000,-10000,9066000,-97183000,10309000,-784000,997000,-3014000,-9167000,0,198000,1455000,263000,-425000,None,-97183000,31.86,33.88
9,2018-03-31,USD,28330000,16894000,2446000,28330000,11436000,8868000,0,0,11436000,0,16894000,None,11436000,3028000,1951000,None,None,None,0,0,0,2568000,-472000,0,8868000,8868000,None,USD,2428307000,5891000,None,5155000,2086270000,342037000,0,1980619000,21382000,178227000,26536000,95779000,398453000,205140000,2030619000,50000000,79115000,-2481000,46415000,1983904000,189252000,240367000,0,1778764000,75000000,4690000,1980619000,0,0,21382000,0,178227000,-83865000,None,107066000,None,444403000,None,None,55651000,55651000,None,None,None,228774000,2428307000,205140000,None,17000000,USD,2141000,0,3174000,1154000,-971000,33182000,50728000,350000,8868000,47189000,10833000,-1463000,1179000,-11184000,-5391000,0,623000,1626000,121000,623000,None,47189000,29.85,31.86
10,2017-12-31,USD,29065000,17132000,2644000,29065000,11933000,1213000,0,0,11933000,0,17132000,None,11933000,19666000,6091000,None,None,None,0,0,0,10720000,-2643000,0,1213000,1213000,None,USD,2388460000,6151000,None,5778000,2037746000,350714000,0,1929891000,21382000,180543000,27769000,95779000,381961000,157951000,1979891000,50000000,80086000,-840000,48126000,2127217000,25149000,248784000,165580000,1803686000,75000000,2514000,1929891000,0,0,21382000,0,180543000,-79121000,None,86038000,None,261243000,None,None,57855000,57855000,None,None,None,228750000,2388460000,323531000,None,17000000,USD,28223000,0,30158000,2233000,-53697000,9542000,66071000,6570000,1213000,52832000,13132000,-829000,1247000,-3059000,227000,0,0,11898000,298000,None,None,52832000,28.73,29.85
11,2017-09-30,USD,28455000,16909000,2729000,28455000,11546000,7652000,0,0,11546000,0,16909000,None,11546000,-11518000,-12000,None,None,None,0,0,0,3894000,0,0,7652000,7652000,None,USD,2374780000,6417000,None,5156000,2022143000,352637000,0,1863820000,21382000,182145000,24540000,95779000,398600000,105119000,1913820000,50000000,133783000,-67000,48949000,2103214000,25182000,250441000,174424000,1823671000,75000000,3597000,1863820000,0,0,21382000,0,182145000,-79333000,None,95239000,None,271566000,None,None,108323000,108323000,None,None,None,228510000,2374780000,279543000,None,17000000,USD,-10597000,0,-10792000,394000,-2228000,252000,6446000,-374000,7652000,-1680000,8860000,-1109000,1250000,-3063000,-903000,0,397000,1151000,589000,-84000,None,-1680000,29.11,28.73
12,2017-06-30,USD,26835000,17458000,2945000,26835000,9377000,6418000,0,0,9377000,0,17458000,None,9377000,2263000,-40000,None,None,None,0,0,0,2959000,0,0,6418000,6418000,None,USD,2366603000,6683000,None,5072000,2017828000,348775000,0,1857374000,21382000,177556000,24443000,95779000,382946000,106799000,1907374000,50000000,136011000,-1000,49598000,2092947000,25216000,246313000,157854000,1828294000,75000000,4038000,1857374000,0,0,21382000,0,177556000,-78488000,None,96380000,None,273656000,None,None,110454000,110454000,None,None,None,228326000,2366603000,264653000,None,17000000,USD,19142000,0,19511000,930000,-19886000,-71892000,-49220000,-3003000,6418000,-46052000,6329000,-160000,1073000,-2722000,-64000,0,481000,-989000,561000,-13000,None,-46052000,27.35,29.11
13,2017-03-31,USD,26340000,17083000,2543000,26340000,9257000,6202000,0,0,9257000,0,17083000,None,9257000,753000,2051000,None,None,None,0,0,0,3055000,0,0,6202000,6202000,None,USD,2430513000,6947000,None,None,2087109000,343404000,0,1906594000,21382000,173860000,24618000,95779000,405562000,152851000,1971594000,65000000,155897000,-1481000,50057000,2133920000,47092000,240678000,158685000,1822384000,244000,4718000,1906594000,0,0,21382000,0,173860000,-78533000,None,96718000,None,296593000,None,244000,115271000,115515000,None,None,None,228176000,2430513000,311536000,None,17000000,USD,26323000,None,26280000,806000,-22816000,39576000,65256000,1369000,6202000,76544000,10688000,198000,1218000,-2719000,-145000,0,494000,2576000,849000,494000,None,76544000,24.97,27.35
14,2016-12-31,USD,26695000,16653000,2959000,26695000,10042000,6404000,0,0,10042000,0,16653000,None,10042000,16099000,9790000,None,None,None,0,1734000,0,3638000,-3249000,0,6404000,6404000,None,USD,2386398000,7207000,None,5553000,2047341000,339057000,0,1841338000,21382000,170377000,27290000,95779000,419621000,76307000,1906338000,65000000,178713000,-2011000,50085000,2082439000,47133000,236071000,165579000,1840553000,15708000,5385000,1841338000,0,0,21382000,0,170377000,-78833000,None,103755000,None,303959000,None,15708000,125295000,141003000,None,None,None,228142000,2386398000,241886000,None,17000000,USD,63477000,0,70638000,7506000,-45526000,-68558000,-20387000,6957000,6404000,10378000,8298000,-873000,1047000,-2716000,71000,0,454000,1775000,345000,-55000,None,10378000,30.14,24.97
15,2016-09-30,USD,28170000,18557000,1346000,28170000,9613000,6383000,0,0,9613000,0,18557000,None,9613000,-4834000,47000,None,None,None,0,-1414000,0,3230000,0,0,6383000,6383000,None,USD,2450273000,7964000,None,None,2112737000,337536000,0,1861899000,21382000,166689000,26599000,101776000,510540000,65929000,1951899000,90000000,224239000,370000,50564000,2109034000,72182000,227796000,220856000,1822249000,15707000,6489000,1861899000,0,0,21382000,0,166689000,-78789000,None,108753000,None,341239000,None,15707000,145131000,160838000,None,None,None,227884000,2450273000,286785000,None,17000000,USD,66164000,None,91407000,25691000,-86909000,-79186000,14347000,2045000,6383000,21628000,9407000,-3893000,3546000,-2724000,-3900000,0,509000,2754000,448000,617000,None,21628000,24.8,30.14
16,2016-06-30,USD,27999000,18722000,3168000,27999000,9277000,6255000,0,0,9277000,0,18722000,None,9277000,999000,-2432000,None,None,None,0,410000,0,3022000,0,0,6255000,6255000,None,USD,2495328000,4688000,None,None,2161116000,334212000,0,1866415000,21382000,163030000,25553000,100486000,613740000,44301000,2006415000,140000000,311148000,-3017000,50199000,2153999000,72239000,229038000,322699000,1786999000,15756000,6204000,1824415000,0,0,21382000,0,163030000,-74974000,None,113717000,None,341329000,None,15756000,138945000,154701000,None,None,None,227791000,2495328000,367000000,None,17000000,USD,-23283000,None,-22926000,357000,77731000,14888000,-50250000,1655000,6255000,4714000,12752000,None,3374000,-2448000,-10145000,0,0,3270000,0,-147000,None,4714000,22.44,24.8
17,2016-03-31,USD,27827000,18814000,3626000,27827000,9013000,6084000,0,0,9013000,0,18814000,None,9013000,0,2439000,None,None,None,0,0,0,2929000,0,0,6084000,6084000,None,USD,2470287000,4965000,None,None,2132658000,337629000,0,1892665000,21382000,159223000,24576000,100486000,630347000,39587000,1957665000,65000000,None,-5733000,50799000,2125986000,72485000,232178000,338469000,1747930000,15756000,7592000,1874665000,0,0,21382000,0,159223000,-64968000,None,115566000,None,344301000,None,15756000,159237000,174993000,None,None,None,227725000,2470287000,378056000,None,18000000,USD,-32218000,None,-28909000,3309000,14047000,4078000,1406000,None,6084000,-12200000,12631000,None,3272000,-2508000,-8867000,0,39000,3236000,0,39000,None,-12200000,19.84,22.44
18,2015-12-31,USD,28224000,19083000,2936000,28224000,9141000,6148000,0,0,9141000,0,19083000,None,9141000,19802000,8670000,None,None,None,0,86000,0,2993000,-3279000,0,6148000,6148000,None,USD,2462276000,5243000,None,6007000,2119259000,343017000,0,1873259000,21382000,155647000,26630000,100486000,662518000,51787000,1938259000,65000000,219370000,-5247000,52756000,2110275000,72541000,237288000,366173000,1692315000,15756000,8907000,1873259000,0,0,21382000,0,155647000,-56457000,None,120975000,None,352001000,None,15756000,165244000,181000000,None,None,None,227692000,2462276000,417960000,None,19000000,USD,861000,0,1898000,2276000,14339000,-21873000,-29640000,18842000,6148000,-10237000,9738000,None,-2024000,-2547000,-4025000,2293000,308000,5711000,702000,-97000,None,-10237000,18.63,19.84
19,2015-09-30,USD,28362000,19019000,3060000,28362000,9343000,6259000,0,0,9343000,0,19019000,None,9343000,0,-230000,None,None,None,0,0,0,3084000,0,0,6259000,6259000,None,USD,2478116000,5583000,None,None,2133289000,344827000,0,1902902000,21382000,152046000,25356000,100810000,682613000,62024000,1967902000,65000000,None,-3738000,53442000,2120493000,73119000,238434000,382212000,1676257000,15955000,9690000,1902902000,0,0,21382000,0,152046000,-52484000,None,124669000,None,357623000,None,15955000,149432000,165387000,None,None,None,227621000,2478116000,444236000,None,19000000,USD,-26326000,None,-24218000,1571000,172000,-25719000,-17319000,None,6259000,-30578000,19359000,None,5180000,-2591000,-5981000,1708000,405000,7711000,919000,209000,None,-30578000,17.9,18.63
