,fiscalDateEnding,reportedCurrency_x,totalRevenue,totalOperatingExpense,costOfRevenue,grossProfit,ebit,netIncome_x,researchAndDevelopment,effectOfAccountingCharges,incomeBeforeTax,minorityInterest,sellingGeneralAdministrative,otherNonOperatingIncome,operatingIncome,otherOperatingExpense,interestExpense,taxProvision,interestIncome,netInterestIncome,extraordinaryItems,nonRecurring,otherItems,incomeTaxExpense,totalOtherIncomeExpense,discontinuedOperations,netIncomeFromContinuingOperations,netIncomeApplicableToCommonShares,preferredStockAndOtherAdjustments,reportedCurrency_y,totalAssets,intangibleAssets,earningAssets,otherCurrentAssets,totalLiabilities,totalShareholderEquity,deferredLongTermLiabilities,otherCurrentLiabilities,commonStock,retainedEarnings,otherLiabilities,goodwill,otherAssets,cash,totalCurrentLiabilities,shortTermDebt,currentLongTermDebt,otherShareholderEquity,propertyPlantEquipment,totalCurrentAssets,longTermInvestments,netTangibleAssets,shortTermInvestments,netReceivables,longTermDebt,inventory,accountsPayable,totalPermanentEquity,additionalPaidInCapital,commonStockTotalEquity,preferredStockTotalEquity,retainedEarningsTotalEquity,treasuryStock,accumulatedAmortization,otherNonCurrrentAssets,deferredLongTermAssetCharges,totalNonCurrentAssets,capitalLeaseObligations,totalLongTermDebt,otherNonCurrentLiabilities,totalNonCurrentLiabilities,negativeGoodwill,warrants,preferredStockRedeemable,capitalSurplus,liabilitiesAndShareholderEquity,cashAndShortTermInvestments,accumulatedDepreciation,commonStockSharesOutstanding,reportedCurrency,investments,changeInLiabilities,cashflowFromInvestment,otherCashflowFromInvestment,netBorrowings,cashflowFromFinancing,otherCashflowFromFinancing,changeInOperatingActivities,netIncome_y,changeInCash,operatingCashflow,otherOperatingCashflow,depreciation,dividendPayout,stockSaleAndPurchase,changeInInventory,changeInAccountReceivables,changeInNetIncome,capitalExpenditures,changeInReceivables,changeInExchangeRate,changeInCashAndCashEquivalents,clossingVal,nextClossingVal
0,2020-06-30,USD,13130000,9131000,None,11880000,2749000,2217000,None,None,2749000,None,7459000,None,2749000,1844000,923000,532000,10666000,9743000,None,None,None,532000,None,None,2217000,2217000,None,USD,1324800000,1283000,None,None,1193999000,130801000,None,1118872000,7486000,22155000,10320000,14637000,844524000,92938000,1118872000,None,None,9976000,37852000,388857000,297972000,114881000,295919000,None,14964000,None,None,None,None,7486000,None,22155000,None,None,43363000,None,935943000,3192000,14964000,60163000,75127000,None,None,None,91184000,1324800000,388857000,None,7486151,USD,-73238000,0,-73238000,None,-390000,131237000,132227000,2607000,2217000,43562000,-14437000,-2301000,499000,-892000,0,None,None,-19760000,313000,None,None,43562000,15.15,
1,2020-03-31,USD,12345000,9038000,None,11270000,2232000,1794000,None,None,2232000,None,7338000,None,2232000,1888000,1293000,438000,10710000,9417000,None,None,None,438000,None,None,1794000,1794000,None,USD,1185307000,1378000,328517000,None,1060693000,124614000,None,986645000,7462000,20830000,8614000,14637000,776975000,49376000,986645000,None,None,5406000,37989000,338257000,290943000,108599000,288881000,None,14964000,None,None,None,None,7462000,None,20830000,None,None,42444000,None,847050000,3229000,14964000,59084000,74048000,None,None,None,90916000,1185307000,338257000,None,7462247,USD,-11055000,0,-11055000,-10841000,12534000,10172000,-1555000,-443000,1794000,1684000,2567000,80000,508000,-891000,-15000,None,None,708000,214000,None,None,1684000,15.72,15.15
2,2019-12-31,USD,9736000,8864000,None,12288000,3424000,2697000,None,None,3424000,None,3910000,None,3424000,1960000,1426000,727000,10786000,9360000,None,None,None,727000,-376000,None,2697000,2697000,None,USD,1170279000,1483000,332688000,11746000,1050085000,120194000,None,988201000,7440000,19927000,9048000,14637000,766296000,47692000,988201000,211000,211000,2339000,38223000,334492000,288792000,104074000,286800000,None,15175000,1410000,988200000,None,None,7440000,None,19927000,None,None,43102000,None,835786000,3266000,14964000,46920000,61884000,None,None,None,90488000,1170279000,334492000,None,7440026,USD,-25412000,3054000,-25412000,2000,-1030000,37693000,39303000,-4662000,2697000,14457000,2176000,2140000,724000,-794000,-77000,None,None,363000,402000,None,None,14457000,21.61,15.72
3,2019-09-30,USD,12466000,8604000,None,12441000,3651000,2898000,None,None,3651000,None,6867000,None,3837000,1912000,1511000,753000,10864000,9353000,None,None,None,753000,-186000,None,2898000,2898000,None,USD,1129990000,1609000,290991000,10775000,1011210000,118780000,None,948827000,7409000,18024000,8491000,14637000,761925000,32940000,984272000,None,None,3055000,39337000,298008000,267060000,102534000,265068000,None,15180000,1412000,948827000,None,None,7409000,None,18024000,None,None,40370000,None,831982000,3291000,14964000,47419000,62383000,None,13000,None,90305000,1129990000,298008000,None,7000000,USD,-22455000,0,-22455000,-21393000,427000,8986000,11444000,5262000,2898000,-6388000,7081000,-4396000,484000,-831000,-2224000,None,None,-1563000,437000,None,None,-6388000,19.48,21.61
4,2019-06-30,USD,12302000,8640000,None,12293000,3653000,2881000,None,None,3653000,None,6900000,None,3653000,1743000,1490000,772000,10606000,9116000,None,None,None,772000,-221000,None,2881000,2881000,None,USD,1115968000,1742000,285930000,8730000,998479000,117489000,None,937391000,7511000,15957000,8091000,14637000,758726000,39623000,937391000,None,None,1764000,35991000,289933000,252302000,101110000,250310000,None,15185000,1412000,937391000,None,None,7511000,None,15957000,None,None,44590000,None,826035000,2823000,2823000,58265000,61088000,None,15000,None,92242000,1115968000,289933000,None,7511164,USD,-10084000,0,-1329000,625000,-123000,13601000,18200000,-4190000,2881000,1416000,-2101000,4212000,388000,-841000,-3413000,None,None,-1180000,776000,None,None,1416000,18.51,19.48
5,2019-03-31,USD,11529000,8076000,None,11424000,3101000,2495000,None,None,3101000,None,6558000,None,3348000,1690000,1354000,606000,10374000,9020000,None,None,None,606000,-247000,None,2495000,2495000,None,USD,1097396000,1874000,278885000,7299000,980962000,116434000,None,919773000,7665000,13917000,7853000,14637000,746710000,38207000,953080000,None,None,-298000,38300000,284954000,248909000,99923000,246747000,None,17190000,1460000,919773000,None,None,7665000,None,13917000,None,None,41095000,None,812442000,2839000,14964000,46225000,61189000,None,17000,None,95150000,1097396000,284954000,None,8000000,USD,8755000,0,8755000,301000,3985000,-651000,-5735000,-1639000,2495000,5939000,-2165000,3273000,525000,-840000,-156000,None,None,105000,1178000,None,None,5939000,19.07,18.51
6,2018-12-31,USD,11558000,8170000,1296000,11558000,3388000,2686000,0,0,3388000,0,8170000,None,3388000,1538000,1945000,None,None,None,0,0,0,702000,-277000,0,2686000,2686000,None,USD,1091595000,2006000,None,3223000,979098000,112497000,None,925523000,7639000,12262000,9058000,14637000,746992000,32211000,925523000,None,None,-2483000,34987000,270104000,731596000,95854000,237893000,None,14964000,1460000,925523000,None,None,7639000,None,12262000,None,None,38265000,None,821491000,None,14964000,38611000,53575000,None,31000,None,95048000,1091595000,270104000,None,7638681,USD,-3369000,1550000,-6277000,449000,65044000,-6064000,3818000,-624000,2686000,-4672000,7669000,77000,389000,760000,-57000,None,None,94000,971000,None,None,-4672000,19.43,19.07
7,2018-09-30,USD,11704000,8134000,1123000,11704000,3570000,2833000,0,0,3570000,0,8134000,None,3570000,1580000,222000,None,None,None,0,0,0,737000,-299000,0,2833000,2833000,None,USD,1091142000,2142000,None,5528000,982956000,108186000,0,921722000,7630000,10336000,7608000,14637000,725606000,36335000,921722000,52426000,52426000,-4781000,34405000,287955000,712049000,91407000,251620000,None,14964000,1921000,921722000,0,0,7630000,0,10336000,0,None,39954000,None,803187000,None,14964000,46270000,61234000,None,34000,None,94967000,1091142000,287955000,None,7629638,USD,9802000,431000,-10673000,187000,5023000,-3254000,-11626000,514000,2833000,-8005000,5922000,-83000,380000,760000,0,0,0,21000,173000,None,None,-8005000,24.2,19.43
8,2018-06-30,USD,11821000,8225000,909000,11821000,3596000,3001000,0,0,3596000,0,8225000,None,3596000,1912000,168000,None,None,None,0,0,0,595000,-257000,0,3001000,3001000,None,USD,1092149000,2284000,None,6969000,985152000,106997000,0,933368000,7605000,8263000,7176000,14562000,713222000,44342000,933368000,43408000,43408000,-3784000,34613000,299855000,701476000,90151000,255513000,None,14964000,1824000,933368000,0,0,7605000,0,8263000,0,None,39359000,None,792294000,None,14964000,36820000,51784000,None,46000,None,94867000,1092149000,299855000,None,7605053,USD,27361000,388000,-18313000,118000,6244000,19078000,13496000,882000,3001000,6031000,5266000,-494000,376000,756000,0,0,0,29000,172000,None,None,6031000,25.1,24.2
9,2018-03-31,USD,10963000,7594000,999000,10963000,3369000,2709000,0,0,3369000,0,7594000,None,3369000,1680000,712000,None,None,None,0,0,0,660000,-253000,0,2709000,2709000,None,USD,1070539000,2427000,None,7546000,965056000,105483000,0,919898000,7600000,6018000,7990000,14589000,324779000,38312000,919898000,37168000,37168000,-2954000,34816000,292027000,687109000,88467000,253715000,None,14964000,9433000,919898000,0,0,7600000,0,6018000,0,None,39571000,None,778512000,None,14964000,30194000,45158000,None,46000,None,94773000,1070539000,292027000,None,7600690,USD,10505000,-272000,-12531000,62000,2689000,19554000,31602000,-331000,2709000,8323000,1300000,59000,374000,757000,0,0,0,202000,149000,None,None,8323000,22.9,25.1
10,2017-12-31,USD,10482000,8374000,852000,10482000,2108000,502000,0,0,2108000,0,8374000,None,2108000,3080000,2743000,None,None,None,0,-828000,0,1606000,-2211000,0,502000,502000,None,USD,1050731000,2569000,None,5093000,945068000,105663000,0,888323000,7588000,4066000,8261000,14589000,336002000,29989000,888323000,14000000,14000000,-553000,36103000,294813000,663113000,88505000,264824000,None,14964000,7027000,888323000,0,0,7588000,0,4066000,0,None,39544000,None,755918000,None,14964000,41781000,56745000,None,46000,None,94516000,1050731000,294813000,None,7587918,USD,23520000,79000,9294000,-22915000,28058000,-10976000,-8341000,6495000,502000,3503000,5185000,-2453000,373000,673000,0,614000,0,170000,5747000,None,None,3503000,22.6,22.9
11,2017-09-30,USD,9483000,6894000,859000,9483000,2589000,1893000,0,0,2589000,0,6894000,None,2589000,6103000,144000,None,None,None,0,3462000,0,696000,0,0,1893000,1893000,None,USD,914228000,878000,None,6018000,827633000,86595000,0,770082000,6706000,4088000,7863000,5078000,286214000,26487000,770082000,49688000,49688000,-205000,31343000,255547000,585907000,80639000,229060000,None,14964000,6751000,770082000,0,0,6706000,0,4088000,0,None,35475000,None,658681000,None,14964000,42587000,57551000,None,46000,None,75960000,914228000,255547000,None,6706406,USD,-5069000,865000,-6081000,144000,150000,-4314000,-3044000,-779000,1893000,-7399000,2996000,1644000,348000,601000,0,0,0,166000,1156000,None,None,-7399000,20.45,22.6
12,2017-06-30,USD,9615000,7370000,753000,9615000,2245000,1664000,0,0,2245000,0,7370000,None,2245000,-4590000,-925000,None,None,None,0,-2308000,0,581000,0,0,1664000,1664000,None,USD,915462000,953000,None,6590000,830403000,85059000,0,773126000,6702000,2796000,6997000,5078000,295082000,33887000,773126000,50280000,50280000,-353000,30535000,273299000,571623000,79028000,239412000,None,14964000,7428000,773126000,0,0,6702000,0,2796000,0,None,33974000,None,642163000,None,14964000,42313000,57277000,None,46000,None,75868000,915462000,273299000,None,6701642,USD,5839000,725000,6080000,381000,-2069000,-2858000,-2486000,643000,1664000,4430000,1208000,82000,370000,1101000,0,0,0,78000,140000,None,None,4430000,21.0,20.45
13,2017-03-31,USD,8923000,6720000,828000,8923000,2203000,1756000,0,0,2203000,0,6720000,None,2203000,1212000,800000,None,None,None,0,577000,0,447000,0,0,1756000,1756000,None,USD,914913000,1027000,None,5246000,831782000,83131000,0,775611000,6697000,1732000,6271000,5078000,297759000,29457000,775611000,49900000,49900000,-1130000,31820000,272353000,571269000,77026000,242896000,None,14964000,6402000,775611000,0,0,6697000,0,1732000,0,None,33366000,None,642560000,None,14964000,41207000,56171000,None,46000,None,75786000,914913000,272353000,None,6697130,USD,1078000,-1512000,-296000,5000,-139000,-608000,9003000,4256000,1756000,8058000,8962000,-5768000,357000,96000,20000,1516000,0,116000,1379000,None,None,8058000,22.0,21.0
14,2016-12-31,USD,8756000,6518000,954000,8756000,2238000,1792000,0,0,2238000,0,6518000,None,2238000,4181000,3031000,None,None,None,0,903000,0,1644000,-1562000,0,594000,1792000,None,USD,914793000,1102000,None,6762000,832932000,81861000,0,766622000,6708000,573000,7784000,5078000,313558000,21400000,766622000,11000000,11000000,-1457000,30888000,274794000,564395000,75681000,253394000,None,14964000,7908000,766622000,0,0,6708000,0,573000,0,None,38536000,None,639999000,None,14964000,51346000,66310000,None,46000,None,75991000,914793000,274794000,None,6708393,USD,-14223000,881000,-14261000,184000,290000,526000,781000,-5404000,1792000,-16696000,-2961000,5764000,-2948000,-531000,0,0,0,431000,221000,None,None,-16696000,18.05,22.0
15,2016-09-30,USD,8859000,6583000,928000,8859000,2276000,1677000,0,0,2276000,0,6583000,None,2276000,1004000,-829000,None,None,None,0,0,0,-599000,0,0,2875000,1677000,None,USD,915252000,1177000,None,None,831044000,84208000,0,765923000,6703000,-688000,6903000,5078000,321709000,38096000,765923000,43254000,43254000,2226000,31006000,307351000,539882000,77953000,269255000,None,14964000,6503000,765923000,0,0,6703000,0,-688000,0,None,30758000,None,607901000,None,14964000,50157000,65121000,None,46000,None,75921000,915252000,307351000,None,6703317,USD,-16064000,421000,-15981000,240000,-10781000,24990000,36301000,185000,1677000,16400000,8096000,213000,1508000,-530000,-28000,0,0,4863000,158000,None,None,16400000,15.75,18.05
16,2016-06-30,USD,8724000,6333000,999000,8724000,2391000,1745000,0,0,2391000,0,6333000,None,2391000,-818000,845000,None,None,None,0,0,0,646000,0,0,1745000,1745000,None,USD,888837000,1257000,None,None,804626000,84211000,0,729623000,6699000,-1835000,6482000,5078000,319845000,21697000,729623000,53557000,53557000,3438000,31209000,289012000,531416000,77876000,267315000,None,14964000,10142000,729623000,0,0,6699000,0,-1835000,0,None,30865000,None,599825000,None,14964000,60039000,75003000,None,46000,None,75863000,888837000,289012000,None,6699030,USD,-42155000,13000,-16758000,376000,8410000,15344000,7187000,163000,1745000,-3531000,-2117000,-578000,2448000,-1583000,0,0,0,-4502000,1438000,None,None,-3531000,13.99,15.75
17,2016-03-31,USD,8286000,6342000,940000,8286000,1944000,1468000,0,0,1944000,0,6342000,None,1944000,223000,0,None,None,None,0,0,0,476000,0,0,1468000,1468000,None,USD,870409000,1337000,None,None,788798000,81611000,0,722236000,6693000,-3051000,6469000,5078000,319957000,25227000,722236000,45129000,45129000,2137000,30184000,292006000,509206000,75196000,266779000,None,14964000,5109000,722236000,0,0,6693000,0,-3051000,0,None,31518000,None,578403000,None,14964000,51598000,66562000,None,46000,None,75786000,870409000,292006000,None,7000000,USD,20362000,-290000,-4536000,981000,-336000,4599000,6156000,-5000,1468000,2885000,2822000,5000,325000,527000,14000,417000,0,140000,580000,None,None,2885000,14.42,13.99
18,2015-12-31,USD,8291000,6122000,1003000,8291000,2169000,1601000,0,0,2169000,0,6122000,None,2169000,4051000,3396000,None,None,None,0,903000,0,568000,-1825000,0,1601000,1601000,None,USD,862734000,1419000,None,4042000,783696000,79038000,0,716151000,6690000,-3992000,6760000,5078000,318769000,22348000,716151000,60785000,60785000,533000,31009000,287035000,504928000,72541000,264687000,None,14964000,6500000,716151000,0,0,6690000,0,-3992000,0,None,33265000,None,575699000,None,14964000,52581000,67545000,None,46000,None,75761000,862734000,287035000,None,6690551,USD,-17395000,203000,-22780000,-5215000,-3593000,9169000,11912000,936000,1601000,-10070000,3541000,369000,321000,-3204000,0,1162000,0,148000,170000,None,None,-10070000,14.92,14.42
19,2015-09-30,USD,8389000,6067000,1054000,8389000,2322000,1679000,0,0,2322000,0,6067000,None,2322000,0,0,None,None,None,0,0,0,643000,0,0,1679000,1679000,None,USD,852329000,1508000,None,None,773841000,78488000,0,704370000,6685000,-5131000,6556000,5078000,302648000,32463000,704370000,None,None,1198000,31189000,287645000,499631000,71902000,255182000,None,15464000,7098000,704370000,0,0,6685000,0,-5131000,0,None,27278000,None,564684000,None,15464000,54007000,69471000,None,46000,None,75690000,852329000,287645000,None,6684563,USD,-12332000,1065000,-12923000,91000,448000,12380000,20339000,None,1679000,7135000,7678000,-207000,319000,914000,0,555000,0,193000,682000,None,None,7135000,12.38,14.92
