,fiscalDateEnding,reportedCurrency_x,totalRevenue,totalOperatingExpense,costOfRevenue,grossProfit,ebit,netIncome_x,researchAndDevelopment,effectOfAccountingCharges,incomeBeforeTax,minorityInterest,sellingGeneralAdministrative,otherNonOperatingIncome,operatingIncome,otherOperatingExpense,interestExpense,taxProvision,interestIncome,netInterestIncome,extraordinaryItems,nonRecurring,otherItems,incomeTaxExpense,totalOtherIncomeExpense,discontinuedOperations,netIncomeFromContinuingOperations,netIncomeApplicableToCommonShares,preferredStockAndOtherAdjustments,reportedCurrency_y,totalAssets,intangibleAssets,earningAssets,otherCurrentAssets,totalLiabilities,totalShareholderEquity,deferredLongTermLiabilities,otherCurrentLiabilities,commonStock,retainedEarnings,otherLiabilities,goodwill,otherAssets,cash,totalCurrentLiabilities,shortTermDebt,currentLongTermDebt,otherShareholderEquity,propertyPlantEquipment,totalCurrentAssets,longTermInvestments,netTangibleAssets,shortTermInvestments,netReceivables,longTermDebt,inventory,accountsPayable,totalPermanentEquity,additionalPaidInCapital,commonStockTotalEquity,preferredStockTotalEquity,retainedEarningsTotalEquity,treasuryStock,accumulatedAmortization,otherNonCurrrentAssets,deferredLongTermAssetCharges,totalNonCurrentAssets,capitalLeaseObligations,totalLongTermDebt,otherNonCurrentLiabilities,totalNonCurrentLiabilities,negativeGoodwill,warrants,preferredStockRedeemable,capitalSurplus,liabilitiesAndShareholderEquity,cashAndShortTermInvestments,accumulatedDepreciation,commonStockSharesOutstanding,reportedCurrency,investments,changeInLiabilities,cashflowFromInvestment,otherCashflowFromInvestment,netBorrowings,cashflowFromFinancing,otherCashflowFromFinancing,changeInOperatingActivities,netIncome_y,changeInCash,operatingCashflow,otherOperatingCashflow,depreciation,dividendPayout,stockSaleAndPurchase,changeInInventory,changeInAccountReceivables,changeInNetIncome,capitalExpenditures,changeInReceivables,changeInExchangeRate,changeInCashAndCashEquivalents,clossingVal,nextClossingVal
0,2020-04-30,USD,18880000,8309000,18713000,167000,-11174000,-14769000,1141000,None,-14758000,None,7168000,-3032000,-8142000,None,3584000,11000,-6956000,-3584000,None,None,None,11000,-3032000,None,-14769000,-15569000,1600000,USD,394641000,20615000,None,34759000,285468000,49316000,None,28132000,21000,-1130009000,47318000,4075000,209992000,8082000,52604000,None,13834000,-301000,38530000,111378000,None,84483000,None,13592000,176821000,54945000,24472000,None,None,21000,None,-1130009000,-437000,None,211025000,None,274245000,10486000,193241000,232864000,232864000,None,59857000,None,1180042000,394641000,8082000,None,211052401,USD,-6000000,206000,-6000000,-6009000,14779000,13761000,-242000,2446000,-14769000,-452000,-8213000,-3034000,4472000,-1018000,3502000,-337000,-524000,5773000,9000,-524000,-42000,-494000,2.02,
1,2020-01-31,USD,16264000,6421000,12983000,3281000,-36854000,-40151000,1155000,None,-40131000,None,5266000,-33714000,-3140000,None,3277000,20000,-37522000,-3277000,None,None,None,20000,-33714000,None,-40151000,-41082000,1862000,USD,391399000,20939000,None,6805000,266958000,64584000,None,26095000,21000,-1115240000,43037000,4075000,191529000,46432000,49170000,8660000,8660000,-259000,39794000,124786000,None,99427000,None,13116000,161804000,58433000,23075000,None,None,21000,None,-1115240000,-437000,None,195008000,None,259816000,10615000,178525000,217788000,217788000,None,59857000,None,1180499000,391399000,46432000,None,210965829,USD,-8299000,-3297000,-8299000,-8235000,48872000,48989000,3502000,-1957000,-40151000,34184000,-6506000,3845000,4630000,-3385000,3502000,-5780000,-2301000,36548000,64000,-2301000,-49000,34135000,1.59,2.02
2,2019-10-31,USD,11041000,9603000,34430000,-23389000,-32343000,-35179000,1351000,None,-35159000,None,8252000,649000,-32992000,200000,2816000,20000,-2816000,-2816000,None,2800000,None,20000,649000,None,-35179000,-36003000,3252000,USD,333446000,21264000,None,5921000,197852000,75737000,None,12421000,19000,-1075089000,33844000,4075000,182654000,12907000,62732000,21916000,21916000,-181000,41134000,84319000,None,110255000,None,10976000,90140000,54515000,28395000,None,None,19000,None,-1075089000,-466000,None,180475000,None,246948000,None,106415000,135120000,135120000,None,59857000,None,1151454000,333446000,12907000,None,193608684,USD,-10027000,-6682000,-10027000,-45272000,-11662000,16487000,28149000,3227000,-35179000,-5805000,-12265000,7828000,4034000,0,43596000,2007000,533000,19228000,35245000,533000,-216000,-6021000,0.2383,1.59
3,2019-07-31,USD,22712000,9035000,14747000,7965000,-1755000,-5311000,1977000,None,-5291000,None,7058000,-685000,-1070000,200000,3536000,20000,-3536000,-3536000,None,None,None,20000,-685000,None,-5311000,-8328000,810000,USD,361434000,21588000,None,7254000,216667000,144767000,None,16600000,12000,-1039910000,23107000,4075000,196991000,17399000,98848000,43416000,43416000,35000,42406000,96374000,None,119104000,None,11891000,79696000,59830000,38832000,None,None,12000,None,-1039910000,-466000,None,194812000,None,262881000,None,95629000,117819000,117819000,None,59884000,None,1125212000,361434000,17399000,None,118387637,USD,-29907000,-2324000,-29907000,5398000,7313000,22729000,15416000,-1518000,-5311000,-7288000,-110000,2021000,3921000,0,15447000,-4966000,6480000,3990000,35305000,6480000,105000,-7183000,0.3388,0.2383
4,2019-04-30,USD,9216000,13983000,12856000,-3640000,-20823000,-19530000,4178000,None,-19461000,None,9805000,-3200000,-17623000,200000,1807000,69000,-1807000,-1807000,None,None,None,69000,-31000,None,-19530000,-22876000,1600000,USD,341227000,9592000,None,7668000,207827000,133400000,None,17261000,1000,-1034599000,23067000,4075000,179737000,16632000,110840000,54815000,54815000,-70000,43560000,104263000,None,119733000,None,22920000,74517000,57043000,38764000,None,None,1000,None,-1034599000,-466000,None,179737000,None,236964000,None,74517000,96987000,96987000,None,83565000,None,1084969000,341227000,16632000,None,13709330,USD,-15142000,8830000,-15142000,-14642000,7093000,6289000,-1283000,117000,-19530000,-15092000,-6239000,5777000,4398000,-804000,31000,-2241000,-3500000,4425000,500000,-3500000,-140000,-15232000,0.262,0.3388
5,2019-01-31,USD,17783000,13039000,19988000,-2205000,-15084000,-17548000,6280000,None,-17548000,None,6759000,160000,-15244000,200000,2464000,None,None,None,None,None,None,0,160000,None,-17548000,-33038000,800000,USD,345955000,9592000,None,8273000,192923000,153032000,None,18164000,11000,-1015069000,23346000,4075000,167749000,33351000,87989000,38869000,38869000,-33000,47405000,117134000,None,139365000,None,20708000,66883000,54802000,30956000,None,None,11000,None,-1015069000,-363000,None,167749000,None,228821000,None,82165000,104934000,104934000,None,94178000,None,1074308000,345955000,33351000,None,108415259,USD,-14224000,2380000,-14224000,-12633000,15155000,14150000,31000,2671000,-17548000,-12032000,-11958000,355000,2199000,-1036000,31000,-1227000,1329000,2753000,1591000,1329000,7000,-12025000,0.5132,0.262
6,2018-10-31,USD,17884000,13013000,16741000,1143000,-11670000,-14096000,7432000,0,-14091000,0,5581000,200000,-11870000,500000,2421000,None,None,None,0,0,0,5000,-2236000,0,-14096000,-17929000,4000000,USD,340421000,9592000,None,8592000,163498000,176923000,16793000,12299000,10000,-990867000,17330000,4075000,148247000,45097000,60121000,17596000,18311000,-40000,48204000,130303000,None,163256000,5806000,23039000,85143000,53575000,30226000,0,1073454000,10000,94729000,-990867000,-363000,None,148247000,None,210118000,None,None,86584000,103377000,None,94729000,None,1073454000,340421000,45097000,None,95672237,USD,None,-29100000,-15224000,-12821000,-3536000,21179000,442000,-6564000,-14096000,-7069000,-13024000,7842000,2123000,-1044000,25317000,9576000,15622000,-2868000,2403000,15622000,53000,-7016000,0.8453,0.5132
7,2018-07-31,USD,12110000,12418000,14166000,-2056000,-13432000,-15881000,6318000,0,-15866000,0,6100000,1042000,-14474000,500000,2434000,None,None,None,0,0,0,15000,-1392000,0,-15881000,-17620000,800000,USD,358196000,9592000,None,9041000,193114000,95508000,17317000,10528000,9000,-976771000,17833000,4075000,135802000,53966000,83609000,14494000,15049000,-9000,46176000,162551000,None,151415000,5303000,39430000,90717000,60114000,58587000,0,0,9000,69574000,-976771000,-447000,None,135802000,None,195645000,None,None,92188000,109505000,None,69574000,None,1072726000,358196000,53966000,None,92280169,USD,None,-268000,-8781000,-6662000,-2161000,3546000,6745000,-1425000,-15881000,-17804000,-12569000,1094000,2223000,-1038000,0,-8843000,8730000,2599000,2119000,8730000,-128000,-17932000,1.3,0.8453
8,2018-04-30,USD,20830000,12106000,21459000,-629000,-11115000,-13174000,5021000,0,-13174000,0,7085000,1620000,-12735000,500000,2059000,None,None,None,0,0,0,3035000,-924000,0,-13174000,-18173000,800000,USD,367619000,9592000,None,7938000,193369000,102291000,17841000,10261000,8000,-960890000,18332000,4075000,127681000,72222000,77899000,10094000,10631000,119000,44667000,181604000,None,160583000,5249000,46189000,96149000,55255000,57544000,0,0,8000,71959000,-960890000,-447000,None,127681000,None,186015000,None,None,97629000,115470000,None,71959000,None,1063501000,367619000,72222000,None,84898762,USD,None,-2652000,-19862000,-17172000,8073000,7646000,621000,-7586000,-13174000,-10298000,1918000,2385000,2174000,-1048000,0,16197000,-2245000,1407000,2690000,-2245000,54000,-10244000,1.86,1.3
9,2018-01-31,USD,38613000,10188000,33978000,4635000,-5077000,-4183000,4046000,0,-7218000,0,6142000,476000,-5553000,500000,2141000,None,None,None,0,0,0,-3035000,-1665000,0,-4183000,-8446000,800000,USD,374874000,9592000,None,7567000,187822000,107064000,18364000,11294000,8000,-947716000,19649000,4075000,104159000,82006000,94149000,23513000,24034000,-102000,44093000,193522000,None,173385000,5230000,44081000,74024000,59868000,59342000,0,0,8000,79988000,-947716000,-280000,None,123592000,None,181352000,None,None,75309000,93673000,None,79988000,None,1055154000,374874000,82006000,None,77602110,USD,None,2090000,-7393000,-4577000,-6253000,-4654000,2647000,1966000,-4183000,27950000,39997000,1020000,2128000,-1048000,0,14784000,26624000,-338000,2816000,26624000,33000,27983000,1.67,1.86
10,2017-10-31,USD,47889000,11345000,44725000,3164000,-7664000,-9979000,4226000,0,-9979000,0,7119000,517000,-8181000,2000000,2315000,None,None,None,0,-6675000,0,45000,-10279000,0,-9979000,-10779000,800000,USD,383786000,9592000,None,6571000,194973000,188813000,18915000,8800000,7000,-943533000,19787000,4075000,106511000,53922000,98078000,28281000,29117000,-135000,43565000,203510000,None,175146000,4628000,68521000,73731000,74496000,60997000,0,1045197000,7000,87557000,-943533000,-280000,None,123044000,None,180276000,None,None,77980000,96895000,None,87557000,None,1045197000,383786000,53922000,None,69492816,USD,None,36902000,-8812000,-6930000,-1205000,36548000,10941000,-3004000,-9979000,13712000,-14024000,13975000,8518000,-1054000,15081000,-2512000,-51276000,-3928000,1882000,-41980000,-32000,13680000,2.19,1.67
11,2017-07-31,USD,10358000,11704000,12984000,-2626000,-14723000,-17001000,5394000,0,-17002000,0,6310000,-393000,-14330000,-2000000,2279000,None,None,None,0,13400000,0,-1000,0,0,-17001000,-17801000,800000,USD,317268000,9592000,None,6011000,157598000,99813000,19430000,9833000,6000,-933554000,23667000,4075000,99393000,40288000,53450000,21738000,103081000,-103000,41876000,144599000,None,146003000,4605000,26316000,80481000,71984000,21879000,0,0,6000,59857000,-933554000,-280000,None,117126000,None,172669000,None,None,84718000,104148000,None,59857000,None,1033744000,317268000,40288000,None,60972037,USD,None,-5104000,-4821000,-2642000,-1168000,13503000,28491000,-1412000,-17001000,-10564000,-19246000,451000,2206000,-1035000,0,-3681000,9296000,4159000,2179000,-276000,199000,-10365000,1.55,2.19
12,2017-04-30,USD,20417000,11879000,20034000,383000,-10964000,-13238000,5386000,0,-13274000,0,6483000,532000,-11496000,500000,2310000,None,None,None,0,10000,0,-36000,0,0,-13238000,-14038000,800000,USD,319543000,9592000,None,6588000,159184000,100502000,19944000,9175000,5000,-916553000,24095000,4075000,88094000,51045000,48957000,14564000,14564000,-302000,40895000,158054000,None,146692000,4591000,24836000,86132000,75585000,25218000,0,0,5000,59857000,-916553000,-280000,None,106927000,None,161489000,None,None,90283000,110227000,None,59857000,None,1017632000,319543000,51045000,None,47575606,USD,None,-3539000,-9014000,-7101000,-1228000,5547000,1000,-1627000,-13238000,-17195000,-13728000,-1627000,2239000,-1034000,7808000,6683000,9020000,2199000,1913000,-6445000,32000,-17163000,1.15,1.55
13,2017-01-31,USD,17002000,12741000,15189000,1813000,-11337000,-13685000,5392000,0,-13604000,0,6004000,-409000,-10928000,0,2267000,None,None,None,0,1345000,0,81000,0,0,-13685000,-14485000,800000,USD,328224000,9592000,None,5509000,162685000,105682000,20459000,8923000,4000,-903315000,24610000,4075000,73928000,67085000,46247000,9428000,9428000,-435000,39315000,180481000,None,151872000,9439000,25619000,91828000,82268000,27896000,0,0,4000,59857000,-903315000,-179000,None,94761000,None,147743000,None,None,95979000,116438000,None,59857000,None,1009607000,328224000,67085000,None,41219345,USD,None,-6435000,-8797000,-2420000,12701000,16694000,49000,1261000,-13685000,-16950000,-24847000,1261000,2057000,-1033000,4977000,-8462000,2575000,2992000,6377000,-2575000,-70000,-17020000,1.5,1.15
14,2016-10-31,USD,24473000,11337000,24941000,-468000,-11073000,-12862000,5126000,0,-12831000,-86000,6211000,732000,-11805000,400000,1758000,None,None,None,0,1355000,0,-921000,-4336000,0,-11910000,-13662000,800000,USD,342137000,9592000,None,10446000,167884000,114396000,20974000,7613000,4000,-889630000,21692000,4075000,73728000,93624000,52263000,5275000,5812000,-365000,36640000,202469000,None,160586000,9437000,24593000,90552000,73806000,39375000,114396000,1004566000,4000,59857000,-889630000,-179000,None,89361000,None,139668000,None,None,94647000,115621000,None,59857000,None,1004566000,342137000,93624000,None,35174424,USD,None,-12753000,-30985000,-27221000,27260000,28356000,-3000,403000,-12948000,-2713000,-84000,14514000,1366000,-1045000,2144000,4398000,30235000,1694000,3764000,3645000,-9000,-2722000,3.35,1.5
15,2016-07-31,USD,21716000,10757000,21282000,434000,-9574000,-11010000,5299000,0,-10947000,-57000,5458000,749000,-10323000,0,1373000,None,None,None,0,0,0,120000,0,0,-11067000,-11810000,800000,USD,329628000,9592000,None,22884000,145007000,125484000,21101000,18823000,3000,-876768000,25176000,4075000,65179000,103586000,68540000,13995000,None,-356000,30485000,233964000,None,171674000,9436000,29290000,51291000,78204000,35722000,124764000,0,3000,59857000,-876768000,-179000,None,51512000,None,95664000,None,None,55366000,76467000,None,59857000,None,1002784000,329628000,103586000,None,33527673,USD,None,-11559000,-3470000,-1781000,-452000,40879000,177000,None,-11067000,12396000,-25013000,-2542000,1241000,-1049000,42203000,-11982000,26590000,1307000,1689000,9589000,-228000,12168000,5.39,3.35
16,2016-04-30,USD,28581000,12551000,28738000,-157000,-14255000,-15373000,5110000,0,-15237000,-41000,7441000,-1547000,-12708000,0,982000,None,None,None,0,0,0,177000,0,0,-15414000,-16173000,800000,USD,309912000,9592000,None,21846000,155889000,94829000,21616000,24362000,3000,-865758000,25683000,4075000,58009000,91011000,76439000,11619000,None,-486000,29135000,222768000,None,141019000,9029000,43689000,53767000,66222000,40458000,94166000,0,3000,59857000,-865758000,179000,None,44342000,None,87144000,None,None,57834000,79450000,None,59857000,None,960891000,309912000,91011000,None,30804069,USD,None,-9625000,-3639000,-2680000,26118000,38351000,None,None,-15414000,4618000,-30094000,-3990000,1191000,-1043000,13276000,-5946000,17001000,3182000,959000,508000,420000,5038000,5.96,5.39
17,2016-01-31,USD,33482000,11351000,33648000,-166000,-10829000,-11712000,5311000,0,-11674000,-67000,6040000,688000,-11517000,0,845000,None,None,None,0,0,0,105000,0,0,-11779000,-12512000,800000,USD,294622000,9592000,None,16180000,138563000,96824000,22582000,29299000,3000,-850385000,26550000,4075000,60347000,83314000,74847000,1957000,None,-805000,29109000,205166000,None,143014000,6370000,45396000,37166000,60276000,43591000,0,0,3000,59857000,-850385000,78000,None,46680000,None,89456000,None,None,41134000,63716000,None,59857000,None,947933000,294622000,83314000,None,28104525,USD,None,5510000,-3358000,-2044000,799000,13072000,None,None,-11779000,18310000,8596000,-8819000,1151000,-1033000,13306000,5478000,16493000,562000,1314000,16493000,-218000,18092000,5.33,5.96
18,2015-10-31,USD,51451000,11010000,48307000,3144000,-8045000,-8860000,4786000,0,-8810000,-45000,6224000,-179000,-7866000,200000,765000,None,None,None,0,1355000,0,-453000,-518000,0,-8357000,-9660000,800000,USD,277231000,9592000,None,12214000,122620000,95309000,22646000,32610000,3000,-838673000,23322000,4075000,44331000,65140000,74888000,7358000,8181000,-587000,29002000,203898000,None,141499000,6288000,60790000,21033000,65754000,34920000,0,0,3000,59857000,-838673000,78000,None,30664000,None,73333000,None,None,25086000,47732000,None,59857000,None,934488000,277231000,65140000,None,25964710,USD,None,-9761000,-3090000,0,968000,4919000,-1761000,-3941000,-8905000,-6964000,-8793000,3445000,1101000,-1048000,4999000,9576000,3173000,1617000,3090000,-5866000,296000,-6668000,0.8845,5.33
19,2015-07-31,USD,41356000,10698000,37761000,3595000,-5639000,-6539000,4597000,0,-6544000,-89000,6101000,1464000,-7103000,0,905000,None,None,None,0,0,0,84000,0,0,-6628000,-7339000,800000,USD,289885000,9592000,None,21772000,131951000,98587000,23160000,40290000,30000,-829813000,27197000,4075000,37724000,72488000,83683000,6908000,None,-507000,27015000,225146000,None,144777000,6968000,55315000,21071000,75571000,36485000,0,0,30000,59857000,-829813000,-56000,None,24057000,None,64739000,None,None,25108000,48268000,None,59857000,None,928933000,289885000,72488000,None,305057318,USD,None,-572000,-519000,0,1880000,6291000,133000,None,-6628000,-17401000,-23173000,-1722000,1054000,-1010000,5288000,-3694000,9039000,204000,519000,-11815000,-64000,-17465000,0.8418,0.8845
