,fiscalDateEnding,reportedCurrency_x,totalRevenue,totalOperatingExpense,costOfRevenue,grossProfit,ebit,netIncome_x,researchAndDevelopment,effectOfAccountingCharges,incomeBeforeTax,minorityInterest,sellingGeneralAdministrative,otherNonOperatingIncome,operatingIncome,otherOperatingExpense,interestExpense,taxProvision,interestIncome,netInterestIncome,extraordinaryItems,nonRecurring,otherItems,incomeTaxExpense,totalOtherIncomeExpense,discontinuedOperations,netIncomeFromContinuingOperations,netIncomeApplicableToCommonShares,preferredStockAndOtherAdjustments,reportedCurrency_y,totalAssets,intangibleAssets,earningAssets,otherCurrentAssets,totalLiabilities,totalShareholderEquity,deferredLongTermLiabilities,otherCurrentLiabilities,commonStock,retainedEarnings,otherLiabilities,goodwill,otherAssets,cash,totalCurrentLiabilities,shortTermDebt,currentLongTermDebt,otherShareholderEquity,propertyPlantEquipment,totalCurrentAssets,longTermInvestments,netTangibleAssets,shortTermInvestments,netReceivables,longTermDebt,inventory,accountsPayable,totalPermanentEquity,additionalPaidInCapital,commonStockTotalEquity,preferredStockTotalEquity,retainedEarningsTotalEquity,treasuryStock,accumulatedAmortization,otherNonCurrrentAssets,deferredLongTermAssetCharges,totalNonCurrentAssets,capitalLeaseObligations,totalLongTermDebt,otherNonCurrentLiabilities,totalNonCurrentLiabilities,negativeGoodwill,warrants,preferredStockRedeemable,capitalSurplus,liabilitiesAndShareholderEquity,cashAndShortTermInvestments,accumulatedDepreciation,commonStockSharesOutstanding,reportedCurrency,investments,changeInLiabilities,cashflowFromInvestment,otherCashflowFromInvestment,netBorrowings,cashflowFromFinancing,otherCashflowFromFinancing,changeInOperatingActivities,netIncome_y,changeInCash,operatingCashflow,otherOperatingCashflow,depreciation,dividendPayout,stockSaleAndPurchase,changeInInventory,changeInAccountReceivables,changeInNetIncome,capitalExpenditures,changeInReceivables,changeInExchangeRate,changeInCashAndCashEquivalents,clossingVal,nextClossingVal
0,2020-06-30,USD,229900000,188477000,80993000,148907000,-36826000,-53276000,60596000,None,-52182000,None,115323000,2744000,-39570000,None,15356000,1094000,2863000,-12493000,None,12558000,None,1094000,-12677000,None,-53276000,-53276000,None,USD,2681433000,116864000,None,94654000,2021074000,660359000,None,581735000,22000,-2736477000,334310000,1213454000,74698000,404346000,683617000,None,None,6311000,87405000,1134140000,None,-669959000,509858000,119842000,938536000,5440000,101882000,None,None,22000,None,-2736477000,-80000000,None,129570000,None,1547293000,83156000,938536000,398921000,1337457000,None,None,None,3470503000,2681433000,914204000,None,225375000,USD,193995000,-9215000,188139000,20000,-96392000,-82349000,-640000,15783000,-53276000,120480000,14690000,-16700000,23497000,None,14683000,920000,20064000,49400000,5876000,20064000,None,120480000,12.175,
1,2020-03-31,USD,224722000,206106000,81586000,143136000,-59535000,-76306000,67503000,None,-75381000,None,127629000,3435000,-62970000,None,15846000,925000,4424000,-11422000,None,10974000,None,925000,-11963000,None,-76306000,-76306000,None,USD,2796386000,128110000,None,98324000,2142778000,653608000,None,591550000,22000,-2683201000,352003000,1213454000,80521000,283866000,818378000,118805000,118805000,-1669000,90613000,1225643000,None,-687956000,696104000,140191000,904120000,7158000,108023000,None,None,22000,None,-2683201000,-150000000,None,138566000,None,1570743000,87294000,904120000,420280000,1324400000,None,None,None,3488456000,2796386000,979970000,None,222766000,USD,4331000,-4781000,-20230000,-12881000,-96392000,-6051000,-7399000,-3671000,-76306000,-50737000,-24456000,-51884000,24241000,None,1348000,-935000,30256000,54953000,11680000,30256000,None,-50737000,10.58,12.175
2,2019-12-31,USD,235086000,189460000,80711000,154375000,-31085000,-49216000,67536000,None,-46788000,None,121939000,4000000,-35085000,None,15703000,2428000,4757000,-10946000,None,-15000,None,2428000,-742000,None,-49216000,-49216000,None,USD,2890486000,134420000,None,96827000,2188820000,701666000,71700000,622381000,22000,-2606895000,375117000,1205292000,83968000,334603000,849949000,117288000,117288000,1180000,93812000,1313736000,500000,-638046000,704955000,171459000,893273000,5892000,110280000,None,None,22000,None,-2606895000,-150000000,None,143226000,None,1576750000,88918000,893273000,445598000,1338871000,None,None,None,3457359000,2890486000,1039558000,None,219422000,USD,-5676000,-11114000,-12871000,-205000,-96392000,10799000,None,-11515000,-49216000,37443000,39515000,41338000,-8701000,None,10799000,22000,-18038000,85224000,6990000,-18038000,None,37443000,16.53,10.58
3,2019-09-30,USD,225914000,201410000,79220000,146694000,-49401000,-65495000,68857000,None,-64955000,None,126072000,5315000,-54716000,None,15554000,540000,5275000,-10279000,None,6481000,None,540000,-6441000,None,-65495000,-65495000,None,USD,2850647000,148830000,None,97576000,2147737000,702910000,None,586379000,22000,-2557679000,371752000,1205336000,85424000,297160000,820065000,115789000,115789000,1077000,95220000,1254435000,None,-651256000,699817000,153912000,882555000,5970000,117897000,None,None,22000,None,-2557679000,-150000000,None,146826000,None,1596212000,91712000,882555000,445117000,1327672000,None,None,None,3409490000,2850647000,996977000,None,216638000,USD,-44739000,11054000,-54903000,211000,-96392000,1664000,None,14207000,-65495000,-34741000,18498000,23523000,40204000,None,1664000,272000,-26931000,35871000,10375000,-26931000,None,-34741000,13.34,16.53
4,2019-06-30,USD,217608000,196958000,77393000,140215000,-51376000,-67323000,67538000,None,-66783000,None,129420000,5367000,-56743000,None,15407000,540000,6137000,-9270000,None,None,None,540000,-770000,None,-67323000,-67323000,None,USD,2831162000,163250000,None,98708000,2102392000,728770000,None,563310000,21000,-2492184000,370531000,1204674000,84492000,331901000,783974000,114310000,114310000,970000,95876000,1220000000,None,-639154000,655841000,127450000,871967000,6100000,106354000,None,None,21000,None,-2492184000,-150000000,None,147362000,None,1611162000,93354000,871967000,446451000,1318418000,None,None,None,3369963000,2831162000,987742000,None,214606000,USD,69330000,-10317000,-72194000,-126787000,None,12967000,-65200000,-10946000,-67323000,-74156000,-14929000,793000,36191000,None,12967000,152000,-13619000,39194000,14737000,-13619000,None,-74156000,14.81,13.34
5,2019-03-31,USD,210544000,202466000,71568000,138976000,-57930000,-75375000,67395000,None,-73193000,None,131272000,5560000,-63490000,None,15263000,2182000,5848000,-9415000,None,3799000,None,2182000,-4087000,None,-75375000,-75375000,None,USD,2707542000,131036000,None,96977000,2088101000,619441000,None,556950000,20000,-2424861000,368620000,999804000,80884000,406057000,670756000,15387000,15387000,-202000,91898000,1344712000,100000,-511399000,723972000,111071000,974355000,6635000,113806000,None,None,20000,None,-2424861000,-150000000,None,140092000,None,1362830000,89757000,974355000,442990000,1417345000,None,None,None,3194484000,2707542000,1130029000,None,203167000,USD,-15529000,-2102000,-29068000,-36000,None,843000,None,-1929000,-75375000,-3772000,24453000,-21664000,35611000,None,843000,-395000,46479000,41899000,13503000,46479000,None,-3772000,16.79,14.81
6,2018-12-31,USD,217533000,184404000,69830000,147703000,-31889000,-48397000,62251000,0,-47017000,0,122153000,4812000,-36701000,0,15128000,None,None,None,0,0,0,1371000,-10316000,0,-48388000,-48397000,None,USD,2696078000,143162000,None,100295000,2045684000,650394000,70800000,556815000,20000,-2349486000,405743000,999804000,82269000,409829000,677364000,None,None,-2299000,89163000,1381180000,500000,-492572000,706691000,157817000,962577000,6548000,120549000,None,None,20000,None,-2349486000,-150000000,None,82769000,None,1314898000,None,962577000,405743000,1368320000,None,None,None,3152159000,2696078000,1116520000,None,199612000,USD,-16261000,3799000,-29331000,741000,297588000,11281000,-20000,-5376000,-48397000,12532000,30582000,36909000,31452000,None,11281000,-1070000,-27574000,35463000,13811000,-27574000,None,12532000,16.21,16.79
7,2018-09-30,USD,211651000,180658000,67434000,144217000,-33381000,-50037000,62120000,0,-48357000,0,118538000,3060000,-36441000,0,14976000,None,None,None,0,0,0,1700000,-11916000,0,-50057000,-50037000,None,USD,2636915000,155583000,None,97546000,1986053000,650862000,61600000,528752000,20000,-2301089000,382488000,999888000,73316000,397297000,652623000,None,None,-2545000,86251000,1321077000,800000,-504609000,691004000,129163000,950942000,6067000,123871000,0,0,20000,0,-2301089000,-150000000,None,74116000,None,1315838000,None,950942000,382488000,1333430000,None,None,None,3104476000,2636915000,1088301000,None,196934000,USD,33337000,10820000,23175000,213000,None,853000,20000,5377000,-50037000,45927000,21899000,-307000,33581000,0,853000,-1880000,-8923000,38645000,10375000,-8923000,None,45927000,17.0,16.21
8,2018-06-30,USD,202696000,183950000,67282000,135414000,-57843000,-72859000,63575000,0,-71448000,0,120375000,-9307000,-48536000,0,13605000,None,None,None,0,0,0,1400000,-22912000,0,-72848000,-72859000,None,USD,2614474000,168229000,None,92632000,1954046000,660428000,59600000,525617000,20000,-2251052000,377783000,999888000,68070000,351370000,636816000,939447000,939447000,-3495000,81373000,1295614000,1300000,-507689000,723975000,120893000,939447000,6744000,111199000,0,0,20000,0,-2251052000,-150000000,None,69370000,None,1318860000,None,939447000,377783000,1317230000,None,None,None,3064955000,2614474000,1075345000,None,194987000,USD,-5039000,27109000,-17023000,174000,297588000,244830000,-65220000,13164000,-72859000,183520000,-44287000,-19323000,-10913000,0,12462000,-893000,-18094000,50686000,12158000,-18094000,None,183520000,15.39,17.0
9,2018-03-31,USD,199070000,191865000,67929000,131141000,-58060000,-71830000,66196000,0,-70777000,0,125669000,2664000,-60724000,0,12717000,None,None,None,0,0,0,1053000,-10053000,0,-71830000,-71830000,None,USD,2426385000,180875000,None,102851000,1806951000,619434000,352596000,533540000,19000,-2178194000,375553000,999920000,68212000,167850000,642126000,789272000,789272000,-4476000,76579000,1099099000,1700000,-561361000,718536000,103056000,789272000,6806000,108586000,0,0,19000,0,-2178194000,-150000000,None,69912000,None,1327286000,None,789272000,22957000,1164825000,None,None,None,2952085000,2426385000,886386000,None,191905000,USD,-4758000,-29779000,-25338000,-6093000,297588000,3110000,-65220000,-6790000,-71830000,-13041000,9187000,-6330000,32083000,0,3110000,-1373000,42986000,43430000,14487000,42986000,None,-13041000,16.93,15.39
10,2017-12-31,USD,202273000,198688000,69372000,132901000,-63254000,-77026000,59858000,0,-75779000,0,138830000,2533000,-65787000,0,12525000,None,None,None,0,0,0,1247000,-52899000,0,-77026000,-77026000,None,USD,2332081000,187388000,None,34541000,1587265000,744816000,227680000,443064000,19000,-1993763000,249782000,984661000,1183586000,180891000,557905000,779578000,779578000,-2881000,71357000,1077138000,2100000,-427233000,715911000,140049000,779578000,5746000,114841000,0,0,19000,0,-1993763000,-150000000,None,11537000,None,1254943000,None,779578000,22102000,1029360000,None,None,None,2891441000,2332081000,896802000,None,187105000,USD,-2791000,51453000,-24984000,-4338000,297588000,11493000,-404000,19020000,-77026000,20084000,33575000,4921000,34380000,0,11897000,-1443000,-14434000,41685000,17855000,-20395000,None,20084000,14.2,16.93
11,2017-09-30,USD,189603000,183060000,68218000,121385000,-59207000,-72945000,64316000,0,-71818000,0,118744000,2468000,-61675000,0,12611000,None,None,None,0,0,0,1127000,0,0,-72945000,-72945000,None,USD,2296349000,199671000,None,36826000,1529538000,766811000,221371000,409442000,18000,-1916737000,236571000,978260000,1188071000,160807000,522964000,770003000,770003000,-1214000,67147000,1041131000,None,-411120000,717960000,120170000,770003000,5368000,113522000,0,0,18000,0,-1916737000,-150000000,None,10140000,None,1255218000,None,770003000,15200000,1006574000,None,None,None,2834744000,2296349000,878767000,None,184194000,USD,-2188000,17595000,-11107000,-307000,297588000,4985000,-414000,11251000,-72945000,6365000,12487000,980000,35296000,0,5399000,-1317000,354000,43550000,8612000,-10672000,None,6365000,16.77,14.2
12,2017-06-30,USD,185472000,178210000,66692000,118780000,-57382000,-70732000,60747000,0,-69767000,0,117463000,2048000,-59430000,0,12385000,None,None,None,0,0,0,965000,0,0,-70732000,-70732000,None,USD,2285543000,214458000,None,37057000,1493159000,792384000,222854000,395882000,18000,-1843792000,238292000,978260000,1201721000,154442000,494321000,760546000,760546000,-1393000,60122000,1023700000,None,-400334000,716393000,109971000,760546000,5837000,98439000,0,0,18000,0,-1843792000,-150000000,None,9003000,None,1261843000,None,760546000,15438000,998838000,None,None,None,2787551000,2285543000,870835000,None,182041000,USD,-5605000,-7424000,-14508000,-74000,None,17046000,-590000,-455000,-70732000,-8932000,-11470000,-6018000,35748000,0,17636000,517000,10318000,40705000,8829000,-4266000,None,-8932000,15.21,16.77
13,2017-03-31,USD,173738000,180847000,64605000,109133000,-69450000,-82988000,58352000,0,-81695000,0,122495000,2264000,-71714000,0,12245000,None,None,None,0,0,0,1293000,0,0,-82988000,-82988000,None,USD,2295995000,229245000,None,30278000,1489348000,806647000,235557000,396628000,18000,-1773060000,243877000,978260000,1217797000,163374000,494265000,751206000,751206000,-1419000,60814000,1017384000,None,-400858000,711637000,105900000,751206000,6195000,97637000,0,0,18000,0,-1773060000,-150000000,None,10292000,None,1278611000,None,751206000,8320000,995083000,None,None,None,2731108000,2295995000,875011000,None,177843000,USD,-171000,-24702000,-8724000,-70000,None,-34617000,-38928000,-4619000,-82988000,-60293000,-16952000,-4619000,35591000,0,4311000,-1090000,14584000,46272000,8483000,14584000,None,-60293000,12.61,15.21
14,2016-12-31,USD,184696000,169798000,63958000,120738000,-49661000,-61536000,54574000,0,-61793000,0,115224000,-601000,-49060000,0,12132000,None,None,None,0,10808000,0,-257000,-74520000,0,-61536000,-61536000,None,USD,2382965000,244032000,None,25081000,1541853000,841112000,256398000,397118000,17000,-1690072000,263485000,978260000,1233202000,223667000,536388000,741980000,741980000,-1742000,61852000,1087911000,900000,-381180000,712058000,121150000,741980000,5955000,139270000,0,0,17000,0,-1690072000,-150000000,None,10910000,None,1295054000,None,741980000,7087000,1005465000,None,None,None,2682909000,2382965000,935725000,None,174596000,USD,-11644000,-8299000,-19717000,232000,-8842000,12755000,-25000,-40613000,-61536000,-30000,6932000,5086000,37527000,0,12780000,-1570000,61785000,34311000,8305000,1413000,None,-30000,11.9,12.61
15,2016-09-30,USD,186411000,228704000,69053000,117358000,-110126000,-123373000,62665000,0,-122145000,0,143616000,1220000,-111346000,0,12019000,None,None,None,0,22423000,0,1228000,0,0,-123373000,-123373000,None,USD,2402848000,260111000,None,27957000,1542873000,859975000,254337000,362081000,17000,-1628536000,262592000,978387000,1249682000,223697000,547413000,None,None,-457000,67219000,1085947000,None,-378523000,702469000,124017000,732868000,7807000,185332000,0,0,17000,0,-1628536000,-150000000,None,11184000,None,1316901000,None,732868000,8255000,995460000,None,None,None,2638951000,2402848000,926166000,None,165000000,USD,28579000,44906000,21534000,-114000,None,4039000,-20000,850000,-123373000,39704000,14131000,850000,38626000,0,4059000,1157000,60372000,51701000,6931000,264000,None,39704000,14.73,11.9
16,2016-06-30,USD,175041000,235123000,67427000,107614000,-127073000,-139320000,76372000,0,-138982000,0,155214000,436000,-127509000,0,11909000,None,None,None,0,3537000,0,338000,0,0,-139320000,-139320000,None,USD,2419847000,276380000,None,29094000,1486617000,933230000,244924000,342527000,17000,-1505163000,254747000,977964000,1266283000,183993000,508002000,None,None,413000,73386000,1080178000,None,-321114000,732829000,124281000,723868000,9981000,165475000,0,0,17000,0,-1505163000,-150000000,None,11939000,None,1339669000,None,723868000,9823000,978615000,None,None,None,2587963000,2419847000,916822000,None,162000000,USD,12343000,5352000,5834000,312000,None,16178000,-67000,5560000,-139320000,8880000,-13132000,5560000,39613000,0,16245000,-497000,60108000,59196000,6821000,16964000,None,8880000,16.47,14.73
17,2016-03-31,USD,167966000,252937000,71430000,96536000,-154121000,-155900000,85983000,0,-165930000,0,165284000,2280000,-156401000,0,11809000,None,None,None,0,1670000,0,-10030000,0,0,-155900000,-155900000,None,USD,2466430000,290595000,None,35078000,1470049000,996381000,236987000,329095000,17000,-1365843000,246285000,974184000,1276863000,175113000,508786000,None,None,-62000,81324000,1108243000,None,-268398000,746027000,141247000,714978000,10778000,179691000,0,0,17000,0,-1365843000,-150000000,None,12084000,None,1358187000,None,714978000,9298000,961263000,None,None,None,2512269000,2466430000,921140000,None,159000000,USD,22514000,4387000,-197347000,-205604000,-8842000,-7126000,-1124000,-2152000,-155900000,-226989000,-22516000,-9879000,39283000,0,2840000,2325000,43144000,54124000,14257000,43144000,None,-226989000,17.99,16.47
18,2015-12-31,USD,184774000,245100000,63175000,121599000,-122907000,-136148000,71690000,0,-134598000,0,173410000,594000,-123501000,0,11691000,None,None,None,0,27630000,0,1550000,-27465000,0,-136148000,-136148000,None,USD,2441473000,214560000,None,30883000,1397101000,1044372000,221829000,305169000,16000,-1206507000,232970000,750288000,975846000,402102000,457933000,706198000,706198000,-2225000,78368000,1387259000,1800000,79524000,767775000,172752000,706198000,13747000,152764000,0,0,16000,0,-1206507000,-150000000,None,10998000,None,1054214000,None,706198000,11141000,939168000,None,None,None,2403088000,2441473000,1169877000,None,161643000,USD,-39961000,85923000,-57916000,-599000,896530000,13673000,-2027000,25301000,-136148000,-34799000,9444000,-1734000,38474000,0,15700000,-2834000,19126000,57522000,17356000,-31759000,None,-34799000,20.74,17.99
19,2015-09-30,USD,165616000,227023000,61871000,103745000,-123307000,-135530000,73374000,0,-134894000,0,153649000,-29000,-123278000,0,11587000,None,None,None,0,0,0,636000,0,0,-135530000,-135530000,None,USD,2435452000,226326000,None,30595000,1325783000,1109669000,215159000,265906000,16000,-1070359000,199105000,750288000,982842000,436901000,402954000,None,None,-424000,73129000,1379481000,None,133055000,733026000,167331000,697526000,11628000,137048000,0,0,16000,0,-1070359000,-150000000,None,6228000,None,1055971000,None,697526000,10144000,922829000,None,None,None,2330436000,2435452000,1169927000,None,160354000,USD,-271938000,65462000,-284434000,159000,-470000,3128000,None,None,-135530000,-289579000,-8273000,3413000,36550000,0,3598000,-1677000,50885000,59464000,12655000,-35955000,None,-289579000,31.82,20.74
