,fiscalDateEnding,reportedCurrency_x,totalRevenue,totalOperatingExpense,costOfRevenue,grossProfit,ebit,netIncome_x,researchAndDevelopment,effectOfAccountingCharges,incomeBeforeTax,minorityInterest,sellingGeneralAdministrative,otherNonOperatingIncome,operatingIncome,otherOperatingExpense,interestExpense,taxProvision,interestIncome,netInterestIncome,extraordinaryItems,nonRecurring,otherItems,incomeTaxExpense,totalOtherIncomeExpense,discontinuedOperations,netIncomeFromContinuingOperations,netIncomeApplicableToCommonShares,preferredStockAndOtherAdjustments,reportedCurrency_y,totalAssets,intangibleAssets,earningAssets,otherCurrentAssets,totalLiabilities,totalShareholderEquity,deferredLongTermLiabilities,otherCurrentLiabilities,commonStock,retainedEarnings,otherLiabilities,goodwill,otherAssets,cash,totalCurrentLiabilities,shortTermDebt,currentLongTermDebt,otherShareholderEquity,propertyPlantEquipment,totalCurrentAssets,longTermInvestments,netTangibleAssets,shortTermInvestments,netReceivables,longTermDebt,inventory,accountsPayable,totalPermanentEquity,additionalPaidInCapital,commonStockTotalEquity,preferredStockTotalEquity,retainedEarningsTotalEquity,treasuryStock,accumulatedAmortization,otherNonCurrrentAssets,deferredLongTermAssetCharges,totalNonCurrentAssets,capitalLeaseObligations,totalLongTermDebt,otherNonCurrentLiabilities,totalNonCurrentLiabilities,negativeGoodwill,warrants,preferredStockRedeemable,capitalSurplus,liabilitiesAndShareholderEquity,cashAndShortTermInvestments,accumulatedDepreciation,commonStockSharesOutstanding,reportedCurrency,investments,changeInLiabilities,cashflowFromInvestment,otherCashflowFromInvestment,netBorrowings,cashflowFromFinancing,otherCashflowFromFinancing,changeInOperatingActivities,netIncome_y,changeInCash,operatingCashflow,otherOperatingCashflow,depreciation,dividendPayout,stockSaleAndPurchase,changeInInventory,changeInAccountReceivables,changeInNetIncome,capitalExpenditures,changeInReceivables,changeInExchangeRate,changeInCashAndCashEquivalents,clossingVal,nextClossingVal
0,2020-06-30,USD,21818000,None,None,None,None,5184000,None,None,6532000,None,8599000,None,None,4190000,6477000,1348000,25317000,18840000,None,None,None,1348000,None,None,5184000,5184000,None,USD,2436625000,6934000,None,None,2256699000,179926000,None,None,9741000,49175000,10085000,13072000,1646109000,236365000,None,None,50000000,10174000,58680000,None,450538000,160720000,450538000,16339000,63670000,None,5377000,None,None,None,None,None,None,None,None,None,None,None,None,None,None,None,None,None,None,None,None,None,None,USD,-105074000,0,-105074000,None,-1614000,169221000,172393000,-3664000,5184000,67688000,3541000,None,860000,-1558000,None,None,None,1161000,1292000,None,None,None,12.23,
1,2020-03-31,USD,20046000,None,None,None,None,3825000,None,None,4809000,None,9412000,None,None,4843000,7514000,984000,25438000,17924000,None,None,None,984000,None,None,3825000,3825000,None,USD,2251151000,6958000,279296000,None,2082124000,169027000,None,None,9741000,45549000,5726000,13217000,1551253000,168962000,None,None,50000000,2901000,58081000,None,433926000,149452000,433926000,10076000,65250000,None,5940000,None,None,None,None,None,None,None,None,None,None,None,61761000,None,None,None,None,None,110836000,None,None,None,10000000,USD,-31342000,0,-31342000,-29070000,35106000,129143000,95596000,-1801000,3825000,102030000,4229000,None,895000,-1559000,None,None,None,1310000,2272000,None,None,None,14.43,12.23
2,2019-12-31,USD,18533000,13079000,None,18130000,None,4049000,None,None,5051000,None,8531000,None,5051000,3362000,7466000,1002000,24135000,16669000,None,None,None,1002000,None,None,4049000,4049000,None,USD,2117216000,7167000,335866000,8412000,1951181000,166035000,None,None,9741000,43283000,4940000,12942000,1529607000,66511000,1872286000,13079000,13079000,2175000,56464000,80716000,427013000,146566000,340434000,8412000,66828000,4879000,6047000,None,None,None,None,None,None,None,None,None,None,None,63295000,None,None,None,None,None,110836000,None,None,None,10000000,USD,-197202000,0,-197202000,-119973000,30889000,77932000,47619000,1916000,4049000,-111543000,7727000,None,839000,-1576000,None,None,None,923000,3986000,None,None,None,21.77,14.43
3,2019-09-30,USD,17592000,11310000,None,16165000,None,3847000,None,None,4855000,None,7211000,None,4855000,3511000,7381000,1008000,22094000,14713000,None,None,None,1008000,None,None,3847000,3847000,None,USD,1805175000,3142000,210761000,7238000,1643131000,162044000,None,None,8807000,59312000,5061000,3472000,1291412000,178187000,1605704000,0,0,1657000,45869000,189576000,269267000,156130000,179291000,7238000,32366000,3370000,5293000,None,None,None,None,None,None,None,None,None,None,None,32366000,None,None,None,None,None,92268000,None,None,None,9000000,USD,75735000,0,75735000,73243000,-735000,-74676000,-72532000,2562000,3847000,8801000,7742000,None,674000,-1409000,None,None,None,659000,3157000,None,None,None,22.14,21.77
4,2019-06-30,USD,17046000,11662000,None,15714000,None,3213000,None,None,4052000,None,7340000,None,4052000,3611000,7737000,839000,23439000,15702000,None,None,None,839000,None,None,3213000,3213000,None,USD,1873441000,3203000,282741000,7055000,1714303000,159138000,None,None,8807000,56874000,3670000,3472000,1308185000,169648000,1695914000,0,0,1189000,43275000,180956000,331928000,153163000,228745000,7055000,33090000,3734000,4600000,None,None,None,None,None,None,None,None,None,None,None,33090000,None,None,None,None,None,92268000,None,None,None,9000000,USD,37841000,0,37841000,-5649000,-736000,-40351000,-38206000,529000,3213000,4016000,6526000,None,792000,-1409000,None,None,None,1992000,2187000,None,None,None,20.85,22.14
5,2019-03-31,USD,15588000,11168000,None,15107000,None,3132000,None,None,3939000,None,7140000,None,3939000,3364000,7382000,807000,21975000,14593000,None,None,None,807000,None,None,3132000,3132000,None,USD,1907491000,3375000,304988000,8244000,1752909000,154582000,None,None,8807000,55070000,2971000,3472000,1306198000,165735000,1735229000,0,0,-1563000,41728000,175515000,374796000,148535000,268918000,7707000,33814000,1120000,4975000,None,None,None,None,None,None,None,None,None,None,None,33814000,None,None,None,None,None,92268000,None,None,None,10000000,USD,-48280000,0,-48280000,-45677000,-735000,79383000,81527000,1686000,3132000,38186000,7083000,None,752000,-1409000,None,None,None,1513000,2603000,None,None,None,20.5,20.85
6,2018-12-31,USD,14443000,11235000,6991000,14443000,0,2618000,0,0,3208000,0,8663000,None,3208000,2572000,0,None,None,None,0,0,0,590000,0,0,2618000,2618000,None,USD,1817211000,3528000,None,7060000,1669927000,147284000,None,None,8807000,53347000,1815000,3472000,1226657000,127965000,1633574000,None,None,-7138000,39695000,136163000,407696000,141108000,None,None,34538000,1138000,1629622000,None,None,None,None,None,None,None,None,None,None,None,34538000,None,None,None,None,None,92268000,None,None,None,10000000,USD,36557000,0,-1242000,10576000,-24735000,59036000,85180000,762000,2618000,64109000,6315000,None,990000,-1409000,None,None,None,1945000,1338000,None,None,None,23.21,20.5
7,2018-09-30,USD,15318000,11156000,5989000,15318000,0,3397000,0,0,4162000,0,7429000,None,4162000,3727000,0,None,None,None,0,0,0,765000,0,0,3397000,3397000,None,USD,1752553000,3900000,None,8029000,1610209000,142344000,None,None,8807000,52138000,3209000,3472000,1192453000,63856000,1571737000,None,None,-10869000,38902000,73046000,440780000,136072000,None,None,35263000,1161000,1544442000,None,None,None,None,None,None,None,None,None,None,None,None,None,None,None,None,None,None,None,None,None,9000000,USD,21621000,0,4544000,484000,12340000,25705000,14774000,108000,3397000,36052000,5803000,None,916000,-1409000,None,738000,None,1382000,1302000,None,None,None,25.69,23.21
8,2018-06-30,USD,16461000,10677000,4587000,16461000,0,4597000,0,0,5784000,0,7358000,None,5784000,3319000,-405000,None,None,None,0,0,0,1187000,0,0,4597000,4597000,None,USD,1722814000,4075000,None,8067000,1581615000,141199000,None,None,8807000,49844000,2577000,3472000,1175165000,27804000,1543050000,46913000,46913000,-9720000,38127000,37096000,464879000,134752000,None,None,35988000,1225000,1529668000,None,None,None,None,None,None,None,None,None,None,None,None,None,None,None,None,None,None,None,None,None,9000000,USD,36438000,0,342000,316000,10189000,-11782000,-20562000,1618000,4597000,-4460000,6980000,None,699000,-1409000,None,669000,None,66000,563000,None,None,None,26.02,25.69
9,2018-03-31,USD,14728000,10207000,5153000,14728000,0,3601000,0,0,4521000,0,6923000,None,7121000,2939000,405000,None,None,None,0,0,0,920000,0,0,3601000,3601000,None,USD,1731776000,7693000,None,9935000,1591773000,140003000,None,1550230000,8807000,38928000,4830000,3472000,530939000,32264000,1553079000,36713000,36713000,-7728000,38082000,43470000,504441000,133410000,None,8098000,36713000,3108000,1550230000,None,None,None,None,None,None,None,None,None,None,None,None,None,None,None,None,None,None,None,None,None,9000000,USD,-8216000,0,3145000,271000,-16235000,-16700000,944000,2660000,3601000,-5764000,7791000,None,684000,-1409000,None,None,None,846000,584000,None,None,None,25.99,26.02
10,2017-12-31,USD,312000,1317000,4880000,-312000,0,2506000,0,0,5074000,0,6655000,None,8093000,1329000,13290000,None,None,None,0,0,0,2568000,-158000,0,-2021000,2506000,None,USD,1750430000,7896000,None,9290000,1606447000,143983000,None,1549286000,8807000,42908000,4223000,3472000,532004000,38028000,1567274000,52938000,52938000,-1556000,38020000,48599000,504007000,137262000,823000,7982000,37438000,2589000,1549286000,None,None,None,None,None,None,None,None,None,None,None,None,None,None,None,None,None,None,None,None,None,10000000,USD,6882000,0,-82996000,608000,-31000,90638000,95879000,-5852000,2506000,19917000,12275000,None,2444000,-5210000,None,347000,None,3932000,6814000,None,None,None,25.0,25.99
11,2017-09-30,USD,100252000,61831000,5019000,100252000,0,3062000,0,0,4665000,0,6436000,None,7715000,17316000,2193000,None,None,None,0,0,0,1603000,-2170000,0,23844000,3062000,None,USD,1691459000,8620000,None,10122000,1548690000,142769000,None,1497080000,8007000,62926000,5947000,4056000,525752000,23861000,1506943000,45663000,45663000,-1694000,36458000,35279000,497288000,135349000,None,7508000,38163000,3910000,1497080000,None,None,None,None,None,None,None,None,None,None,None,None,None,None,None,None,None,None,None,None,None,9000000,USD,26369000,0,26458000,493000,6764000,32597000,43673000,-415000,3062000,-6937000,8906000,None,659000,-3780000,None,None,None,1388000,4755000,None,None,None,26.94,25.0
12,2017-06-30,USD,56208000,-34714000,4677000,-56208000,0,2932000,0,0,4466000,0,5670000,None,7273000,-9878000,-1456000,None,None,None,0,0,0,1534000,1235000,0,-13323000,2932000,None,USD,1724923000,8758000,None,8912000,1584651000,140272000,None,1540651000,8007000,60429000,5111000,4056000,552618000,30798000,1542716000,38889000,38889000,-2411000,35912000,40444000,522974000,132714000,None,7257000,38889000,2389000,1540651000,None,None,None,None,None,None,None,None,None,None,None,None,None,None,None,None,None,None,None,None,None,8000000,USD,11687000,0,10089000,233000,-8785000,70686000,87244000,-3186000,2932000,12705000,4212000,None,544000,-2498000,None,None,None,1235000,3735000,None,None,None,27.24,26.94
13,2017-03-31,USD,13939000,8687000,3639000,13939000,0,3251000,0,0,4945000,0,5857000,None,7528000,2531000,366000,None,None,None,0,0,0,1694000,-307000,0,3251000,3251000,None,USD,1572331000,2973000,None,6954000,1445426000,126905000,None,1402268000,7609000,57712000,5194000,1999000,546051000,18093000,1406230000,37964000,37964000,-3477000,25156000,25286000,526660000,124008000,None,6954000,35964000,239000,1402268000,None,None,None,None,None,None,None,None,None,None,None,None,None,None,None,None,None,None,None,None,None,8000000,USD,-24631000,0,-72300000,90000,-5275000,69595000,76087000,-1783000,3251000,-18000,2687000,None,554000,-1217000,None,None,None,665000,2063000,None,None,None,24.2,27.24
14,2016-12-31,USD,12969000,32885000,3244000,54142000,-8094000,3162000,0,0,4729000,0,5312000,None,7023000,8460000,8879000,None,None,None,0,0,0,1567000,0,0,9412000,3162000,None,USD,1500946000,3055000,None,7039000,1376597000,124349000,None,1326181000,7609000,55156000,7186000,1999000,521150000,18111000,1334612000,43230000,43230000,-3999000,23519000,25509000,501152000,121372000,271000,7039000,36730000,359000,1326181000,None,None,None,None,None,None,None,None,None,None,None,None,None,None,None,None,None,None,None,None,None,8000000,USD,44586000,0,-67784000,1098000,970000,26411000,30311000,3563000,3162000,-19161000,22212000,None,2190000,-4870000,None,None,None,2366000,4109000,None,None,None,23.9272,24.2
15,2016-09-30,USD,87801000,0,3761000,0,21530000,3379000,0,0,5141000,0,5295000,None,7603000,5207000,2464000,None,None,None,0,0,0,1762000,0,0,12884000,3379000,None,USD,1440500000,3138000,None,None,1311353000,129147000,None,1256971000,7609000,59954000,6756000,1999000,492840000,500529000,None,9500000,9500000,2744000,22572000,None,1375601000,126009000,None,6388000,38126000,781000,1256971000,None,None,None,None,None,None,None,None,None,None,None,None,None,None,None,None,None,None,None,None,None,8000000,USD,24624000,None,6539000,714000,-275000,-24511000,-23018000,1434000,3379000,5303000,17179000,None,1089000,-3653000,None,None,None,257000,2724000,None,None,None,16.25,23.9272
16,2016-06-30,USD,62882000,0,3409000,0,-18552000,4401000,0,0,6663000,0,5143000,None,9283000,-3322000,-1595000,None,None,None,0,0,0,2262000,0,0,-11354000,4401000,None,USD,1460736000,3222000,None,None,1333322000,127414000,None,1279989000,7609000,58221000,5443000,1999000,532707000,535082000,None,9000000,9000000,3172000,21743000,None,1401917000,124192000,None,5798000,38890000,1249000,1279989000,None,None,None,None,None,None,None,None,None,None,None,None,None,None,None,None,None,None,None,None,None,8000000,USD,3143000,None,2838000,442000,8225000,-13731000,-20738000,-552000,4401000,-7311000,11020000,None,1142000,-2435000,None,None,None,-1409000,1450000,None,None,None,16.0,16.25
17,2016-03-31,USD,16254000,0,3431000,0,5116000,3151000,0,0,4724000,0,5069000,None,7224000,843000,392000,None,None,None,0,0,0,1573000,0,0,3151000,3151000,None,USD,1468997000,3309000,None,None,1345694000,123303000,None,1300727000,7609000,54110000,5311000,1999000,574101000,584628000,None,9000000,9000000,2244000,21741000,None,1402117000,119994000,None,6325000,39656000,1226000,1300727000,None,None,None,None,None,None,None,None,None,None,None,None,None,None,None,None,None,None,None,None,None,8000000,USD,-20201000,None,-19954000,317000,-2575000,1065000,4857000,2766000,3151000,-11451000,7438000,None,1059000,-1217000,None,None,None,462000,1020000,None,None,None,15.5,16.0
18,2015-12-31,USD,52563000,31095000,3043000,52563000,0,3368000,0,0,4717000,0,4674000,None,7275000,10906000,8608000,None,None,None,0,0,0,1349000,0,0,14505000,3280000,None,USD,1459753000,3393000,None,6015000,1341529000,118224000,None,1295870000,7609000,49031000,3438000,1999000,565720000,37272000,1299377000,42221000,42221000,-901000,22019000,45861000,547056000,114927000,997000,6015000,40421000,1577000,1295870000,None,None,None,None,None,None,None,None,None,None,None,None,None,None,None,None,None,None,None,None,None,8000000,USD,105519000,0,47207000,1394000,38966000,-71725000,-75969000,-2461000,3368000,-7303000,17215000,None,1995000,-4631000,9344000,None,None,3176000,4400000,None,None,None,18.75,15.5
19,2015-09-30,USD,0,0,3987000,0,0,3881000,0,0,5832000,0,4793000,None,8325000,0,0,None,None,None,0,0,0,1951000,0,0,0,3782000,None,USD,1428760000,3477000,None,None,1280435000,148325000,None,None,6291000,63212000,5490000,1999000,539364000,None,None,None,None,None,20741000,None,None,None,None,None,1006000,2338000,1272139000,None,None,None,39435000,None,None,None,None,None,None,None,None,None,None,None,None,None,None,None,None,None,8000000,USD,None,None,63713000,429000,None,None,None,None,3881000,None,12827000,None,None,-3316000,None,None,None,None,2745000,None,None,None,19.15,18.75
