,fiscalDateEnding,reportedCurrency_x,totalRevenue,totalOperatingExpense,costOfRevenue,grossProfit,ebit,netIncome_x,researchAndDevelopment,effectOfAccountingCharges,incomeBeforeTax,minorityInterest,sellingGeneralAdministrative,otherNonOperatingIncome,operatingIncome,otherOperatingExpense,interestExpense,taxProvision,interestIncome,netInterestIncome,extraordinaryItems,nonRecurring,otherItems,incomeTaxExpense,totalOtherIncomeExpense,discontinuedOperations,netIncomeFromContinuingOperations,netIncomeApplicableToCommonShares,preferredStockAndOtherAdjustments,reportedCurrency_y,totalAssets,intangibleAssets,earningAssets,otherCurrentAssets,totalLiabilities,totalShareholderEquity,deferredLongTermLiabilities,otherCurrentLiabilities,commonStock,retainedEarnings,otherLiabilities,goodwill,otherAssets,cash,totalCurrentLiabilities,shortTermDebt,currentLongTermDebt,otherShareholderEquity,propertyPlantEquipment,totalCurrentAssets,longTermInvestments,netTangibleAssets,shortTermInvestments,netReceivables,longTermDebt,inventory,accountsPayable,totalPermanentEquity,additionalPaidInCapital,commonStockTotalEquity,preferredStockTotalEquity,retainedEarningsTotalEquity,treasuryStock,accumulatedAmortization,otherNonCurrrentAssets,deferredLongTermAssetCharges,totalNonCurrentAssets,capitalLeaseObligations,totalLongTermDebt,otherNonCurrentLiabilities,totalNonCurrentLiabilities,negativeGoodwill,warrants,preferredStockRedeemable,capitalSurplus,liabilitiesAndShareholderEquity,cashAndShortTermInvestments,accumulatedDepreciation,commonStockSharesOutstanding,reportedCurrency,investments,changeInLiabilities,cashflowFromInvestment,otherCashflowFromInvestment,netBorrowings,cashflowFromFinancing,otherCashflowFromFinancing,changeInOperatingActivities,netIncome_y,changeInCash,operatingCashflow,otherOperatingCashflow,depreciation,dividendPayout,stockSaleAndPurchase,changeInInventory,changeInAccountReceivables,changeInNetIncome,capitalExpenditures,changeInReceivables,changeInExchangeRate,changeInCashAndCashEquivalents,clossingVal,nextClossingVal
0,2020-06-30,USD,152837000,None,None,None,None,20049000,None,None,26582000,None,45916000,None,None,17547000,12797000,6533000,140619000,127822000,None,None,None,6533000,None,None,20049000,20049000,None,USD,22993715000,11595000,7108823000,None,20291818000,2701897000,None,None,1401000,415296000,526454000,995492000,14410437000,1855222000,None,None,200000000,52731000,322919000,None,5135775000,1706405000,None,58420000,200000000,None,None,None,None,None,None,None,-276802000,None,None,None,None,19000,200019000,None,None,None,None,None,2509271000,None,None,None,None,USD,-1465722000,0,-1465722000,23000,-200000000,2107710000,2341632000,84249000,20049000,802390000,160402000,None,16937000,-33765000,0,None,None,39167000,5918000,None,None,None,17.24,
1,2020-03-31,USD,164841000,None,None,None,None,38865000,None,None,50245000,None,48598000,None,None,19862000,19849000,11380000,158532000,138683000,None,None,None,11380000,None,None,38865000,38865000,None,USD,20755891000,11979000,5379498000,None,18091206000,2664685000,None,None,1401000,429323000,466299000,995492000,14071096000,1052832000,None,None,400000000,4129000,321254000,None,4058457000,1669193000,None,43552000,200000000,None,None,None,None,None,None,None,-276645000,None,None,None,None,19000,19000,None,None,None,None,None,2506477000,None,None,None,130000000,USD,-124058000,0,-124058000,-129000,-200000000,534722000,575008000,-150275000,38865000,358815000,-51849000,None,17121000,-33782000,-5000000,None,None,42440000,14728000,None,None,None,16.53,17.24
2,2019-12-31,USD,163968000,89256000,None,182077000,None,67836000,None,None,91019000,None,44217000,None,92821000,21395000,22513000,23183000,162132000,139619000,None,None,None,23183000,-1802000,None,67836000,67836000,None,USD,20166734000,12668000,4961690000,113543000,17526476000,2640258000,None,None,1399000,437072000,432257000,995492000,13738027000,694017000,16858685000,400000000,400000000,-31749000,361185000,804018000,4075644000,1644766000,4075644000,45239000,200000000,319000,16442594000,None,None,None,None,None,-270141000,None,None,None,None,19000,19000,None,None,None,None,None,2503677000,None,None,None,133000000,USD,-291898000,0,-291898000,4093000,-200000000,-483539000,-412252000,34282000,67836000,-650000000,125437000,None,17848000,-33854000,-37433000,None,None,5471000,6984000,None,None,None,28.85,16.53
3,2019-09-30,USD,171482000,91474000,None,193061000,None,74199000,None,None,99595000,None,48594000,None,101587000,18949000,27100000,25396000,170181000,143081000,None,None,None,25396000,-1992000,None,74199000,74199000,None,USD,20598220000,13630000,5717223000,46265000,17943662000,2654558000,None,None,1399000,403317000,439215000,995492000,13560260000,1344017000,17258788000,400000000,400000000,-18774000,361409000,1476247000,4157082000,1659066000,4157082000,44671000,200000000,82000,16855246000,None,None,None,None,None,-232708000,None,None,None,None,18000,18000,None,None,None,None,None,2501324000,None,None,None,133000000,USD,661968000,0,661968000,2461000,-10000,-28290000,65168000,-68809000,74199000,660502000,26824000,None,17017000,-34408000,-58809000,None,None,4417000,6101000,None,None,None,26.7,28.85
4,2019-06-30,USD,172419000,91141000,None,190516000,None,72433000,None,None,97226000,None,46314000,None,99375000,20843000,28205000,24793000,173818000,145613000,None,None,None,24793000,-2149000,None,72433000,72433000,None,USD,20526367000,14573000,5166408000,49420000,17866926000,2659441000,None,None,1399000,363748000,424563000,995492000,13932909000,683515000,16994035000,200000000,200000000,-28973000,360600000,793217000,4395476000,1663949000,4395476000,49205000,400000000,None,16789178000,None,None,None,None,None,-173668000,None,None,None,None,28000,400028000,None,None,None,None,None,2499946000,None,None,None,135000000,USD,62896000,0,5142000,21411000,-10000,-78087000,-359523000,-14837000,72433000,65648000,80839000,None,18371000,-34917000,-40000000,None,None,4872000,6698000,None,None,None,25.87,26.7
5,2019-03-31,USD,171784000,91176000,None,186481000,None,69924000,None,None,93858000,None,48273000,None,95305000,19435000,27472000,23934000,172561000,145089000,None,None,None,23934000,-1447000,None,69924000,69924000,None,USD,20441136000,15399000,5243945000,49489000,17827934000,2613202000,None,None,1399000,326451000,379672000,995492000,13854366000,617867000,16799334000,None,None,-78754000,359602000,696517000,4485660000,1617710000,4485660000,49489000,600000000,124000,16792544000,None,None,None,None,None,-133664000,None,None,None,None,28000,28000,None,None,None,None,None,2497770000,None,None,None,135000000,USD,-57754000,0,-57754000,1185000,-10000,-391420000,-354824000,-47862000,69924000,-385770000,63404000,None,14588000,-35067000,None,None,None,26754000,9571000,None,None,None,26.05,25.87
6,2018-12-31,USD,171326000,88001000,29809000,171326000,0,59995000,0,0,81972000,0,60869000,None,83325000,27132000,24059000,21977000,168044000,143985000,0,0,0,21977000,-1353000,0,59995000,59995000,None,USD,20695678000,16155000,5585751000,49352000,18170839000,2524839000,None,None,1397000,291919000,406053000,995492000,13669017000,1003637000,17164760000,None,None,-132195000,304996000,1066076000,4643942000,1529347000,606801000,None,600000000,751000,17147668000,None,None,None,None,None,-132135000,None,None,None,None,None,26000,None,None,None,None,None,2495853000,None,None,None,137000000,USD,155423000,0,-380130000,-781000,170000000,598372000,460795000,-11831000,59995000,304144000,85902000,None,13010000,-32370000,-131458000,None,None,24728000,22385000,None,None,None,22.51,26.05
7,2018-09-30,USD,184203000,85056000,27254000,184203000,0,67388000,0,0,91056000,0,67971000,None,99147000,17085000,22794000,23668000,164052000,141258000,0,0,0,23668000,-8091000,0,67388000,67388000,None,USD,19983838000,16937000,5416958000,49407000,17560376000,2423462000,0,None,1397000,264463000,409135000,995492000,13312328000,699493000,16751215000,None,None,-204699000,286374000,751306000,4621401000,1427970000,0,None,400000000,362000,16686973000,0,0,0,0,0,-132135000,None,None,None,None,None,400026000,None,None,None,None,None,2494436000,None,None,None,136000000,USD,197493000,0,228873000,425000,229990000,-558645000,-706265000,-1297000,67388000,-244307000,85465000,None,14336000,-32370000,-131458000,142000,0,5038000,3743000,None,None,None,27.16,22.51
8,2018-06-30,USD,185180000,87640000,23636000,185180000,0,69053000,0,0,93315000,0,66999000,None,97540000,20641000,17616000,24262000,159019000,141403000,0,0,0,24262000,-4225000,0,69053000,69053000,None,USD,20479719000,17660000,5922219000,50565000,18020544000,2459175000,0,None,1396000,229615000,397545000,995492000,13318096000,943800000,17422973000,231461000,231461000,-182410000,287746000,1000074000,4860651000,1463683000,0,None,200000000,325000,17391538000,0,0,0,0,0,-82082000,None,None,None,None,None,200034000,None,None,None,None,None,2492656000,None,None,None,138000000,USD,188124000,0,5955000,-731000,200000000,118524000,33116000,40657000,69053000,251308000,126829000,None,14337000,-32792000,-81458000,0,0,2782000,6306000,None,None,None,29.02,27.16
9,2018-03-31,USD,182422000,86614000,21214000,182422000,0,67958000,0,0,91835000,0,53232000,None,95808000,20144000,15264000,23877000,154936000,139672000,0,0,0,23877000,-3973000,0,67958000,67958000,None,USD,20242942000,1014151000,5940641000,47896000,17722080000,2520862000,0,17362422000,1396000,28838000,359624000,995492000,6935897000,692492000,17384917000,22529000,22529000,-164684000,288565000,744355000,5086866000,1525370000,0,47499000,34000,397000,17362422000,0,0,0,0,0,-282000,None,None,None,None,None,34000,None,None,None,None,None,2490910000,None,None,None,140000000,USD,86571000,0,-112507000,-594000,200000000,-282862000,-249700000,-42760000,67958000,-342152000,53217000,None,13220000,-33504000,342000,0,0,14799000,3446000,None,None,None,27.83,29.02
10,2017-12-31,USD,715909000,497133000,18772000,715909000,-269757000,11684000,0,0,94260000,0,57667000,None,482663000,93798000,30013000,None,None,None,0,0,0,82576000,-14907000,0,125784000,11684000,None,USD,20549461000,1008688000,None,48543000,18016910000,2532551000,0,17612122000,1396000,42794000,404754000,995492000,7084601000,1034644000,17632610000,20522000,20522000,-96383000,289215000,1098198000,5297058000,1537059000,667560000,47987000,34000,885000,17612122000,0,0,0,0,0,-282000,None,None,None,None,None,None,None,None,None,None,None,None,None,None,None,140000000,USD,-204687000,0,-971081000,3367000,-9161000,683893000,815472000,-51487000,11684000,-17414000,269774000,None,62019000,-122810000,0,0,0,75560000,10068000,None,None,None,29.18,27.83
11,2017-09-30,USD,0,-245977000,16451000,0,539514000,58363000,0,0,93699000,0,49099000,None,0,-17745000,3186000,None,None,None,0,0,0,35336000,0,0,171223000,58363000,None,USD,20565627000,1009472000,None,44728000,17983769000,2581858000,0,17595483000,1396000,91189000,388252000,995492000,7148625000,0,0,24855000,24855000,-67114000,289689000,0,None,1586366000,0,44728000,34000,564000,17595483000,0,0,0,0,0,0,None,None,None,None,None,None,None,None,None,None,None,None,None,None,None,140000000,USD,-193446000,0,-852292000,3289000,-10000,700097000,800951000,-11060000,58363000,-113400000,214502000,None,46273000,-92101000,0,0,0,-7750000,5964000,None,None,None,30.29,29.18
12,2017-06-30,USD,0,81491000,13165000,0,-359676000,56895000,0,0,90483000,0,50326000,None,0,-2926000,1189000,None,None,None,0,0,0,33588000,0,0,-170065000,56895000,None,USD,20373974000,1010369000,None,39739000,17821372000,2552602000,0,17452262000,1395000,63116000,369069000,995492000,6927412000,0,0,25618000,25618000,-67651000,292959000,0,None,1557110000,0,39739000,41000,329000,17452262000,0,0,0,0,0,0,None,None,None,None,None,None,None,None,None,None,None,None,None,None,None,140000000,USD,158532000,0,-570896000,3576000,-10000,587707000,657730000,17732000,56895000,450153000,158896000,None,30220000,-61400000,0,0,0,3389000,4019000,None,None,None,30.62,30.29
13,2017-03-31,USD,0,0,12076000,0,89919000,56740000,0,0,89913000,0,50314000,None,0,4500000,7576000,None,None,None,0,0,0,33173000,0,0,56740000,56740000,None,USD,19792785000,1011292000,None,None,17286791000,2505994000,0,16938178000,1395000,18003000,348572000,995492000,7073587000,0,0,None,None,-86692000,295608000,0,None,1494702000,0,39386000,41000,329000,16938178000,0,0,0,0,0,0,None,None,None,None,None,None,None,None,None,None,None,None,None,None,None,140000000,USD,-446842000,-33625000,-443792000,4072000,-9151000,104323000,143646000,14761000,56740000,-274446000,65023000,None,14363000,-30700000,0,0,0,12784000,1032000,None,None,None,29.92,30.62
14,2016-12-31,USD,709109000,324308000,10963000,709109000,-1126732000,56552000,0,0,93868000,0,50373000,None,474913000,-949000,20197000,None,None,None,0,-10803000,0,37316000,-12972000,0,-268773000,56552000,None,USD,19661829000,1012301000,None,41971000,17185344000,2476485000,0,16794532000,1395000,78850000,381620000,995492000,6923770000,1052058000,16834885000,40394000,40394000,-88011000,300788000,1110340000,5100514000,1480993000,798231000,41971000,41000,329000,16794532000,0,0,0,0,0,0,None,None,None,None,None,None,None,None,None,None,None,None,None,None,None,139000000,USD,-1091015000,0,-1896685000,11482000,-207010000,78601000,732608000,-51358000,56552000,-1598137000,219947000,None,52176000,-446997000,0,0,0,-10903000,15541000,None,None,None,34.82,29.92
15,2016-09-30,USD,768495000,0,8751000,648130000,2166976000,53235000,0,0,86469000,0,51168000,None,346748000,154146000,101143000,None,None,None,0,21606000,0,33234000,0,0,944667000,53235000,None,USD,19892693000,1013046000,None,None,17368730000,2523963000,0,16965527000,1395000,39889000,394011000,995492000,7152430000,0,0,9151000,9151000,-10315000,302059000,0,None,1510917000,0,37107000,41000,854000,16965527000,0,0,0,0,0,0,None,None,None,None,None,None,None,None,None,None,None,None,None,None,None,140000000,USD,-987549000,1344000,-1928545000,6234000,-25810000,275078000,903603000,-27946000,53235000,-156194000,179092000,None,39786000,-421515000,0,0,0,-2670000,11179000,None,None,None,26.86,34.82
16,2016-06-30,USD,768495000,0,8534000,-648130000,-1040244000,54860000,0,0,86425000,0,50880000,None,-346748000,-76023000,-94492000,None,None,None,0,-10803000,0,31565000,0,0,-445716000,54860000,None,USD,19052593000,1014556000,None,None,16551585000,2501008000,0,None,1395000,19633000,394482000,995492000,6365324000,0,0,None,None,None,303715000,0,None,None,0,None,48000,205000,16122104000,0,0,0,0,0,0,None,None,None,None,None,None,None,None,None,None,None,None,None,None,None,139000000,USD,None,None,-943375000,1254000,None,-514644000,60180000,None,54860000,None,139838000,None,24495000,-393624000,0,0,0,None,8565000,None,None,None,nan,26.86
17,2016-03-31,USD,0,0,7200000,0,0,65531000,0,0,105067000,0,53840000,None,0,0,0,None,None,None,0,0,0,39536000,0,0,0,65531000,None,USD,19087504000,1015706000,None,None,16615770000,2471734000,None,None,None,None,345820000,995492000,5608053000,None,None,None,None,None,304704000,None,None,None,None,None,48000,205000,16054451000,None,None,None,None,None,None,None,None,None,None,None,None,None,None,None,None,None,None,None,None,None,139000000,USD,None,None,12548000,576000,None,None,None,None,65531000,None,52158000,None,None,-357670000,None,None,None,None,4234000,None,None,None,nan,nan
18,2015-12-31,USD,670536000,317819000,8385000,670536000,0,50211000,0,0,80616000,0,50742000,None,427088000,65214000,22521000,None,None,None,0,0,0,30405000,-9490000,0,213780000,50211000,None,USD,19352681000,1016927000,None,34215000,16615740000,2736941000,None,16061924000,2788200000,78850000,337617000,995492000,5810682000,2650195000,16301197000,239321000,239321000,-51259000,305104000,2695566000,4053365000,1741449000,2350099000,34215000,48000,154000,16061924000,None,None,None,None,None,None,None,None,None,None,None,None,None,None,None,None,None,None,None,None,None,None,USD,956251000,0,243832000,7710000,-170010000,1002307000,1336545000,-79414000,50211000,1388742000,142603000,None,25675000,-164228000,528000,6734000,None,-17438000,19119000,None,None,None,nan,nan
19,2015-09-30,USD,0,0,8104000,0,0,54889000,0,0,88125000,0,50658000,None,0,0,0,None,None,None,0,0,0,33236000,0,0,0,54889000,None,USD,None,None,None,None,None,None,None,None,None,None,None,None,None,None,None,None,None,None,None,None,None,None,None,None,None,None,None,None,None,None,None,None,None,None,None,None,None,None,None,None,None,None,None,None,None,None,None,None,139000000,USD,None,None,None,None,None,None,None,None,54889000,None,None,None,None,None,None,None,None,None,0,None,None,None,nan,nan
