,fiscalDateEnding,reportedCurrency_x,totalRevenue,totalOperatingExpense,costOfRevenue,grossProfit,ebit,netIncome_x,researchAndDevelopment,effectOfAccountingCharges,incomeBeforeTax,minorityInterest,sellingGeneralAdministrative,otherNonOperatingIncome,operatingIncome,otherOperatingExpense,interestExpense,taxProvision,interestIncome,netInterestIncome,extraordinaryItems,nonRecurring,otherItems,incomeTaxExpense,totalOtherIncomeExpense,discontinuedOperations,netIncomeFromContinuingOperations,netIncomeApplicableToCommonShares,preferredStockAndOtherAdjustments,reportedCurrency_y,totalAssets,intangibleAssets,earningAssets,otherCurrentAssets,totalLiabilities,totalShareholderEquity,deferredLongTermLiabilities,otherCurrentLiabilities,commonStock,retainedEarnings,otherLiabilities,goodwill,otherAssets,cash,totalCurrentLiabilities,shortTermDebt,currentLongTermDebt,otherShareholderEquity,propertyPlantEquipment,totalCurrentAssets,longTermInvestments,netTangibleAssets,shortTermInvestments,netReceivables,longTermDebt,inventory,accountsPayable,totalPermanentEquity,additionalPaidInCapital,commonStockTotalEquity,preferredStockTotalEquity,retainedEarningsTotalEquity,treasuryStock,accumulatedAmortization,otherNonCurrrentAssets,deferredLongTermAssetCharges,totalNonCurrentAssets,capitalLeaseObligations,totalLongTermDebt,otherNonCurrentLiabilities,totalNonCurrentLiabilities,negativeGoodwill,warrants,preferredStockRedeemable,capitalSurplus,liabilitiesAndShareholderEquity,cashAndShortTermInvestments,accumulatedDepreciation,commonStockSharesOutstanding,reportedCurrency,investments,changeInLiabilities,cashflowFromInvestment,otherCashflowFromInvestment,netBorrowings,cashflowFromFinancing,otherCashflowFromFinancing,changeInOperatingActivities,netIncome_y,changeInCash,operatingCashflow,otherOperatingCashflow,depreciation,dividendPayout,stockSaleAndPurchase,changeInInventory,changeInAccountReceivables,changeInNetIncome,capitalExpenditures,changeInReceivables,changeInExchangeRate,changeInCashAndCashEquivalents,clossingVal,nextClossingVal
0,2020-06-30,USD,142700000,-46900000,None,142700000,189600000,36700000,None,None,47100000,None,-44200000,None,189600000,-2700000,6300000,10400000,128800000,122500000,None,None,None,10400000,None,None,36700000,36700000,None,USD,16471400000,56500000,None,None,14472500000,1998900000,32200000,13340400000,1021200000,912500000,34500000,621600000,10343500000,1425000000,13482700000,None,None,65200000,316000000,4867000000,10056300000,1320800000,3385500000,56500000,199200000,None,142300000,None,None,1021200000,None,912500000,None,None,554000000,None,11604400000,None,199200000,758400000,989800000,None,None,None,None,16471400000,4810500000,None,None,USD,-1402200000,-7000000,-1406100000,5900000,240400000,1994000000,1775300000,-16200000,36700000,555800000,-32100000,-14700000,14800000,-21800000,100000,None,-10200000,-53700000,7600000,-10200000,None,555800000,30.96,
1,2020-03-31,USD,137800000,-100300000,None,137800000,238100000,29300000,None,None,37500000,None,-100300000,None,238100000,16300000,9100000,8200000,132200000,123100000,None,None,None,8200000,None,None,29300000,29300000,None,USD,14411400000,59200000,3777500000,None,12455300000,1956100000,24400000,11565100000,1018700000,897600000,26500000,621600000,9240600000,869200000,11713900000,None,None,39800000,316700000,3986000000,8883300000,1275300000,3070500000,46300000,100800000,None,148800000,None,None,1018700000,None,897600000,None,None,544600000,None,10425400000,None,100800000,616200000,741400000,None,None,None,None,14411400000,3939700000,None,65000000,USD,25600000,4200000,26200000,3300000,-83500000,-275100000,-98400000,-36700000,29300000,-207600000,41300000,-34900000,12100000,-61200000,-32000000,None,400000,32200000,4900000,400000,None,-207600000,28.84,30.96
2,2019-12-31,USD,159600000,701100000,None,159600000,-541500000,52400000,None,None,68900000,None,701100000,None,-541500000,11200000,11800000,16500000,140000000,128200000,None,None,None,-91700000,-3500000,None,160600000,52400000,None,USD,14644200000,62100000,3988500000,963200000,12630300000,2013900000,26700000,11663500000,1049300000,953600000,26700000,621600000,9305200000,1076800000,11805200000,None,None,11000000,314500000,13134400000,8958600000,1330200000,3052300000,9005300000,100800000,8500000,141700000,None,None,1049300000,None,953600000,None,None,511600000,None,10468400000,1200000,100800000,697600000,825100000,None,None,None,None,14644200000,4129100000,None,64000000,USD,-176000000,-17400000,-167900000,14500000,60700000,-95500000,-136100000,9000000,52400000,-192800000,70600000,9100000,12200000,-20200000,100000,None,4300000,10000000,4900000,4300000,None,-192800000,41.92,28.84
3,2019-09-30,USD,163700000,-99300000,None,163700000,263000000,49100000,None,None,64400000,None,-99300000,None,263000000,17400000,15800000,15300000,141300000,125500000,None,None,None,15300000,-7600000,None,49100000,49100000,None,USD,14701600000,65000000,3907200000,160000000,12719000000,1982600000,23600000,11799600000,1047800000,921400000,23600000,622600000,9373900000,1269600000,11957700000,None,None,13400000,320600000,4147800000,9026500000,1295000000,2827100000,51100000,100800000,17800000,158100000,None,None,1047800000,None,921400000,None,None,519100000,None,10553800000,None,100800000,636900000,761300000,None,None,None,None,14701600000,4096700000,None,65000000,USD,-119400000,12200000,-106000000,15900000,-51700000,238100000,309800000,-15200000,49100000,140700000,8600000,-14800000,11900000,-20200000,200000,None,-900000,-48900000,1400000,-900000,None,140700000,40.24,41.92
4,2019-06-30,USD,160900000,-112100000,None,160900000,273000000,37900000,None,None,48800000,None,-112100000,None,273000000,17500000,16800000,10900000,142100000,125300000,None,None,None,10900000,-19300000,None,37900000,37900000,None,USD,14414600000,67900000,3640500000,114300000,12466000000,1948600000,24400000,11489900000,1045600000,892500000,24400000,623500000,9369700000,1128900000,11652200000,None,None,10500000,348700000,3887600000,8985100000,1257200000,2708500000,50200000,102700000,27600000,162300000,None,None,1045600000,None,892500000,None,None,501800000,None,10527000000,None,102700000,686700000,813800000,None,None,None,None,14414600000,3837400000,None,65000000,USD,-54300000,-12200000,245000000,304800000,-20400000,-71800000,-31500000,-27900000,37900000,173700000,500000,-12100000,14000000,-20100000,200000,None,-1500000,-25600000,42900000,-1500000,None,173700000,39.61,40.24
5,2019-03-31,USD,146800000,-93800000,None,146800000,240600000,41600000,None,None,53000000,None,-93800000,None,240600000,15900000,14600000,11400000,130600000,116000000,None,None,None,11400000,-7100000,None,41600000,41600000,None,USD,13498200000,54600000,3464600000,80500000,11761300000,1736900000,18700000,10814700000,866600000,874700000,18700000,546300000,8810800000,955200000,10967300000,None,None,-4400000,319300000,3690700000,8420800000,1136000000,2689000000,46500000,102700000,21100000,152600000,None,None,866600000,None,874700000,None,None,3155500000,None,12496500000,None,102700000,672600000,794000000,None,None,None,None,13498200000,3644200000,None,61000000,USD,12500000,-3900000,12100000,1800000,-39800000,73500000,134000000,-1500000,41600000,133200000,47600000,-3400000,9500000,-18700000,-2000000,None,-1600000,5400000,2200000,-1600000,None,133200000,39.82,39.61
6,2018-12-31,USD,151600000,622400000,0,151600000,-470800000,40400000,0,0,52200000,0,622400000,None,-470800000,12300000,12700000,None,None,None,0,0,0,-80400000,-11500000,0,132600000,40400000,None,USD,13300200000,56900000,None,680700000,11606300000,1693900000,8600000,10680700000,866700000,851800000,8600000,546700000,8810800000,822000000,10782600000,None,None,-24600000,259600000,9297600000,11108200000,1090300000,None,8475600000,102700000,14400000,101900000,None,None,866700000,None,851800000,None,None,461900000,None,12433300000,None,102700000,712400000,823700000,None,None,None,None,13300200000,822000000,None,58000000,USD,-76800000,-4200000,-77700000,4700000,68300000,-113600000,-164900000,-6000000,40400000,-143000000,48300000,-7200000,9800000,-16900000,-100000,None,None,6400000,22300000,3100000,None,-143000000,36.56,39.82
7,2018-09-30,USD,144200000,-90700000,13200000,144200000,234900000,41400000,0,0,53500000,0,-90700000,None,234900000,15800000,11200000,None,None,None,0,0,0,12100000,-7500000,0,41400000,41400000,None,USD,13355800000,86300000,None,85700000,11701400000,1654400000,3000000,10845600000,865500000,828300000,3000000,546400000,8821900000,965000000,10953200000,1500000,None,-39400000,261500000,3589600000,8444400000,1108000000,2576600000,48000000,109300000,17300000,106100000,0,0,865500000,0,828300000,0,None,513900000,None,9766200000,None,109300000,635900000,748200000,None,None,None,None,13355800000,3541600000,None,59000000,USD,-27600000,6700000,1300000,29500000,-10700000,177500000,203800000,5300000,41400000,253000000,74200000,5100000,9200000,-15700000,100000,8800000,0,16900000,600000,-5100000,None,253000000,44.8,36.56
8,2018-06-30,USD,138500000,-84900000,12100000,138500000,223400000,41700000,0,0,53600000,0,-84900000,None,223400000,16500000,9200000,None,None,None,0,-2300000,0,11900000,-3700000,0,41700000,41700000,None,USD,12235700000,71600000,None,89600000,10777400000,1458300000,200000,9945500000,690700000,802600000,200000,445600000,8037600000,712000000,10037200000,749700000,749700000,-35000000,248600000,3370200000,7684600000,1012700000,2618900000,39300000,98200000,14900000,91700000,0,0,690700000,0,802600000,0,None,486700000,None,8865500000,None,98200000,641800000,740200000,None,None,None,None,12235700000,3330900000,None,57000000,USD,15600000,10300000,20800000,2700000,8000000,-87300000,-80400000,-9100000,41700000,-32200000,34300000,-9700000,9200000,-15800000,900000,0,0,-16800000,2500000,-400000,None,-32200000,42.2,44.8
9,2018-03-31,USD,132900000,-85900000,9900000,132900000,218800000,36700000,0,0,47000000,0,-85900000,None,218800000,15800000,7800000,None,None,None,0,2300000,0,10300000,-6600000,0,36700000,36700000,None,USD,12273400000,518100000,None,71200000,10841000000,1432400000,1700000,10025900000,688000000,776700000,83100000,445600000,3704700000,744200000,10107300000,739900000,739900000,-32300000,251200000,3526100000,7573300000,986800000,2743000000,38900000,98200000,43300000,81400000,0,0,688000000,0,776700000,0,None,477200000,None,8747300000,None,98200000,633800000,733700000,None,None,None,None,12273400000,3487200000,None,57000000,USD,-124600000,-10800000,-126700000,300000,-26600000,48600000,91000000,4000000,36700000,-14700000,63400000,3900000,9400000,-15700000,-100000,14700000,0,25100000,2400000,-900000,None,-14700000,39.55,42.2
10,2017-12-31,USD,134503000,562569000,11375000,134503000,-428066000,34268000,0,0,49430000,0,562569000,None,-428066000,65806000,19960000,None,None,None,0,57780000,0,-85239000,-40611000,0,134669000,34268000,None,USD,12213255000,518583000,None,652766000,10785639000,1427616000,0,9934900000,686991000,752588000,92195000,444704000,3660146000,758986000,10047105000,20010000,766473000,-11963000,252000000,3490223000,7542208000,982912000,2693206000,38031000,95603000,56688000,92195000,0,0,686991000,0,752588000,0,None,480226000,None,4028000,None,95603000,642961000,738564000,None,None,None,None,12213255000,3452192000,None,52000000,USD,-177637000,-6874000,-174610000,1767000,2898000,-9226000,1402000,-5885000,34268000,-123847000,59989000,-873000,3664000,-13559000,33000,45066000,0,27214000,2546000,2590000,None,-123848000,40.05,39.55
11,2017-09-30,USD,135622000,-94656000,11417000,135622000,230278000,27259000,0,0,40966000,0,-94656000,None,230278000,-11476000,1428000,None,None,None,0,-37237000,0,13707000,0,0,27259000,27259000,None,USD,12206473000,520371000,None,90350000,10787063000,1419410000,0,9933468000,686508000,731879000,97783000,445028000,3592811000,882834000,10061259000,30008000,764911000,1023000,253284000,3541137000,7477544000,974382000,2617682000,40621000,90516000,60073000,97783000,0,0,686508000,0,731879000,0,None,484137000,None,5343000,None,90516000,635288000,725804000,None,None,None,None,12206473000,3500516000,None,57000000,USD,8106000,1243000,5493000,2076000,50387000,-48579000,-86532000,-34284000,27259000,-36942000,6144000,-30652000,11009000,-13473000,1039000,11858000,0,-5529000,136485000,2814000,None,-36941000,38.25,40.05
12,2017-06-30,USD,114148000,-80399000,8901000,114148000,194547000,21868000,0,0,33749000,0,-80399000,None,194547000,-3715000,982000,None,None,None,0,5908000,0,11881000,0,0,21868000,21868000,None,USD,12236342000,520879000,None,66213000,10830964000,1405378000,0,10020000000,685289000,718093000,105679000,444327000,3581857000,919775000,10140698000,15019000,715082000,1996000,254438000,3565241000,7480272000,961051000,2609636000,35830000,110494000,41669000,105679000,0,0,685289000,0,718093000,0,None,482658000,None,9406000,None,110494000,579772000,690266000,None,None,None,None,12236342000,3529411000,None,48000000,USD,-46944000,-14600000,49223000,99259000,7243000,47083000,50845000,28624000,21868000,111823000,15517000,21107000,7973000,-10791000,-214000,49953000,0,-12713000,3092000,-8118000,None,111823000,37.2,38.25
13,2017-03-31,USD,96270000,-63693000,7294000,96270000,159963000,23126000,0,0,32577000,0,-63693000,None,159963000,2972000,5564000,None,None,None,0,705000,0,9451000,0,0,23126000,23126000,None,USD,9061234000,241292000,None,50949000,8059638000,1001596000,12748000,7300179000,297173000,707016000,61417000,212820000,2724834000,807952000,7348849000,1000,587571000,-2593000,204900000,2984223000,5323548000,788776000,2148559000,27712000,110471000,32665000,48669000,0,0,297173000,0,707016000,0,None,335743000,None,6077011000,None,110471000,587570000,710789000,None,None,None,None,9061234000,2956511000,None,45000000,USD,21070000,-2074000,-10671000,-27285000,50033000,-36433000,-75931000,1693000,23126000,25929000,73033000,1693000,7402000,-10760000,225000,41937000,2140000,40746000,4456000,2140000,None,25929000,39.65,37.2
14,2016-12-31,USD,112896000,-75141000,5629000,112896000,188037000,24765000,0,0,37755000,0,-75141000,None,188037000,64228000,13307000,None,None,None,0,7609000,0,-86256000,-9524000,0,124011000,24765000,None,USD,9063895000,240925000,None,736246000,8081302000,982593000,6839000,7376110000,296071000,694650000,57183000,212820000,2675066000,782023000,7426460000,6000,649309000,-8128000,204476000,8338673000,5402330000,769773000,2124468000,5432182000,110447000,71813000,50344000,0,0,296071000,0,694650000,0,None,307926000,None,6127552000,None,110447000,537556000,654842000,None,None,None,None,9063895000,2906491000,None,45000000,USD,-52797000,-4896000,-57590000,1973000,60807000,99230000,47969000,-1769000,24765000,80656000,39016000,1222000,8095000,-9837000,291000,12073000,0,8680000,6766000,1150000,None,80656000,42.55,39.65
15,2016-09-30,USD,100089000,-62113000,6717000,100089000,162202000,25193000,0,0,37976000,0,-62113000,None,162202000,-20502000,28000,None,None,None,0,-5985000,0,12783000,0,0,25193000,25193000,None,USD,8973847000,240688000,None,None,7991343000,982504000,14888000,7328581000,293960000,679722000,75560000,212820000,2622289000,701367000,7389261000,8000,476776000,8822000,200511000,2804642000,5449680000,769684000,2072273000,31002000,110426000,77426000,60672000,0,0,293960000,0,679722000,0,None,306194000,None,6169205000,None,110426000,476768000,602082000,None,None,None,None,8973847000,2773640000,None,45000000,USD,42483000,-5020000,60516000,19508000,-7667000,122598000,138177000,11907000,25193000,225316000,42202000,11907000,8067000,-9808000,1896000,0,0,4539000,1475000,-2484000,None,225316000,31.51,42.55
16,2016-06-30,USD,102092000,-62895000,6876000,102092000,164987000,25554000,0,0,39197000,0,-62895000,None,164987000,4099000,-104000,None,None,None,0,1197000,0,13643000,0,0,25554000,25554000,None,USD,8605376000,229454000,None,None,7640251000,965125000,16673000,6981448000,290366000,664337000,81984000,204481000,2600977000,476051000,7046774000,15000,466414000,10422000,195446000,2565327000,5332902000,760644000,2061828000,27448000,110405000,80961000,65311000,0,0,290366000,0,664337000,0,None,307220000,None,6040049000,None,110405000,466399000,593477000,None,None,None,None,8605376000,2537879000,None,45000000,USD,-62102000,11292000,-61311000,3021000,879000,-134841000,-125827000,-9984000,25554000,-179477000,16675000,-9984000,7921000,-9848000,-45000,0,281000,-17567000,2230000,-541000,None,-179477000,28.1,31.51
17,2016-03-31,USD,91193000,-60862000,8430000,91193000,152055000,20124000,0,0,30331000,0,-60862000,None,152055000,0,4430000,None,None,None,0,0,0,10207000,0,0,20124000,20124000,None,USD,8690680000,229817000,None,None,7748666000,942014000,11977000,7107463000,288782000,653232000,65263000,204481000,2672647000,655528000,7160782000,33000,None,4601000,188714000,2827175000,5164534000,737533000,2144740000,26907000,110417000,62246000,53286000,0,0,288782000,0,648631000,0,None,296519000,None,5863505000,None,110384000,465523000,587884000,None,None,None,None,8690680000,2800268000,None,45000000,USD,-83608000,-6904000,-84707000,309000,-45059000,-60399000,18526000,None,20124000,-124929000,20177000,-4567000,7917000,-9860000,-24313000,3872000,822000,2785000,1408000,822000,None,-124929000,28.13,28.1
18,2015-12-31,USD,96026000,-60941000,8002000,96026000,156967000,23431000,0,0,35085000,0,-60941000,None,156967000,47436000,13610000,None,None,None,0,795000,0,-75670000,-13903000,0,110755000,23431000,None,USD,8728196000,230733000,None,726980000,7777703000,950493000,9765000,7088937000,311720000,638367000,67767000,204523000,2581294000,780457000,7146941000,2000,621828000,406000,197066000,8035070000,5169379000,745970000,2057505000,5197108000,110362000,59129000,58002000,0,0,311720000,0,638367000,0,None,291537000,None,5862505000,None,110362000,510635000,630762000,None,None,None,None,8728196000,2837962000,None,46000000,USD,-75798000,5285000,-84969000,-5442000,57890000,103670000,53450000,-4628000,23431000,72162000,53461000,2157000,7964000,-9031000,1361000,16706000,0,10763000,3729000,3861000,None,72162000,29.07,28.13
19,2015-09-30,USD,95714000,-65502000,5548000,95714000,161216000,20162000,0,0,30212000,0,-65502000,None,161216000,0,20000,None,None,None,0,0,0,10050000,0,0,20162000,20162000,None,USD,8604530000,231170000,None,None,7665955000,938575000,13027000,7035794000,309167000,623967000,67052000,204409000,2595594000,708295000,7089829000,10000,None,5441000,198417000,2807521000,5102224000,734166000,2067636000,31590000,125566000,63717000,54025000,0,0,309167000,0,623967000,0,None,291959000,None,5797009000,None,125566000,437533000,576126000,None,None,None,None,8604530000,2775931000,None,46000000,USD,47454000,-5487000,48847000,4143000,-34837000,119230000,168182000,None,20162000,201861000,33784000,-3732000,9118000,-9070000,-5045000,9449000,0,15740000,2750000,-2017000,None,201861000,27.84,29.07
