,fiscalDateEnding,reportedCurrency_x,totalRevenue,totalOperatingExpense,costOfRevenue,grossProfit,ebit,netIncome_x,researchAndDevelopment,effectOfAccountingCharges,incomeBeforeTax,minorityInterest,sellingGeneralAdministrative,otherNonOperatingIncome,operatingIncome,otherOperatingExpense,interestExpense,taxProvision,interestIncome,netInterestIncome,extraordinaryItems,nonRecurring,otherItems,incomeTaxExpense,totalOtherIncomeExpense,discontinuedOperations,netIncomeFromContinuingOperations,netIncomeApplicableToCommonShares,preferredStockAndOtherAdjustments,reportedCurrency_y,totalAssets,intangibleAssets,earningAssets,otherCurrentAssets,totalLiabilities,totalShareholderEquity,deferredLongTermLiabilities,otherCurrentLiabilities,commonStock,retainedEarnings,otherLiabilities,goodwill,otherAssets,cash,totalCurrentLiabilities,shortTermDebt,currentLongTermDebt,otherShareholderEquity,propertyPlantEquipment,totalCurrentAssets,longTermInvestments,netTangibleAssets,shortTermInvestments,netReceivables,longTermDebt,inventory,accountsPayable,totalPermanentEquity,additionalPaidInCapital,commonStockTotalEquity,preferredStockTotalEquity,retainedEarningsTotalEquity,treasuryStock,accumulatedAmortization,otherNonCurrrentAssets,deferredLongTermAssetCharges,totalNonCurrentAssets,capitalLeaseObligations,totalLongTermDebt,otherNonCurrentLiabilities,totalNonCurrentLiabilities,negativeGoodwill,warrants,preferredStockRedeemable,capitalSurplus,liabilitiesAndShareholderEquity,cashAndShortTermInvestments,accumulatedDepreciation,commonStockSharesOutstanding,reportedCurrency,investments,changeInLiabilities,cashflowFromInvestment,otherCashflowFromInvestment,netBorrowings,cashflowFromFinancing,otherCashflowFromFinancing,changeInOperatingActivities,netIncome_y,changeInCash,operatingCashflow,otherOperatingCashflow,depreciation,dividendPayout,stockSaleAndPurchase,changeInInventory,changeInAccountReceivables,changeInNetIncome,capitalExpenditures,changeInReceivables,changeInExchangeRate,changeInCashAndCashEquivalents,clossingVal,nextClossingVal
0,2020-06-30,USD,1365000000,1121000000,None,1365000000,244000000,195000000,None,None,244000000,None,1121000000,None,244000000,269000000,203000000,49000000,1403000000,1200000000,None,None,None,49000000,None,None,195000000,163000000,32000000,USD,202906000000,171000000,68569000000,None,180571000000,22335000000,None,157208000000,2051000000,17643000000,1555000000,4261000000,117954000000,3221000000,161075000000,1285000000,81000000,2951000000,2053000000,143821000000,40053000000,16133000000,28243000000,112357000000,16327000000,None,2582000000,None,None,2051000000,1770000000,17643000000,-5683000000,None,12547000000,None,59085000000,None,16327000000,3169000000,19496000000,None,None,None,3603000000,202906000000,31464000000,None,712202207,USD,-18436000000,205000000,-18510000000,-15000000,-4720000000,16930000000,21877000000,-170000000,197000000,-61000000,1519000000,-292000000,113000000,-227000000,0,None,None,1296000000,59000000,None,None,-61000000,19.28,
1,2020-03-31,USD,1260000000,1200000000,None,1260000000,60000000,46000000,None,None,60000000,None,1200000000,None,60000000,314000000,296000000,14000000,1525000000,1229000000,None,None,None,14000000,None,None,46000000,29000000,17000000,USD,185391000000,184000000,47503000000,None,163518000000,21873000000,None,136686000000,2051000000,17677000000,1474000000,4261000000,120987000000,3282000000,143660000000,4542000000,3500000000,2477000000,2828000000,48246000000,117769000000,15658000000,44964000000,None,16282000000,None,2432000000,None,None,2051000000,1770000000,17677000000,-5699000000,None,12103000000,None,137145000000,None,16282000000,3576000000,19858000000,None,None,None,3597000000,185391000000,48246000000,None,711306181,USD,-14092000000,-318000000,-14181000000,-15000000,5976000000,13752000000,7966000000,-243000000,46000000,4000000,433000000,112000000,118000000,-190000000,0,None,None,475000000,74000000,None,None,4000000,14.85,19.28
2,2019-12-31,USD,4194000000,2258000000,None,4194000000,1936000000,1510000000,None,None,1936000000,None,2258000000,None,1936000000,288000000,332000000,207000000,1560000000,1228000000,None,None,None,426000000,-13000000,None,1510000000,1462000000,48000000,USD,169369000000,201000000,40256000000,3524000000,148166000000,21203000000,None,127322000000,2051000000,18315000000,2383000000,4252000000,110934000000,3278000000,130774000000,1011000000,1011000000,1192000000,2843000000,41256000000,110070000000,14980000000,37978000000,2702000000,14970000000,64000000,2441000000,None,None,2051000000,1770000000,18315000000,-5724000000,None,10747000000,None,128113000000,None,14970000000,2422000000,17392000000,None,None,None,3599000000,169369000000,41256000000,None,708915629,USD,567000000,266000000,530000000,1000000,-3088000000,-1892000000,1703000000,1030000000,734000000,17000000,1379000000,-267000000,183000000,-207000000,-300000000,None,None,463000000,38000000,None,None,17000000,30.74,14.85
3,2019-09-30,USD,1848000000,1159000000,None,1848000000,689000000,549000000,None,None,689000000,None,1159000000,None,689000000,277000000,383000000,140000000,1625000000,1242000000,None,None,None,140000000,-34000000,None,549000000,530000000,19000000,USD,171079000000,201000000,42410000000,1223000000,149675000000,21404000000,None,126223000000,2051000000,17786000000,1683000000,4290000000,113955000000,3261000000,132776000000,4046000000,2850000000,1635000000,2922000000,43674000000,109804000000,15143000000,40413000000,None,14474000000,37000000,2507000000,None,None,2051000000,1770000000,17786000000,-5427000000,None,10188000000,None,127405000000,None,14474000000,2425000000,16899000000,None,None,None,3589000000,171079000000,43674000000,None,718583491,USD,-1121000000,14000000,-1159000000,36000000,2387000000,2019000000,-40000000,-1247000000,550000000,497000000,-363000000,-1062000000,91000000,-220000000,-108000000,None,None,44000000,74000000,None,None,497000000,27.38,30.74
4,2019-06-30,USD,1820000000,1243000000,None,1820000000,577000000,453000000,None,None,577000000,197000000,1243000000,None,577000000,253000000,391000000,124000000,1636000000,1245000000,None,None,None,124000000,-119000000,None,453000000,427000000,26000000,USD,168802000000,215000000,39938000000,1205000000,148131000000,20474000000,None,125571000000,2051000000,17431000000,2067000000,4284000000,113614000000,2764000000,128925000000,957000000,957000000,1178000000,2968000000,41874000000,109716000000,14644000000,39110000000,None,15784000000,39000000,2397000000,None,None,2051000000,1331000000,17431000000,-5089000000,None,9745000000,None,126928000000,None,15784000000,3422000000,19206000000,None,None,None,3572000000,168802000000,41874000000,None,731473622,USD,1034000000,-259000000,953000000,-11000000,-2538000000,-1212000000,1709000000,-68000000,453000000,15000000,274000000,313000000,109000000,-183000000,-200000000,None,None,-1466000000,70000000,None,None,15000000,27.9,27.38
5,2019-03-31,USD,1604000000,1021000000,None,2113000000,None,775000000,None,None,996000000,197000000,823000000,None,1092000000,219000000,351000000,221000000,1433000000,1082000000,None,None,None,221000000,-96000000,None,775000000,752000000,None,USD,167853000000,218000000,40068000000,692000000,148009000000,19647000000,None,126294000000,2051000000,17184000000,1673000000,4321000000,114078000000,2749000000,129865000000,1329000000,376000000,409000000,3000000000,41353000000,109765000000,13777000000,38604000000,None,15483000000,48000000,2242000000,None,None,2051000000,1331000000,17184000000,-4772000000,None,9196000000,None,126500000000,None,15483000000,2661000000,18144000000,None,None,None,3444000000,167853000000,41353000000,None,739406088,USD,-2275000000,-161000000,-1121000000,1215000000,1399000000,655000000,312000000,214000000,775000000,68000000,534000000,318000000,89000000,-143000000,-913000000,None,None,637000000,61000000,None,None,68000000,25.22,27.9
6,2018-12-31,USD,1561000000,837000000,407000000,1561000000,724000000,470000000,0,0,724000000,197000000,837000000,None,724000000,228000000,1043000000,None,None,None,0,0,0,254000000,-4000000,0,470000000,448000000,22000000,USD,146069000000,40000000,None,2545000000,129819000000,16250000000,None,110760000000,2051000000,16578000000,2047000000,2478000000,96422000000,2681000000,112895000000,573000000,3100000000,-112000000,2379000000,131498000000,95074000000,12401000000,34655000000,94162000000,14426000000,48000000,1562000000,None,None,2051000000,1331000000,16578000000,-6471000000,None,8762000000,None,108733000000,None,14426000000,2498000000,16924000000,None,None,None,2873000000,146069000000,37336000000,None,646630857,USD,-3210000000,171000000,-3240000000,-1000000,-1042000000,2892000000,4492000000,-43000000,472000000,581000000,929000000,5000000,85000000,-158000000,-400000000,None,None,196000000,29000000,None,None,581000000,23.53,25.22
7,2018-09-30,USD,1520000000,1008000000,359000000,1520000000,512000000,433000000,0,0,512000000,20000000,1008000000,None,512000000,232000000,0,None,None,None,0,0,0,79000000,-8000000,0,433000000,418000000,15000000,USD,141685000000,28000000,None,663000000,125835000000,15830000000,0,106658000000,2051000000,16440000000,1437000000,2462000000,97232000000,2100000000,108927000000,1114000000,None,-775000000,2442000000,35337000000,93302000000,12009000000,33237000000,None,14460000000,45000000,1155000000,0,2790000000,2051000000,1331000000,16440000000,-6073000000,None,8114000000,None,106348000000,None,14460000000,2448000000,16908000000,None,None,None,2856000000,141685000000,35337000000,None,661372797,USD,-1365000000,-30000000,-1385000000,-16000000,1236000000,799000000,209000000,-6000000,431000000,48000000,634000000,55000000,49000000,-146000000,-500000000,0,0,129000000,4000000,None,None,48000000,27.92,23.53
8,2018-06-30,USD,1730000000,1037000000,281000000,1730000000,693000000,586000000,0,0,693000000,20000000,1037000000,None,693000000,220000000,0,None,None,None,0,0,0,107000000,-25000000,0,586000000,563000000,23000000,USD,140695000000,30000000,None,783000000,124443000000,16232000000,0,104728000000,2051000000,16143000000,1427000000,2462000000,95732000000,2527000000,107697000000,1763000000,17540000000,-552000000,2521000000,36124000000,91937000000,12409000000,33597000000,None,14321000000,43000000,1206000000,0,2790000000,2051000000,1331000000,16143000000,-5574000000,None,7621000000,None,104571000000,None,14321000000,2425000000,16746000000,None,None,None,2833000000,140695000000,36124000000,None,678161855,USD,385000000,157000000,321000000,-12000000,386000000,-1335000000,-1360000000,64000000,586000000,14000000,1028000000,73000000,133000000,-126000000,-235000000,0,0,79000000,52000000,None,None,14000000,28.7,27.92
9,2018-03-31,USD,1882000000,1046000000,233000000,1882000000,836000000,704000000,0,0,836000000,20000000,1046000000,None,836000000,214000000,0,None,None,None,0,0,0,132000000,-8000000,0,704000000,689000000,15000000,USD,141500000000,30000000,None,717000000,125296000000,16184000000,0,105639000000,2051000000,15707000000,3522000000,2462000000,43523000000,2456000000,108078000000,1335000000,17087000000,-389000000,2591000000,36022000000,92143000000,12361000000,33566000000,None,14800000000,769000000,1104000000,0,2790000000,2051000000,1331000000,15707000000,-5344000000,None,8252000000,None,105478000000,None,14800000000,2418000000,17218000000,None,None,None,2828000000,141500000000,36022000000,None,684941986,USD,235000000,-136000000,163000000,-23000000,-2714000000,-904000000,2263000000,303000000,704000000,-476000000,265000000,225000000,93000000,-135000000,-318000000,0,0,-621000000,49000000,None,None,-476000000,31.75,28.7
10,2017-12-31,USD,6602000000,6506000000,257000000,6602000000,-6860000000,509000000,0,0,392000000,-270000000,603000000,None,3087000000,566000000,691000000,None,None,None,0,0,0,101000000,-63000000,0,-1626000000,486000000,None,USD,142193000000,27000000,None,2270000000,125808000000,16365000000,0,103336000000,2051000000,15122000000,3556000000,2445000000,42959000000,2514000000,108760000000,4012000000,2355000000,73000000,2649000000,127861000000,92152000000,12562000000,34573000000,90774000000,14904000000,544000000,1412000000,0,2646000000,2051000000,1331000000,15122000000,-5002000000,None,7833000000,None,105106000000,None,14904000000,2144000000,17048000000,None,None,None,2790000000,142193000000,37087000000,None,693804893,USD,1040000000,0,414000000,1254000000,1040000000,-1786000000,-716000000,-1000000,509000000,122000000,1494000000,None,341000000,-505000000,0,399000000,0,-460000000,231000000,None,None,None,30.34,31.75
11,2017-09-30,USD,2464000000,975000000,249000000,2464000000,1489000000,1014000000,0,0,1489000000,425000000,975000000,None,1489000000,572000000,0,None,None,None,0,0,0,475000000,0,0,1014000000,999000000,15000000,USD,142264000000,18000000,None,711000000,125884000000,16360000000,0,101570000000,2051000000,14748000000,4587000000,2423000000,42642000000,2205000000,109329000000,5688000000,20344000000,185000000,2681000000,36983000000,92264000000,12588000000,34778000000,None,14039000000,760000000,2071000000,0,2750000000,2051000000,1331000000,14748000000,-4637000000,None,7895000000,None,105281000000,None,14039000000,2516000000,16555000000,None,None,None,2682000000,142264000000,36983000000,None,705473789,USD,62000000,275000000,62000000,7000000,884000000,-648000000,-438000000,-91000000,1013000000,2000000,588000000,173000000,85000000,-104000000,-990000000,133000000,0,-958000000,7000000,None,None,2000000,27.98,30.34
12,2017-06-30,USD,1451000000,957000000,219000000,1451000000,494000000,367000000,0,0,494000000,-162000000,957000000,None,494000000,-291000000,0,None,None,None,0,0,0,127000000,0,0,367000000,344000000,23000000,USD,141067000000,18000000,None,766000000,124621000000,16419000000,0,101997000000,2051000000,13862000000,3779000000,2423000000,42907000000,2203000000,109003000000,5389000000,19453000000,163000000,2760000000,36189000000,91854000000,12647000000,33986000000,None,13456000000,814000000,1617000000,0,2760000000,2051000000,1331000000,13862000000,-3739000000,None,7823000000,None,104878000000,None,13456000000,2162000000,15618000000,None,None,None,2751000000,141067000000,36189000000,None,738872549,USD,-287000000,-65000000,-463000000,-80000000,3116000000,349000000,-2296000000,-115000000,367000000,-2000000,112000000,-131000000,81000000,-129000000,-342000000,63000000,0,-140000000,96000000,None,None,-2000000,25.96,27.98
13,2017-03-31,USD,1382000000,986000000,227000000,1382000000,396000000,305000000,0,0,396000000,27000000,986000000,None,396000000,74000000,0,None,None,None,0,0,0,91000000,0,0,305000000,290000000,15000000,USD,140200000000,11000000,None,616000000,123743000000,16430000000,0,104311000000,2051000000,13625000000,3759000000,2419000000,42527000000,2205000000,107981000000,2015000000,2170000000,68000000,2754000000,35380000000,91721000000,12669000000,33175000000,None,13658000000,680000000,1655000000,0,2687000000,2051000000,1331000000,13625000000,-3448000000,None,7915000000,None,104820000000,None,13658000000,2104000000,15762000000,None,None,None,2803000000,140200000000,35380000000,None,750144587,USD,1388000000,34000000,1307000000,-23000000,-2211000000,-2030000000,325000000,115000000,305000000,-187000000,536000000,103000000,89000000,-144000000,0,144000000,0,5000000,58000000,None,None,-187000000,25.4,25.96
14,2016-12-31,USD,5549000000,3735000000,202000000,5549000000,-5475000000,395000000,0,0,509000000,-313000000,581000000,None,3074000000,-375000000,578000000,None,None,None,0,0,0,114000000,251000000,0,-1862000000,372000000,None,USD,142177000000,9000000,None,2701000000,125945000000,16205000000,0,103953000000,2051000000,13441000000,4069000000,2416000000,42554000000,2392000000,109288000000,3535000000,1151000000,59000000,2803000000,36329000000,92032000000,12449000000,33937000000,2159000000,14388000000,829000000,1800000000,0,2561000000,2051000000,1331000000,13441000000,-3433000000,None,8588000000,None,105848000000,None,14388000000,2269000000,16657000000,None,None,None,2756000000,142177000000,36329000000,None,750479299,USD,-2555000000,0,-2887000000,0,625000000,625000000,1115000000,375000000,395000000,-148000000,2114000000,None,453000000,-454000000,0,0,0,-98000000,312000000,None,None,None,26.97,25.4
15,2016-09-30,USD,1667000000,973000000,229000000,1667000000,694000000,516000000,0,0,694000000,504000000,973000000,None,694000000,1941000000,0,None,None,None,0,0,0,178000000,0,0,516000000,501000000,15000000,USD,143279000000,10000000,None,None,126475000000,16776000000,0,101397000000,2051000000,13180000000,4694000000,2416000000,42229000000,2164000000,107069000000,3494000000,3620000000,755000000,2855000000,35848000000,93426000000,13019000000,33684000000,None,16890000000,1157000000,2178000000,0,2659000000,2051000000,1331000000,13180000000,-3286000000,None,8724000000,None,107431000000,None,16890000000,2516000000,19406000000,None,None,None,2745000000,143279000000,35848000000,None,755582255,USD,115000000,34000000,57000000,44000000,204000000,-750000000,-598000000,-3000000,515000000,-195000000,498000000,-177000000,113000000,-115000000,-241000000,0,0,13000000,102000000,None,None,-195000000,20.46,26.97
16,2016-06-30,USD,1410000000,983000000,236000000,1410000000,427000000,333000000,0,0,427000000,-4000000,983000000,None,427000000,-742000000,0,None,None,None,0,0,0,98000000,0,0,329000000,310000000,23000000,USD,143625000000,10000000,None,None,126871000000,16726000000,0,101979000000,2051000000,12778000000,4682000000,2416000000,42949000000,2359000000,108145000000,3979000000,4087000000,889000000,2900000000,35632000000,93950000000,12969000000,33273000000,None,16231000000,989000000,2187000000,0,2666000000,2051000000,1331000000,12778000000,-3077000000,None,8717000000,None,107993000000,None,16231000000,2495000000,18726000000,None,None,None,2754000000,143625000000,35632000000,None,766345770,USD,-826000000,111000000,-1080000000,-163000000,1311000000,834000000,-329000000,-150000000,329000000,61000000,307000000,-207000000,118000000,-123000000,-25000000,0,0,-44000000,91000000,None,None,61000000,17.59,20.46
17,2016-03-31,USD,1421000000,986000000,254000000,1421000000,435000000,327000000,0,0,435000000,32000000,986000000,None,435000000,119000000,0,None,None,None,0,0,0,108000000,0,0,327000000,312000000,15000000,USD,142430000000,11000000,None,None,126075000000,16323000000,0,102609000000,2051000000,12570000000,4638000000,2416000000,42194000000,2298000000,108143000000,3523000000,3657000000,684000000,2923000000,33967000000,93582000000,12565000000,31669000000,None,15305000000,927000000,2011000000,0,0,2051000000,1331000000,12570000000,-2999000000,None,9531000000,None,108463000000,None,15305000000,2627000000,17932000000,None,None,None,2686000000,142430000000,33967000000,None,770470768,USD,-1065000000,-536000000,-1184000000,-28000000,1405000000,547000000,-501000000,345000000,327000000,-242000000,395000000,321000000,110000000,-117000000,-240000000,0,0,173000000,91000000,None,None,-242000000,16.69,17.59
18,2015-12-31,USD,6136000000,3630000000,223000000,6136000000,0,656000000,0,0,948000000,31000000,576000000,None,3589000000,929000000,495000000,None,None,None,0,0,0,292000000,-141000000,0,1706000000,633000000,None,USD,141082000000,12000000,None,3132000000,125212000000,15839000000,0,103356000000,2051000000,12358000000,4505000000,2416000000,40571000000,2540000000,107027000000,1507000000,3698000000,197000000,2946000000,34255000000,92669000000,12080000000,31715000000,1653000000,15844000000,1044000000,2164000000,0,0,2051000000,1331000000,12358000000,-2764000000,None,8784000000,None,106827000000,None,15844000000,2341000000,18185000000,None,None,None,2666000000,141082000000,34255000000,None,785080314,USD,-1222000000,0,-3931000000,458000000,844000000,962000000,1465000000,-97000000,656000000,-551000000,2418000000,None,441000000,-497000000,0,0,0,69000000,249000000,None,None,None,20.1,16.69
19,2015-09-30,USD,1458000000,943000000,281000000,1458000000,515000000,381000000,0,0,515000000,0,943000000,None,515000000,0,0,None,None,None,0,0,0,134000000,0,0,381000000,366000000,15000000,USD,141918000000,13000000,None,None,126060000000,15826000000,0,101025000000,2051000000,11826000000,4604000000,2416000000,41070000000,2455000000,107919000000,4904000000,None,522000000,2944000000,33248000000,93838000000,12066000000,30793000000,None,15527000000,1142000000,1990000000,0,0,2051000000,1331000000,11826000000,-2563000000,None,9459000000,None,108670000000,None,15527000000,2614000000,18141000000,None,None,None,2659000000,141918000000,33248000000,None,795439309,USD,-990000000,-11000000,-1051000000,8000000,2707000000,154000000,-1798000000,None,380000000,-330000000,567000000,-244000000,112000000,-120000000,-635000000,0,0,330000000,69000000,None,None,-330000000,18.91,20.1
