,fiscalDateEnding,reportedCurrency_x,totalRevenue,totalOperatingExpense,costOfRevenue,grossProfit,ebit,netIncome_x,researchAndDevelopment,effectOfAccountingCharges,incomeBeforeTax,minorityInterest,sellingGeneralAdministrative,otherNonOperatingIncome,operatingIncome,otherOperatingExpense,interestExpense,taxProvision,interestIncome,netInterestIncome,extraordinaryItems,nonRecurring,otherItems,incomeTaxExpense,totalOtherIncomeExpense,discontinuedOperations,netIncomeFromContinuingOperations,netIncomeApplicableToCommonShares,preferredStockAndOtherAdjustments,reportedCurrency_y,totalAssets,intangibleAssets,earningAssets,otherCurrentAssets,totalLiabilities,totalShareholderEquity,deferredLongTermLiabilities,otherCurrentLiabilities,commonStock,retainedEarnings,otherLiabilities,goodwill,otherAssets,cash,totalCurrentLiabilities,shortTermDebt,currentLongTermDebt,otherShareholderEquity,propertyPlantEquipment,totalCurrentAssets,longTermInvestments,netTangibleAssets,shortTermInvestments,netReceivables,longTermDebt,inventory,accountsPayable,totalPermanentEquity,additionalPaidInCapital,commonStockTotalEquity,preferredStockTotalEquity,retainedEarningsTotalEquity,treasuryStock,accumulatedAmortization,otherNonCurrrentAssets,deferredLongTermAssetCharges,totalNonCurrentAssets,capitalLeaseObligations,totalLongTermDebt,otherNonCurrentLiabilities,totalNonCurrentLiabilities,negativeGoodwill,warrants,preferredStockRedeemable,capitalSurplus,liabilitiesAndShareholderEquity,cashAndShortTermInvestments,accumulatedDepreciation,commonStockSharesOutstanding,reportedCurrency,investments,changeInLiabilities,cashflowFromInvestment,otherCashflowFromInvestment,netBorrowings,cashflowFromFinancing,otherCashflowFromFinancing,changeInOperatingActivities,netIncome_y,changeInCash,operatingCashflow,otherOperatingCashflow,depreciation,dividendPayout,stockSaleAndPurchase,changeInInventory,changeInAccountReceivables,changeInNetIncome,capitalExpenditures,changeInReceivables,changeInExchangeRate,changeInCashAndCashEquivalents,clossingVal,nextClossingVal
0,2020-06-30,USD,17265000,14625000,7717000,9548000,3189000,3321000,1849000,None,2915000,None,5059000,None,2640000,None,None,-599000,275000,275000,None,None,None,-599000,None,None,3321000,3321000,None,USD,95915000,None,None,None,8872000,87043000,None,None,2000,-62064000,None,None,80000,2431000,6509000,None,None,1049000,8819000,41183000,45833000,87043000,18530000,13863000,None,2155000,3636000,None,None,None,None,None,None,None,80000,None,54732000,2864000,None,None,2363000,None,None,None,None,None,None,None,None,USD,-2405000,377000,-2405000,None,None,-59000,-87000,-2605000,3321000,-6871000,-4409000,None,549000,None,0,None,-7541000,1548000,411000,None,None,None,16.0,
1,2020-03-31,USD,7753000,9667000,4057000,3696000,-1345000,-1956000,1978000,None,-1673000,None,3632000,None,-1914000,None,None,34000,241000,241000,None,None,None,34000,None,None,-1956000,-1956000,None,USD,89325000,None,None,1531000,7953000,81372000,None,None,2000,-65385000,None,None,160000,9302000,5810000,None,None,-193000,8223000,37025000,43917000,81372000,18028000,6371000,None,1531000,2855000,None,None,None,None,None,None,None,160000,None,52300000,2574000,None,None,2143000,None,None,None,146948000,None,27330000,None,22000000,USD,-3862000,1907000,-3862000,-3066000,None,-164000,-130000,-757000,-1956000,-2663000,1366000,None,569000,None,-46000,None,104000,1465000,796000,None,None,None,10.76,16.0
2,2019-12-31,USD,8387000,8796000,3634000,4753000,149000,-296000,1795000,None,-160000,None,3367000,None,-409000,None,None,-38000,249000,249000,None,None,None,-38000,75000,None,-296000,-296000,None,USD,88756000,None,None,277000,5979000,82777000,None,389000,2000,-63429000,None,None,251000,11965000,3723000,None,None,146000,8607000,37079000,42819000,82777000,16304000,6555000,None,277000,1581000,None,None,None,None,None,None,None,251000,None,51677000,2676000,None,None,2256000,None,None,None,146058000,None,28269000,None,19000000,USD,-36079000,-238000,-36079000,-27864000,None,27639000,-130000,-113000,-296000,-8557000,-116000,None,558000,None,28775000,None,-1427000,1436000,598000,None,None,None,12.9,10.76
3,2019-09-30,USD,10347000,8838000,3885000,6462000,2012000,1462000,1744000,None,1698000,None,3209000,None,1509000,None,None,61000,189000,189000,None,None,None,61000,14000,None,1462000,1462000,None,USD,61145000,None,None,244000,6619000,54526000,None,429000,2000,-63133000,None,None,409000,20522000,4253000,None,None,179000,9135000,39205000,12396000,54526000,11596000,5292000,None,244000,2150000,None,None,None,None,None,None,None,409000,None,21940000,2775000,None,None,2366000,None,None,None,117478000,None,32118000,None,19000000,USD,6344000,33000,6344000,7754000,None,1127000,-130000,367000,1462000,11357000,3903000,None,503000,None,1136000,None,220000,1258000,88000,None,None,None,10.39,12.9
4,2019-06-30,USD,8424000,8129000,3620000,4804000,806000,331000,1574000,None,487000,None,2935000,None,295000,None,None,7000,192000,192000,None,None,None,7000,43000,None,331000,331000,None,USD,56436000,None,None,405000,5294000,51142000,None,None,2000,-64595000,None,None,167000,9165000,2909000,None,None,203000,8693000,34795000,12781000,51142000,17820000,5543000,None,405000,1175000,None,None,None,None,None,None,None,167000,None,21641000,2786000,None,None,2385000,None,None,None,115532000,None,26985000,None,19000000,USD,3211000,-203000,3211000,1322000,None,5000,-130000,11000,331000,3877000,675000,None,511000,None,9000,None,-1046000,1071000,499000,None,None,None,6.68,10.39
5,2019-03-31,USD,5370000,7193000,2968000,2402000,-1288000,-1908000,1424000,None,-1616000,None,2801000,None,-1823000,None,None,13000,207000,207000,None,None,None,13000,-72000,None,-1908000,-1908000,None,USD,55652000,None,None,423000,5691000,49961000,None,None,2000,-64926000,None,None,231000,5288000,3203000,393000,393000,95000,8904000,36301000,10216000,49961000,24139000,4563000,2488000,423000,1456000,None,None,None,None,None,None,None,231000,None,19351000,2881000,None,None,2488000,None,None,None,114790000,None,29427000,None,18000000,USD,-2522000,79000,-2522000,-2388000,None,4000,None,-36000,-1908000,-1448000,1055000,None,535000,None,4000,None,1414000,971000,134000,None,None,None,5.95,6.68
6,2018-12-31,USD,5673000,6702000,2769000,2904000,-1029000,-2053000,1426000,0,-1165000,0,2507000,None,-1029000,0,0,None,None,None,0,0,0,888000,-136000,0,-2053000,-2053000,None,USD,53904000,None,None,1565000,2752000,51152000,None,None,2000,-63018000,14000,None,17000,6736000,2738000,None,None,-35000,6446000,39543000,7898000,51152000,24298000,6238000,None,None,1313000,None,None,None,None,None,None,None,None,None,None,None,None,None,None,None,None,None,114203000,None,31034000,None,18000000,USD,-2413000,277000,-2536000,3272000,None,5000,None,75000,-2053000,-1753000,778000,None,538000,None,15000,None,23000,1918000,123000,None,None,None,3.17,5.95
7,2018-09-30,USD,5625000,6471000,2612000,3013000,-846000,-595000,1438000,0,-913000,0,2421000,None,-846000,0,0,None,None,None,0,0,0,-318000,-67000,0,-595000,-595000,None,USD,54846000,0,None,1582000,2266000,52580000,0,1231000,2000,-60965000,11000,0,947000,8489000,2255000,None,None,-57000,6853000,41050000,5996000,52580000,24114000,6397000,0,0,1024000,0,0,0,0,0,0,None,None,None,None,None,None,None,None,None,None,None,None,None,None,None,18000000,USD,6009000,1169000,4962000,0,None,1000,None,-761000,-595000,4835000,-105000,None,547000,0,0,0,-1003000,538000,1047000,None,None,None,3.93,3.17
8,2018-06-30,USD,5400000,6401000,2544000,2856000,-1001000,-1049000,1212000,0,-1149000,0,2645000,None,-1001000,0,0,None,None,None,0,0,0,-100000,-148000,0,-1049000,-1049000,None,USD,55548000,0,None,1720000,2987000,52561000,0,1184000,2000,-60370000,9000,0,612000,3654000,2978000,None,None,-82000,7325000,38195000,9416000,52561000,26949000,5304000,0,0,1794000,0,0,0,0,0,0,None,None,None,None,None,None,None,None,None,None,None,None,None,None,None,18000000,USD,-981000,-1562000,-1527000,0,None,7000,None,1277000,-1049000,-1620000,-57000,None,562000,0,0,0,-277000,992000,546000,None,None,None,4.14,3.93
9,2018-03-31,USD,4653000,6847000,2772000,1881000,-2194000,-1910000,1458000,0,-2344000,0,2617000,None,-2194000,0,0,None,None,None,0,0,0,-434000,-150000,0,-1910000,-1910000,None,USD,55440000,0,None,1711000,2415000,53025000,0,1062000,2000,-59321000,6000,0,535000,5274000,2409000,None,None,-87000,6853000,36075000,11977000,53025000,23211000,5244000,0,0,1347000,0,0,0,0,0,0,None,None,None,None,None,None,None,None,None,None,None,None,None,None,None,18000000,USD,1167000,218000,51000,0,None,2000,None,33000,-1910000,-1216000,-1291000,None,516000,0,0,0,-713000,565000,1116000,None,None,None,4.0,4.14
10,2017-12-31,USD,4281000,20721000,2072000,7944000,-2520000,-1417000,1324000,0,-3525000,0,3806000,None,-2001000,0,0,None,None,None,0,0,0,-600000,-43000,0,-1699000,-1699000,None,USD,57184000,0,None,2168000,3006000,54178000,0,911000,2000,-57664000,6000,0,16985000,6490000,3000000,None,None,-44000,7272000,32927000,16820000,54178000,19994000,4275000,0,0,2089000,0,0,0,0,0,0,None,None,None,None,None,None,None,None,None,None,None,None,None,None,None,18000000,USD,3307000,735000,-2049000,0,None,-770000,-801000,-441000,-2510000,-1407000,1331000,None,1728000,0,0,0,214000,2827000,2895000,None,None,None,4.38,4.0
11,2017-09-30,USD,4503000,6875000,1830000,-526000,-374000,-1068000,1128000,0,338000,0,3716000,None,-1331000,0,0,None,None,None,0,0,0,-305000,0,0,-322000,-322000,None,USD,58670000,0,None,2123000,3399000,55271000,0,781000,2000,-56040000,5000,0,20142000,9478000,3151000,None,None,10000,6490000,32038000,17860000,55271000,16570000,3867000,0,0,2370000,0,0,0,0,0,0,None,None,None,None,None,None,None,None,None,None,None,None,None,None,None,18000000,USD,130000,997000,-286000,0,None,-774000,None,-816000,-886000,-1995000,2572000,None,0,0,0,0,759000,822000,1754000,None,None,None,4.79,4.38
12,2017-06-30,USD,4640000,-10471000,1474000,-686000,-807000,-257000,920000,0,-676000,0,2911000,None,-369000,0,0,None,None,None,0,0,0,-216000,0,0,-721000,-721000,None,USD,58805000,0,None,1473000,3072000,55733000,0,1007000,2000,-54947000,2000,0,17341000,11473000,2827000,None,None,-68000,6737000,34727000,17243000,55733000,17400000,4381000,0,0,1820000,0,0,0,0,0,0,None,None,None,None,None,None,None,None,None,None,None,None,None,None,None,18000000,USD,5579000,523000,2282000,0,None,-778000,-801000,286000,207000,4739000,2072000,None,0,0,0,0,178000,694000,1517000,None,None,None,6.39,4.79
13,2017-03-31,USD,5306000,5087000,1447000,3447000,219000,232000,851000,0,338000,0,3228000,None,219000,0,0,None,None,None,0,0,0,106000,0,0,232000,232000,None,USD,58820000,0,None,956000,3524000,55296000,0,745000,2000,-54922000,243000,0,19756000,6734000,3281000,None,None,-85000,5894000,33170000,19643000,55296000,20633000,4824000,0,0,2306000,0,0,0,0,0,0,None,None,None,None,None,None,None,None,None,None,None,None,None,None,None,18000000,USD,-1780000,-433000,-1870000,0,None,0,-801000,-33000,232000,-1163000,707000,None,0,0,0,0,237000,165000,90000,None,None,None,10.92,6.39
14,2016-12-31,USD,5854000,17358000,1444000,3990000,918000,813000,819000,0,1316000,0,2732000,None,1258000,0,0,None,None,None,0,0,0,503000,-5386000,41000,-5388000,813000,None,USD,58040000,0,None,697000,3561000,54479000,0,436000,2000,-55154000,2000,0,25668000,7897000,3316000,None,None,-103000,6234000,26138000,25597000,54479000,12971000,4573000,0,0,2756000,0,0,0,0,0,0,None,None,None,None,None,None,None,None,None,None,None,None,None,None,None,14000000,USD,-39017000,722000,-42795000,0,None,45789000,-5139000,-753000,813000,7399000,4405000,None,1170000,-5845000,36790000,0,-2322000,10439000,3788000,None,None,None,11.57,10.92
15,2016-09-30,USD,5011000,0,1840000,7564000,0,-6160000,1522000,0,-5784000,0,3563000,None,-1310000,0,0,None,None,None,0,0,0,417000,0,0,0,0,None,USD,22758000,0,None,4883000,5513000,17245000,0,1724000,1000,-55967000,None,0,86000,8205000,5010000,None,None,None,5178000,17494000,None,None,0,None,0,0,3286000,0,0,0,0,0,0,None,None,None,None,None,None,None,None,None,None,None,None,None,None,None,13000000,USD,None,1313000,-3379000,0,None,7935000,None,None,-6160000,None,3151000,None,0,0,0,0,2261000,None,3379000,None,None,None,9.22,11.57
16,2016-06-30,USD,3971000,0,1163000,0,0,0,656000,0,0,0,1590000,None,970000,0,0,None,None,None,0,0,0,0,0,0,0,0,None,USD,26778000,None,None,2948000,5075000,21703000,None,442000,10494000,None,None,None,None,16060000,5075000,None,None,None,4977000,None,None,None,None,None,None,None,4633000,None,None,None,66069000,None,None,None,None,None,None,None,None,None,None,None,None,None,None,None,None,None,12000000,USD,None,811000,None,None,None,13772000,None,None,None,None,2353000,None,None,None,None,None,None,None,563000,None,None,None,nan,9.22
17,2016-03-31,USD,3440000,0,1105000,0,0,0,561000,0,0,0,2751000,None,0,0,0,None,None,None,0,0,0,0,0,0,0,0,None,USD,None,None,None,None,None,None,None,None,None,None,None,None,None,None,None,None,None,None,None,None,None,None,None,None,None,None,None,None,None,None,None,None,None,None,None,None,None,None,None,None,None,None,None,None,None,None,None,None,12000000,USD,None,None,None,None,None,None,None,None,None,None,None,None,None,None,None,None,None,None,0,None,None,None,nan,nan
18,2015-12-31,USD,2901000,14588000,2536000,4507000,-5012000,-8672000,3650000,0,-6165000,0,7519000,None,-6192000,0,0,None,None,None,0,0,0,0,27000,-3329000,-4985000,-9494000,None,USD,5832000,None,None,323000,686000,5146000,None,372000,12316000,-53160000,None,None,433000,489000,686000,None,None,None,2469000,2930000,None,5146000,None,2118000,None,None,314000,None,None,None,45990000,None,None,None,None,None,None,None,None,None,None,None,None,None,None,None,None,None,None,USD,-39017000,194000,-2205000,-175000,None,3500000,3500000,-101000,-8314000,326000,-969000,None,575000,-4592000,36790000,None,-1779000,8518000,2100000,None,None,None,nan,nan
19,2015-09-30,USD,2905000,0,747000,0,0,358000,312000,0,1180000,0,807000,None,1180000,0,0,None,None,None,0,0,0,0,0,0,0,1180000,None,USD,None,None,None,None,None,None,None,None,None,None,None,None,None,None,None,None,None,None,None,None,None,None,None,None,None,None,None,None,None,None,None,None,None,None,None,None,None,None,None,None,None,None,None,None,None,None,None,None,None,USD,None,None,None,None,None,None,None,None,358000,None,None,None,None,None,None,None,None,None,0,None,None,None,nan,nan
