,fiscalDateEnding,reportedCurrency_x,totalRevenue,totalOperatingExpense,costOfRevenue,grossProfit,ebit,netIncome_x,researchAndDevelopment,effectOfAccountingCharges,incomeBeforeTax,minorityInterest,sellingGeneralAdministrative,otherNonOperatingIncome,operatingIncome,otherOperatingExpense,interestExpense,taxProvision,interestIncome,netInterestIncome,extraordinaryItems,nonRecurring,otherItems,incomeTaxExpense,totalOtherIncomeExpense,discontinuedOperations,netIncomeFromContinuingOperations,netIncomeApplicableToCommonShares,preferredStockAndOtherAdjustments,reportedCurrency_y,totalAssets,intangibleAssets,earningAssets,otherCurrentAssets,totalLiabilities,totalShareholderEquity,deferredLongTermLiabilities,otherCurrentLiabilities,commonStock,retainedEarnings,otherLiabilities,goodwill,otherAssets,cash,totalCurrentLiabilities,shortTermDebt,currentLongTermDebt,otherShareholderEquity,propertyPlantEquipment,totalCurrentAssets,longTermInvestments,netTangibleAssets,shortTermInvestments,netReceivables,longTermDebt,inventory,accountsPayable,totalPermanentEquity,additionalPaidInCapital,commonStockTotalEquity,preferredStockTotalEquity,retainedEarningsTotalEquity,treasuryStock,accumulatedAmortization,otherNonCurrrentAssets,deferredLongTermAssetCharges,totalNonCurrentAssets,capitalLeaseObligations,totalLongTermDebt,otherNonCurrentLiabilities,totalNonCurrentLiabilities,negativeGoodwill,warrants,preferredStockRedeemable,capitalSurplus,liabilitiesAndShareholderEquity,cashAndShortTermInvestments,accumulatedDepreciation,commonStockSharesOutstanding,reportedCurrency,investments,changeInLiabilities,cashflowFromInvestment,otherCashflowFromInvestment,netBorrowings,cashflowFromFinancing,otherCashflowFromFinancing,changeInOperatingActivities,netIncome_y,changeInCash,operatingCashflow,otherOperatingCashflow,depreciation,dividendPayout,stockSaleAndPurchase,changeInInventory,changeInAccountReceivables,changeInNetIncome,capitalExpenditures,changeInReceivables,changeInExchangeRate,changeInCashAndCashEquivalents,clossingVal,nextClossingVal
0,2020-06-30,USD,482015000,152390000,229815000,252200000,88856000,61257000,56012000,None,81894000,None,88676000,-10954000,99810000,None,6962000,20637000,127000,-6835000,None,7702000,None,-20637000,-18783000,None,102531000,61257000,None,USD,3157297000,222123000,None,447387000,1406596000,1750701000,40405000,65040000,10778000,1925732000,144297000,1340989000,121798000,332958000,583167000,203465000,203465000,-185809000,255770000,1186276000,None,187589000,None,304981000,643265000,433908000,314662000,None,None,10778000,None,1925732000,None,None,110746000,None,41393000,None,643265000,139759000,823429000,None,None,None,None,3157297000,None,None,None,USD,-14221000,-20411000,-14221000,304000,-3114000,-28734000,-9192000,-19188000,61257000,20194000,63149000,7284000,23525000,-22278000,5850000,-32311000,-855000,24660000,14525000,-855000,None,34151000,40.57,
1,2020-03-31,USD,450923000,190873000,231555000,219368000,30159000,15424000,53847000,None,23198000,None,116242000,1664000,28495000,None,6961000,7774000,349000,-6612000,None,20784000,None,-7774000,-19469000,None,30972000,15424000,None,USD,3122237000,231953000,None,431010000,1417657000,1704580000,39961000,69697000,1304000,1886753000,154525000,1328828000,147013000,308615000,589334000,202923000,202923000,-183477000,251421000,1130534000,None,143799000,None,301998000,636273000,397526000,316714000,None,None,1304000,None,1886753000,None,None,140043000,None,39458000,None,636273000,152089000,828323000,None,None,None,None,3122237000,308615000,None,135000000,USD,-12717000,6241000,-12717000,None,171979000,-169000,-879000,8759000,15424000,37980000,50866000,-9000,24225000,-22728000,-148541000,-14453000,12118000,7320000,12717000,12118000,-13957000,24023000,31.89,40.57
2,2019-12-31,USD,489044000,178584000,256407000,232637000,49251000,1684000,53138000,None,41910000,None,115347000,-4802000,54053000,None,7341000,40226000,544000,-6797000,None,10099000,None,-40226000,-15445000,None,82136000,1684000,None,USD,3137541000,247514000,None,116728000,1266108000,1871433000,53544000,55936000,16692000,2020686000,176143000,1364596000,105413000,284592000,413055000,28444000,28444000,-165945000,255905000,1108734000,19900000,259323000,None,318652000,648419000,388762000,328675000,None,None,16692000,None,2020686000,None,None,120809000,None,39983000,None,648419000,151090000,853053000,None,None,None,None,3137541000,284592000,None,137000000,USD,-18790000,-16036000,-18790000,-6030000,-74590000,-91325000,-1533000,-22635000,1684000,-16568000,93547000,-12162000,27095000,-22842000,7640000,5855000,13912000,73199000,12760000,13912000,5769000,-10799000,52.07,31.89
3,2019-09-30,USD,471248000,155199000,241661000,229587000,74708000,62047000,50050000,None,67126000,None,105149000,320000,74388000,None,7582000,5079000,612000,-6970000,None,None,None,-5079000,-292000,None,72205000,62047000,None,USD,3197880000,262095000,None,390083000,1328230000,1869650000,50700000,65447000,1341000,2041844000,175016000,1354795000,173519000,295391000,470388000,99604000,99604000,-173535000,253338000,1117182000,None,252760000,None,329552000,644880000,397547000,305337000,None,None,1341000,None,2041844000,None,None,109259000,None,101211000,None,644880000,162262000,857842000,None,None,None,None,3197880000,295391000,None,136000000,USD,-10332000,16618000,-10332000,3921000,-15539000,-110016000,-115000,30029000,62047000,33176000,153524000,19392000,27122000,-22788000,-71574000,-6611000,24588000,10368000,14253000,24588000,-6670000,26506000,52.59,52.07
4,2019-06-30,USD,481998000,169883000,248378000,233620000,65395000,46118000,53021000,None,58123000,None,116862000,1658000,63737000,None,7272000,12005000,438000,-6834000,None,None,None,-12005000,1220000,None,70128000,46118000,None,USD,3244686000,273225000,None,378988000,1332795000,1911891000,46940000,65757000,1356000,2063985000,187841000,1352198000,203330000,268885000,457969000,112493000,112493000,-153450000,251684000,1130722000,None,286468000,None,356991000,654858000,394743000,279719000,None,None,1356000,None,2063985000,None,None,138527000,None,98330000,None,654858000,173028000,874826000,None,None,None,None,3244686000,268885000,None,137000000,USD,-31541000,-6475000,-31541000,-22900000,-3095000,-52933000,-9436000,-20611000,46118000,-16684000,67790000,-13478000,32253000,-23033000,-17369000,-6132000,6643000,8861000,8641000,6643000,1206000,-15478000,54.1,52.59
5,2019-03-31,USD,444736000,152577000,211077000,233659000,80273000,61748000,47998000,None,74757000,None,104579000,-809000,81082000,None,5516000,13009000,-4168000,-4459000,None,None,None,-13009000,-1866000,None,87766000,61748000,None,USD,3206309000,140551000,None,385437000,1303614000,1902695000,19806000,52515000,1354000,2058680000,160324000,903461000,175872000,284363000,459648000,112451000,112451000,-157339000,253678000,1127446000,575079000,858683000,None,356693000,656891000,385316000,294682000,None,None,1354000,None,2058680000,None,None,108389000,None,97705000,None,656891000,167269000,843966000,None,None,None,None,3206309000,284363000,None,137000000,USD,-590723000,7757000,-590723000,-581583000,348054000,308314000,-1432000,-6406000,61748000,-226898000,55511000,5603000,16662000,-23031000,-15277000,-17472000,-25771000,6984000,9140000,-25771000,-883000,-227781000,47.58,54.1
6,2018-12-31,USD,448463000,141883000,220684000,227779000,88178000,98516000,43294000,0,84117000,0,103913000,2282000,85896000,0,4061000,None,None,None,0,-5324000,0,14399000,-13512000,0,69718000,98516000,None,USD,2781242000,146845000,None,104650000,904456000,1876786000,22927000,48889000,1355000,2024523000,166494000,904571000,172672000,512144000,316014000,None,None,-149092000,247407000,1292647000,17100000,825370000,None,323746000,421948000,352107000,267125000,None,None,1355000,None,2024523000,None,None,89152000,None,100620000,None,421948000,143567000,588442000,None,None,None,None,2781242000,512144000,None,140000000,USD,-15500000,-33837000,-11689000,-1581000,348054000,-162045000,-1564000,6187000,98516000,-75420000,98314000,2840000,17099000,-21672000,-138809000,22475000,-34209000,25430000,10108000,-34209000,-5771000,-81191000,43.54,47.58
7,2018-09-30,USD,434898000,133522000,212824000,222074000,89460000,73151000,41997000,0,85418000,0,91525000,908000,88552000,0,4042000,None,None,None,0,0,0,-12267000,-3134000,0,97685000,73151000,None,USD,2856885000,151778000,None,687095000,915662000,1941223000,14696000,45598000,25740000,2055139000,172087000,911260000,189066000,557635000,321943000,None,None,-139656000,250050000,1354731000,None,878185000,0,291094000,421632000,376542000,276345000,0,0,25740000,0,2055139000,0,None,94626000,None,94440000,None,421632000,157391000,593719000,None,None,None,None,2856885000,None,None,140000000,USD,-15500000,2223000,-21201000,-13971000,348054000,-17378000,-2551000,9323000,73151000,83920000,122499000,-3532000,16308000,-22121000,7294000,8590000,13643000,12116000,7230000,13643000,1473000,85393000,61.47,43.54
8,2018-06-30,USD,452707000,143885000,220156000,232551000,86945000,71563000,46429000,0,82953000,0,97456000,-1721000,88666000,0,3992000,None,None,None,0,0,0,-11390000,-5713000,0,94343000,71563000,None,USD,2705075000,154958000,None,597327000,909909000,1795166000,15294000,37892000,10388000,1929742000,172503000,903849000,101156000,472642000,316090000,421316000,421316000,-144964000,252478000,1285834000,None,736359000,0,304265000,421316000,384242000,278198000,0,0,10388000,0,1929742000,0,None,85382000,None,22574000,None,421316000,157209000,593819000,None,None,None,None,2705075000,None,None,140000000,USD,-15500000,-413000,-13461000,-7125000,348054000,-25554000,-11848000,2833000,71563000,71153000,110168000,-926000,16609000,-22098000,8392000,-4880000,21279000,6936000,6336000,21279000,-15349000,55804000,51.97,61.47
9,2018-03-31,USD,439618000,162422000,221704000,217914000,58667000,39195000,44561000,0,54615000,0,107683000,3175000,55492000,0,4052000,None,None,None,0,10178000,0,-15420000,-11055000,0,70035000,39195000,None,USD,2704000000,163429000,None,553509000,917782000,1786218000,15732000,40616000,5364000,1880277000,156337000,918292000,1174593000,452138000,324713000,421000000,421000000,-99423000,260200000,1269207000,None,704497000,0,329792000,421000000,385906000,284097000,0,0,5364000,0,1880277000,0,None,76948000,None,15924000,None,421000000,156337000,593069000,None,None,None,None,2704000000,None,None,141000000,USD,-9500000,-36712000,2251000,9350000,None,-113967000,-276000,1410000,39195000,-68540000,43176000,854000,16446000,-22232000,-91459000,-8760000,28344000,3809000,7099000,28344000,1588000,-66952000,50.01,51.97
10,2017-12-31,USD,494784000,160673000,256952000,237832000,79488000,-50290000,42833000,0,75428000,0,93627000,2329000,77159000,0,4060000,None,None,None,0,24213000,0,-125718000,-35109000,0,201146000,-50290000,None,USD,2810026000,168130000,None,149259000,975468000,1834558000,12496000,80313000,91162000,1856756000,147355000,909811000,1158811000,519090000,394933000,420684000,420684000,-113360000,263996000,1387219000,3100000,756617000,0,346687000,420684000,372183000,314620000,0,0,91162000,0,1856756000,0,None,59869000,None,21001000,None,420684000,147355000,580535000,None,None,None,None,2810026000,519090000,None,140000000,USD,None,102166000,-9448000,800000,-97500000,-8049000,-1230000,24730000,-50290000,81419000,98916000,-2284000,17584000,-20829000,14010000,-2372000,-7758000,54917000,10248000,-20805000,710000,82129000,46.62,50.01
11,2017-09-30,USD,464712000,135805000,241821000,222891000,88352000,63529000,42873000,0,84533000,0,92932000,1266000,87086000,0,3819000,None,None,None,0,145278000,0,-21004000,0,0,105537000,63529000,None,USD,2766275000,183677000,None,86570000,876757000,1889518000,14569000,43603000,72117000,1927875000,73881000,930846000,1214174000,436961000,367938000,420369000,420369000,-110474000,270023000,1282078000,None,774995000,0,345542000,420369000,413005000,324335000,0,0,72117000,0,1927875000,0,None,48472000,None,51179000,None,420369000,73881000,508819000,None,None,None,None,2766275000,436961000,None,139000000,USD,-9500000,35045000,-8207000,1000,-86250000,-70309000,-492000,15545000,63529000,25566000,104082000,3314000,18418000,-20763000,37196000,-3654000,13047000,-1092000,8208000,-11478000,7804000,33370000,38.91,46.62
12,2017-06-30,USD,434124000,140102000,227392000,206732000,68012000,51413000,43046000,0,63540000,0,97056000,1382000,66630000,0,4472000,None,None,None,0,-96852000,0,-12127000,0,0,75667000,51413000,None,USD,2703504000,190058000,None,83175000,922873000,1780631000,14020000,42835000,25492000,1885109000,67926000,920364000,1207010000,403591000,349624000,15000000,506303000,-129970000,272391000,1224103000,None,670209000,0,332009000,491303000,405328000,291789000,0,0,25492000,0,1885109000,0,None,47767000,None,48821000,None,491303000,67926000,573249000,None,None,None,None,2703504000,403591000,None,138000000,USD,-9500000,-2612000,-7174000,2858000,-3750000,-25456000,-7182000,17210000,51413000,-2503000,30127000,5018000,17977000,-20557000,6033000,-14146000,24525000,-7203000,10032000,-20320000,8658000,6155000,34.66,38.91
13,2017-03-31,USD,406814000,132235000,215493000,191321000,60017000,42571000,41983000,0,55564000,0,90252000,931000,59086000,0,4453000,None,None,None,0,24213000,0,-12993000,0,0,68557000,42571000,None,USD,2630395000,193099000,None,83926000,910826000,1719569000,2479000,44167000,17879000,1854253000,72435000,896436000,1181378000,397436000,341175000,15000000,15000000,-152563000,272857000,1176160000,None,630034000,0,308740000,494737000,386058000,282008000,0,0,17879000,0,1854253000,0,None,46522000,None,45321000,None,494737000,72435000,569651000,None,None,None,None,2630395000,397436000,None,138000000,USD,None,-26423000,-13594000,27000,-7500000,-28798000,-1844000,7196000,42571000,32735000,75127000,7196000,17031000,-20456000,1002000,-12789000,44845000,2696000,13621000,44845000,3352000,36087000,36.28,34.66
14,2016-12-31,USD,474738000,122453000,260005000,214733000,89804000,61500000,41517000,0,85276000,0,79505000,-2476000,92280000,0,4528000,None,None,None,0,1431000,0,-23776000,-21192000,0,109052000,61500000,None,USD,2619706000,168460000,None,79917000,952507000,1678326000,2331000,51079000,12139000,1832138000,75416000,801406000,1183264000,361349000,361712000,15000000,15000000,-165951000,271785000,1164657000,3200000,697333000,0,352020000,501921000,371371000,295633000,0,0,12139000,0,1832138000,0,None,168155000,None,45243000,None,501921000,86543000,590795000,None,None,None,None,2619706000,361349000,None,138000000,USD,None,11540000,-384671000,-376413000,-266000,-12125000,-122000,-26021000,61500000,-299743000,97053000,3534000,15656000,-16356000,4619000,30959000,-10704000,4519000,8258000,-30655000,-16596000,-316339000,36.19,36.28
15,2016-09-30,USD,405228000,110527000,213852000,191376000,80944000,58633000,32664000,0,75208000,0,77863000,95000,80849000,0,5736000,None,None,None,0,8586000,0,-16575000,0,0,91783000,58633000,None,USD,2587894000,135878000,None,88625000,934488000,1653406000,3711000,44687000,1361000,1786994000,118523000,626243000,864605000,677688000,310648000,15000000,15000000,-134949000,267149000,1456140000,None,891285000,0,309602000,501606000,380225000,250961000,0,0,1361000,0,1786994000,0,None,47290000,55194000,1131754000,None,501606000,118523000,623840000,None,None,None,None,2587894000,677688000,None,138000000,USD,None,41758000,-4695000,-40334000,269891000,-307827000,1605000,-11743000,58633000,-223916000,88606000,-11743000,14079000,-43023000,-60289000,5216000,19951000,11423000,6806000,-30760000,-1575000,-225491000,31.42,36.19
16,2016-06-30,USD,402729000,118110000,219407000,183322000,64213000,45368000,36945000,0,59853000,0,81165000,-999000,65212000,0,4360000,None,None,None,0,-5724000,0,-14485000,0,0,74338000,45368000,None,USD,2794951000,133364000,None,87927000,1147407000,1647544000,3893000,35179000,1373000,1773688000,116118000,592946000,865403000,903179000,522356000,264924000,264924000,-127517000,271726000,1657822000,None,921234000,0,279323000,505040000,387393000,222253000,0,0,1373000,0,1773688000,0,None,83515000,55578000,1137129000,None,505040000,116118000,625051000,None,None,None,None,2794951000,903179000,None,139000000,USD,None,-32176000,-53329000,0,-108750000,373783000,-1034000,-2030000,45368000,402198000,81744000,-2030000,13839000,9966000,-2410000,17085000,50711000,17792000,10884000,21866000,-9632000,392566000,30.95,31.42
17,2016-03-31,USD,379472000,120313000,201782000,177690000,59067000,1125000,36411000,0,55620000,0,83902000,1690000,57377000,0,3447000,None,None,None,0,1431000,0,-54495000,0,0,110115000,1125000,None,USD,2413209000,138639000,None,82217000,745180000,1668029000,3787000,39398000,12577000,1757885000,116244000,601247000,847831000,510613000,535149000,264809000,264809000,-102433000,275148000,1290230000,None,928143000,0,298530000,90000000,398870000,230942000,0,0,12577000,0,1757885000,0,None,52068000,55877000,1122979000,None,90000000,116244000,210031000,None,None,None,None,2413209000,510613000,None,139000000,USD,None,-393000,-5117000,4875000,-3750000,-15224000,1044000,-8217000,1125000,24536000,44877000,-8217000,13939000,-16507000,3989000,-2090000,28845000,11668000,9992000,28845000,13292000,37828000,32.95,30.95
18,2015-12-31,USD,437647000,113813000,230337000,207310000,108179000,70204000,31994000,0,104782000,0,81553000,14682000,93497000,0,3397000,None,None,None,0,266000,0,-34578000,-1679000,0,139360000,70204000,None,USD,2406400000,141302000,None,95539000,756885000,1649515000,3623000,37920000,1374000,1773267000,74167000,596316000,846257000,472785000,585345000,264694000,264694000,-125126000,272629000,1287514000,5200000,911897000,0,326098000,93750000,393092000,282731000,0,0,1374000,0,1773267000,0,None,53210000,55429000,1118886000,None,93750000,74167000,171540000,None,None,None,None,2406400000,472785000,None,141000000,USD,None,4258000,-84729000,-66611000,-3750000,-41108000,4013000,-9491000,70204000,-47502000,78335000,-2484000,13069000,-15206000,-26165000,-2285000,28258000,10610000,18118000,-15037000,-5089000,-52591000,28.07,32.95
19,2015-09-30,USD,381928000,104757000,201189000,180739000,74846000,73072000,31050000,0,71176000,0,73380000,-1136000,75982000,0,3670000,None,None,None,0,327000,0,1896000,0,0,69280000,73072000,None,USD,2354803000,118418000,None,90957000,729945000,1624858000,1012000,32432000,1381000,1740033000,67970000,541971000,738879000,525376000,313883000,15000000,None,-116556000,269724000,1346200000,None,964469000,0,342754000,347080000,387113000,266451000,0,0,1381000,0,1740033000,0,None,57969000,20521000,1008603000,None,347080000,67970000,416062000,None,None,None,None,2354803000,525376000,None,141000000,USD,None,4242000,-19363000,0,-3750000,-79399000,173000,None,73072000,-25142000,73620000,-2090000,11854000,-15419000,-60403000,-28459000,43295000,-5700000,19363000,20701000,-9672000,-34814000,27.99,28.07
