,fiscalDateEnding,reportedCurrency_x,totalRevenue,totalOperatingExpense,costOfRevenue,grossProfit,ebit,netIncome_x,researchAndDevelopment,effectOfAccountingCharges,incomeBeforeTax,minorityInterest,sellingGeneralAdministrative,otherNonOperatingIncome,operatingIncome,otherOperatingExpense,interestExpense,taxProvision,interestIncome,netInterestIncome,extraordinaryItems,nonRecurring,otherItems,incomeTaxExpense,totalOtherIncomeExpense,discontinuedOperations,netIncomeFromContinuingOperations,netIncomeApplicableToCommonShares,preferredStockAndOtherAdjustments,reportedCurrency_y,totalAssets,intangibleAssets,earningAssets,otherCurrentAssets,totalLiabilities,totalShareholderEquity,deferredLongTermLiabilities,otherCurrentLiabilities,commonStock,retainedEarnings,otherLiabilities,goodwill,otherAssets,cash,totalCurrentLiabilities,shortTermDebt,currentLongTermDebt,otherShareholderEquity,propertyPlantEquipment,totalCurrentAssets,longTermInvestments,netTangibleAssets,shortTermInvestments,netReceivables,longTermDebt,inventory,accountsPayable,totalPermanentEquity,additionalPaidInCapital,commonStockTotalEquity,preferredStockTotalEquity,retainedEarningsTotalEquity,treasuryStock,accumulatedAmortization,otherNonCurrrentAssets,deferredLongTermAssetCharges,totalNonCurrentAssets,capitalLeaseObligations,totalLongTermDebt,otherNonCurrentLiabilities,totalNonCurrentLiabilities,negativeGoodwill,warrants,preferredStockRedeemable,capitalSurplus,liabilitiesAndShareholderEquity,cashAndShortTermInvestments,accumulatedDepreciation,commonStockSharesOutstanding,reportedCurrency,investments,changeInLiabilities,cashflowFromInvestment,otherCashflowFromInvestment,netBorrowings,cashflowFromFinancing,otherCashflowFromFinancing,changeInOperatingActivities,netIncome_y,changeInCash,operatingCashflow,otherOperatingCashflow,depreciation,dividendPayout,stockSaleAndPurchase,changeInInventory,changeInAccountReceivables,changeInNetIncome,capitalExpenditures,changeInReceivables,changeInExchangeRate,changeInCashAndCashEquivalents,clossingVal,nextClossingVal
0,2020-06-30,USD,15451000,37237000,5481000,9970000,-27369000,-32619000,12507000,None,-32371000,None,24730000,-102000,-27267000,None,5002000,248000,95000,-4907000,None,None,None,248000,-197000,None,-32619000,-32619000,None,USD,271776000,None,None,5043000,255261000,16515000,None,6422000,49000,-738020000,295000,None,None,183099000,37357000,7639000,7639000,3000,17795000,246567000,None,16515000,17509000,21524000,210819000,19392000,23296000,None,None,49000,None,-738020000,None,None,7414000,None,25209000,8212000,210819000,7085000,217904000,None,None,None,754483000,271776000,200608000,None,49270392,USD,-4290000,-4905000,-6584000,None,None,98074000,-107000,-4962000,-32619000,71080000,-20410000,829000,2875000,None,98074000,599000,8838000,3973000,2294000,8838000,None,71080000,13.15,
1,2020-03-31,USD,20127000,50433000,2276000,17851000,-32081000,-36802000,21134000,None,-36802000,None,29299000,501000,-32582000,None,4721000,None,427000,-4294000,None,None,None,None,74000,None,-36802000,-36802000,None,USD,204582000,None,None,5812000,256888000,-52306000,None,1381000,39000,-705401000,295000,None,None,112019000,35696000,2222000,2222000,6000,15364000,181396000,None,-52306000,13212000,30362000,213735000,19991000,32093000,None,None,39000,None,-705401000,None,None,7822000,None,23186000,8543000,213735000,7457000,221192000,None,None,None,653050000,204582000,125231000,None,38562422,USD,41198000,-2010000,37954000,41198000,20000000,20009000,20000000,167000,-36802000,29766000,-28197000,-457000,2401000,None,9000,-3101000,6753000,5019000,3244000,6753000,None,29766000,7.87,13.15
2,2019-12-31,USD,23654000,49320000,3928000,19726000,-28987000,-33516000,17072000,None,-33516000,None,32248000,607000,-29594000,None,4529000,None,649000,-3880000,None,None,None,None,-43000,None,-33516000,-33516000,None,USD,217560000,None,None,5371000,237668000,-20108000,None,1351000,38000,-668599000,251000,None,None,82253000,36219000,None,None,62000,13662000,195675000,None,-20108000,54407000,37115000,193589000,16529000,34868000,None,None,38000,None,-668599000,None,None,8223000,None,21885000,8960000,193589000,7860000,201449000,None,None,None,648391000,217560000,136660000,None,38361476,USD,33704000,-2429000,30928000,118658000,20000000,2498000,-107000,-5034000,-33516000,-5516000,-38942000,61000,2353000,None,2498000,-1523000,-7799000,3911000,2776000,-7799000,None,-5516000,20.7,7.87
3,2019-09-30,USD,21786000,53074000,2872000,18914000,-33580000,-38232000,20938000,None,-38232000,None,32136000,580000,-34160000,None,4652000,None,721000,-3931000,None,None,None,None,-141000,None,-38232000,-38232000,None,USD,244353000,None,None,5235000,237180000,7173000,None,1283000,38000,-635083000,251000,None,None,87769000,37790000,None,None,131000,10651000,225084000,None,7173000,87991000,29316000,191274000,14773000,36507000,None,None,38000,None,-635083000,None,None,8618000,None,19269000,9148000,191274000,8116000,199390000,None,None,None,642087000,244353000,175760000,None,38152405,USD,43091000,8941000,43041000,84954000,30472000,30480000,-161000,7926000,-38232000,42068000,-31453000,-932000,2300000,None,8000,-1639000,-6727000,4836000,50000,-6727000,None,42068000,13.705,20.7
4,2019-06-30,USD,16953000,49228000,1398000,15555000,-32538000,-36487000,16125000,None,-36487000,None,33103000,1135000,-33673000,None,3949000,None,831000,-3118000,None,None,None,None,304000,None,-36487000,-36487000,None,USD,232480000,None,None,4213000,191009000,41471000,None,1247000,38000,-596851000,251000,None,None,45701000,27070000,None,None,230000,9753000,211184000,5050000,41471000,125811000,22589000,158002000,12870000,25823000,None,None,38000,None,-596851000,None,None,6493000,None,21296000,6933000,158002000,5937000,163939000,None,None,None,638054000,232480000,171512000,None,38106641,USD,-392000,-801000,-392000,41863000,-2500000,-1460000,-161000,-734000,-36487000,-42234000,-40382000,408000,1926000,None,1040000,-2186000,-7459000,4217000,1068000,-7459000,None,-42234000,12.3,13.705
5,2019-03-31,USD,10564000,47646000,1762000,8802000,-37602000,-41538000,15424000,None,-41538000,None,32222000,1242000,-38844000,None,3936000,None,-2925000,-2925000,None,None,None,None,231000,None,-41538000,-41538000,None,USD,264619000,None,None,4656000,192043000,72576000,None,1142000,38000,-560364000,251000,None,None,87935000,39214000,11280000,11280000,105000,10329000,247958000,None,72576000,129913000,15130000,146939000,10324000,26792000,None,None,38000,None,-560364000,None,None,6332000,None,16661000,6781000,146939000,5890000,152829000,None,None,None,632797000,264619000,217848000,None,37992631,USD,42255000,1317000,41187000,42255000,-2500000,-2500000,-161000,2267000,-41538000,706000,-37981000,865000,1857000,None,None,-2326000,-2009000,3853000,1068000,-2009000,None,706000,12.48,12.3
6,2018-12-31,USD,9543000,45428000,2073000,7470000,-36638000,-40575000,14856000,0,-40575000,0,30572000,1320000,-37958000,0,3937000,None,None,None,0,0,0,0,-2618000,0,-40575000,-40575000,None,USD,295752000,None,None,5500000,185673000,110079000,None,897000,38000,-518826000,537000,None,None,87229000,36617000,9967000,9967000,-77000,10710000,285042000,None,110079000,171555000,13121000,148519000,7637000,26650000,None,None,38000,None,-518826000,None,None,None,None,10710000,None,148519000,537000,149056000,None,None,None,628944000,295752000,258784000,None,37946341,USD,14135000,-278000,13971000,126436000,-2500000,-1850000,-161000,-3943000,-40575000,-30537000,-42658000,-823000,1722000,None,650000,-2200000,-4323000,3819000,164000,-4323000,None,-30537000,11.32,12.48
7,2018-09-30,USD,6990000,46382000,1619000,5371000,-39710000,-43640000,13578000,0,-43640000,0,32804000,1301000,-41011000,0,3930000,None,None,None,0,0,0,0,-2629000,0,-43640000,-43640000,None,USD,331695000,0,None,4676000,185590000,146105000,0,656000,38000,-478251000,546000,0,0,117766000,36212000,9967000,9967000,-157000,10285000,321410000,None,146105000,185094000,8798000,148832000,5076000,26245000,0,0,38000,0,-478251000,0,None,None,None,10285000,None,148832000,546000,149378000,None,None,None,624475000,331695000,302860000,None,37825275,USD,-18556000,9038000,-18683000,0,-2500000,-2381000,None,4407000,-43640000,-56799000,-35735000,-1913000,2058000,0,119000,-1539000,-3738000,3999000,127000,-3738000,None,-56799000,18.71,11.32
8,2018-06-30,USD,3797000,44130000,946000,2851000,-39949000,-43875000,13094000,0,-43875000,0,31036000,1330000,-41279000,0,3926000,None,None,None,0,0,0,0,-2596000,0,-43875000,-43875000,None,USD,362528000,0,None,3007000,177021000,185507000,0,461000,38000,-434611000,552000,0,0,174565000,27279000,9967000,9967000,-310000,10690000,351838000,None,185507000,165832000,5060000,149190000,3374000,17312000,0,0,38000,0,-434611000,0,None,None,None,10690000,None,149190000,552000,149742000,None,None,None,620390000,362528000,340397000,None,37807523,USD,31395000,3038000,63714000,0,-2500000,-8000,None,1910000,-43875000,26661000,-37045000,1048000,2202000,0,2492000,-779000,-2663000,3984000,227000,-2663000,None,26661000,25.85,18.71
9,2018-03-31,USD,2194000,38450000,2698000,-504000,-37650000,-41569000,11551000,0,-41569000,0,26899000,1304000,-38954000,0,3919000,None,None,None,0,0,0,0,-2615000,0,-41569000,-41569000,None,USD,397089000,0,None,4023000,174482000,222607000,0,304000,38000,-390736000,440000,0,600000,147304000,24447000,9967000,9967000,-576000,10964000,380587000,4938000,222607000,224338000,2397000,149595000,2525000,14480000,0,0,38000,0,-390736000,0,None,600000,None,16502000,None,149595000,440000,150035000,None,None,None,613881000,397089000,371642000,None,37632589,USD,99462000,-5950000,66582000,-32546000,-2500000,-2086000,None,-3764000,-41569000,19515000,-44981000,-623000,2217000,0,414000,-726000,-1987000,3657000,334000,-1987000,None,19515000,22.41,25.85
10,2017-12-31,USD,355000,48127000,4000,351000,-46628000,-50534000,15860000,0,-50534000,0,32267000,1148000,-47776000,0,3906000,None,None,None,0,0,0,0,-4833000,0,-50534000,-50534000,None,USD,441317000,0,None,3403000,181043000,260274000,0,14383000,38000,-349167000,428000,0,32138000,127789000,30572000,9967000,9967000,-407000,11189000,397990000,31538000,260274000,264589000,410000,150043000,1799000,20605000,0,0,38000,0,-349167000,0,None,600000,None,43327000,None,150043000,428000,150471000,None,None,None,609810000,441317000,392378000,None,37610897,USD,36650000,4476000,-120612000,-156998000,-2500000,131115000,-6960000,9819000,-50528000,-31390000,-41893000,25000,2371000,0,133615000,-1799000,-410000,3972000,264000,-410000,None,-31390000,25.04,22.41
11,2017-09-30,USD,0,31221000,30693000,0,-30345000,-34188000,12846000,0,-34188000,0,18375000,876000,-31221000,0,3843000,None,None,None,0,0,0,0,-982000,0,-34188000,-34188000,None,USD,350790000,0,None,3609000,177137000,173653000,0,12276000,32000,-298639000,399000,0,600000,159179000,26203000,9967000,9967000,-62000,11481000,338709000,None,173653000,175921000,641000,150535000,0,16236000,0,0,32000,0,-298639000,0,None,600000,None,12081000,None,150535000,399000,150934000,None,None,None,472322000,350790000,335100000,None,31983903,USD,68215000,6612000,-13421000,-81436000,-2500000,-880000,-395000,4053000,-34189000,-38000000,-23699000,-1371000,2420000,0,1620000,0,0,2829000,200000,None,None,-38000000,24.18,25.04
12,2017-06-30,USD,0,26902000,26428000,0,-25993000,-28880000,11769000,0,-28880000,0,15133000,909000,-26902000,0,2887000,None,None,None,0,0,0,0,-1888000,0,-28880000,-28880000,None,USD,374656000,0,None,2334000,171277000,203379000,0,7097000,32000,-264450000,404000,0,600000,197179000,19805000,9967000,161035000,-77000,11863000,362193000,None,203379000,162680000,611000,151068000,0,9838000,0,0,32000,0,-264450000,0,None,600000,None,12463000,None,151068000,404000,151472000,None,None,None,467874000,374656000,359859000,None,31904926,USD,75035000,2263000,-18528000,-92899000,-8970000,193631000,201250000,3638000,-28885000,154258000,-20845000,1657000,1768000,0,1351000,0,0,2352000,664000,None,None,154258000,20.22,24.18
13,2017-03-31,USD,0,23782000,23327000,0,-23247000,-23879000,10756000,0,-23879000,0,13026000,535000,-23782000,0,632000,None,None,None,0,0,0,0,-97000,0,-23879000,-23879000,None,USD,204293000,0,None,4307000,38194000,166099000,0,5815000,32000,-235565000,294000,0,2328000,42921000,17992000,9967000,29875000,-62000,11841000,190124000,1728000,166099000,142896000,629000,19908000,0,8025000,0,0,32000,0,-235565000,0,None,600000,None,14169000,None,19908000,294000,20202000,None,None,None,401694000,204293000,185817000,None,31752692,USD,60328000,269000,33769000,-25541000,-833000,-369000,-95000,-386000,-23879000,12006000,-21394000,-781000,608000,0,464000,0,0,2389000,1018000,None,None,12006000,26.91,20.22
14,2016-12-31,USD,0,21552292,0,0,-22403773,-23111959,11380942,0,-23111959,0,10171350,-851481,-21552292,0,708186,None,None,None,0,0,0,0,-3947000,0,-23111959,-23111959,None,USD,226262174,0,None,3789732,39230218,187031956,0,6245000,31667,-211686233,291000,0,5204000,30915374,17540093,9133991,9134000,-70613,11663559,209393574,4725041,187031956,174688468,605000,21398792,0,8406102,0,0,31667,0,-211686233,0,None,480000,None,16868600,None,21398792,291333,21690125,None,None,None,398757135,226262174,205603842,None,31667469,USD,111401035,2112160,-85351103,-196477561,-34,70444201,-335000,-107000,-23111959,-35893670,-20986768,-2445522,635513,0,70444235,-1799000,95000,1822755,274577,285,None,-35893670,19.02,26.91
15,2016-09-30,USD,0,17435000,0,0,-17221000,-17782000,9047000,0,-17782000,0,8388000,214000,-17435000,0,561000,None,None,None,0,0,0,0,-282000,0,-17782000,-17782000,None,USD,174422000,0,None,1584000,36390000,138032000,0,3724000,28000,-188574000,339000,0,2113000,66809000,12387000,6634000,6634000,-27000,11223000,161086000,2003000,138032000,92693000,None,23664000,0,5753000,0,0,28000,0,-188574000,0,None,110000,None,13336000,None,23664000,339000,24003000,None,None,None,326605000,174422000,159502000,None,27527419,USD,-50440000,-234000,-50917000,10000,15000000,14885000,None,-344000,-17782000,-52201000,-16169000,-595000,630000,0,-115000,0,95000,1711000,487000,101000,None,-52201000,19.54,19.02
16,2016-06-30,USD,0,14120000,0,0,-13983000,-14185000,8905000,0,-14185000,0,5215000,137000,-14120000,0,202000,None,None,None,0,0,0,0,77000,0,-14185000,-14185000,None,USD,175998000,0,None,1180000,21972000,154026000,0,3052000,28000,-170792000,253000,0,170000,119010000,8199000,1634000,1634000,10000,11286000,164542000,None,154026000,44251000,101000,13520000,0,6565000,0,0,28000,0,-170792000,0,None,170000,None,11456000,None,13520000,253000,13773000,None,None,None,324780000,175998000,163261000,None,27521070,USD,-1905000,853000,-6482000,7000,15000000,77909000,None,219000,-14185000,60107000,-11320000,197000,232000,0,77909000,0,6000,1628000,4584000,-45000,None,60107000,14.965,19.54
17,2016-03-31,USD,0,16673000,0,0,-16539000,-16815000,11981000,0,-16815000,0,4692000,134000,-16673000,0,276000,None,None,None,0,0,0,0,-142000,0,-16815000,-16815000,None,USD,112071000,0,None,1217000,23169000,88902000,0,4792000,22000,-156607000,222000,0,3356000,58903000,8259000,384000,None,-8000,9083000,99632000,3006000,88902000,39456000,56000,14688000,0,7875000,0,0,22000,0,-156607000,0,None,350000,None,12439000,None,14688000,222000,14910000,None,None,None,245495000,112071000,98359000,None,21570395,USD,13091000,-958000,9997000,0,-42000,-42000,None,None,-16815000,-4041000,-13996000,-572000,382000,0,0,0,39000,3928000,3094000,39000,None,-4041000,9.2,14.965
18,2015-12-31,USD,0,13478689,0,0,-13403799,-13568922,8967390,0,-13568922,0,4511299,74890,-13478689,0,165123,None,None,None,0,0,0,0,-141213,0,-13568922,-13568922,None,USD,127138512,0,None,760872,23152068,103986444,0,4367000,21570,-139792274,91000,0,7594000,62944044,8058974,15002039,15002039,-96651,7442477,112102708,7357423,103986444,48302507,95285,15002039,0,8058974,0,0,21570,0,-139792274,0,None,235904,None,15035804,None,15002039,91055,15093094,None,None,None,243853799,127138512,111246551,None,21570395,USD,2665462,790998,-92484,24000,11504000,514748,-333000,-97000,-13568922,-10563077,-10985341,-239147,341791,0,514748,-1799000,95000,1643496,2781946,None,None,-10563077,19.27,9.2
19,2015-09-30,USD,0,11025625,0,0,-10934013,-11136412,7828927,0,-11136412,0,3196698,91612,-11025625,0,202399,None,None,None,0,0,0,0,-218012,0,-11136412,-11136412,None,USD,137248068,0,None,802635,21541777,115706291,0,4668000,21539,-126223352,13000,0,80000,73507121,6585917,None,None,2430,4153389,133014679,None,115706291,58658480,46443,14942401,0,6585917,0,0,21539,0,-126223352,0,None,80000,None,4233389,None,14942401,13459,14955860,None,None,None,241905674,137248068,132165601,None,21539396,USD,40183428,142516,39194940,24000,14895792,14898818,None,None,-11136412,45167608,-8926150,524508,250303,0,3026,0,46443,1139785,988488,153150,None,45167608,14.86,19.27
