,fiscalDateEnding,reportedCurrency_x,totalRevenue,totalOperatingExpense,costOfRevenue,grossProfit,ebit,netIncome_x,researchAndDevelopment,effectOfAccountingCharges,incomeBeforeTax,minorityInterest,sellingGeneralAdministrative,otherNonOperatingIncome,operatingIncome,otherOperatingExpense,interestExpense,taxProvision,interestIncome,netInterestIncome,extraordinaryItems,nonRecurring,otherItems,incomeTaxExpense,totalOtherIncomeExpense,discontinuedOperations,netIncomeFromContinuingOperations,netIncomeApplicableToCommonShares,preferredStockAndOtherAdjustments,reportedCurrency_y,totalAssets,intangibleAssets,earningAssets,otherCurrentAssets,totalLiabilities,totalShareholderEquity,deferredLongTermLiabilities,otherCurrentLiabilities,commonStock,retainedEarnings,otherLiabilities,goodwill,otherAssets,cash,totalCurrentLiabilities,shortTermDebt,currentLongTermDebt,otherShareholderEquity,propertyPlantEquipment,totalCurrentAssets,longTermInvestments,netTangibleAssets,shortTermInvestments,netReceivables,longTermDebt,inventory,accountsPayable,totalPermanentEquity,additionalPaidInCapital,commonStockTotalEquity,preferredStockTotalEquity,retainedEarningsTotalEquity,treasuryStock,accumulatedAmortization,otherNonCurrrentAssets,deferredLongTermAssetCharges,totalNonCurrentAssets,capitalLeaseObligations,totalLongTermDebt,otherNonCurrentLiabilities,totalNonCurrentLiabilities,negativeGoodwill,warrants,preferredStockRedeemable,capitalSurplus,liabilitiesAndShareholderEquity,cashAndShortTermInvestments,accumulatedDepreciation,commonStockSharesOutstanding,reportedCurrency,investments,changeInLiabilities,cashflowFromInvestment,otherCashflowFromInvestment,netBorrowings,cashflowFromFinancing,otherCashflowFromFinancing,changeInOperatingActivities,netIncome_y,changeInCash,operatingCashflow,otherOperatingCashflow,depreciation,dividendPayout,stockSaleAndPurchase,changeInInventory,changeInAccountReceivables,changeInNetIncome,capitalExpenditures,changeInReceivables,changeInExchangeRate,changeInCashAndCashEquivalents,clossingVal,nextClossingVal
0,2020-06-30,USD,16742000,8917000,None,16742000,7825000,6569000,None,None,7825000,None,8917000,None,7825000,2225000,4295000,1256000,18786000,14491000,None,None,None,1256000,None,None,6569000,6569000,None,USD,2267124000,None,690864000,None,2050540000,216584000,None,1740121000,109000,151083000,20169000,29805000,1487244000,21907000,1963824000,223703000,None,791000,20712000,32962000,2095925000,186779000,311500000,11055000,55102000,None,None,None,None,109000,None,151083000,None,None,87720000,None,2234162000,None,55102000,31614000,86716000,None,None,None,64601000,2267124000,21907000,None,10933428,USD,-124072000,3535000,-124516000,-551000,30765000,123165000,95509000,-2534000,6569000,1026000,2377000,-6496000,1084000,-3271000,162000,None,-6069000,-2315000,86000,None,None,1026000,21.7,
1,2020-03-31,USD,18739000,11043000,None,18739000,7696000,6495000,None,None,7696000,None,11043000,None,7696000,4005000,5776000,1201000,20694000,14918000,None,None,None,1201000,None,None,6495000,6495000,None,USD,2136396000,1609000,671122000,None,1921139000,215257000,None,1644612000,109000,147904000,19165000,29805000,1379380000,6047000,1837549000,192937000,None,2967000,21156000,15695000,1987431000,185452000,312928000,9648000,55103000,None,None,None,None,109000,None,147904000,None,None,82309000,None,2120701000,None,55103000,28487000,83590000,None,None,None,64277000,2136396000,6047000,None,10921206,USD,-48731000,7729000,-50132000,-1012000,63085000,53964000,-5854000,-4082000,6495000,6684000,2852000,-12563000,996000,-3276000,9000,None,-11811000,195000,389000,None,None,6684000,22.0,21.7
2,2019-12-31,USD,16951000,9004000,None,16951000,7947000,6686000,None,None,7947000,None,9004000,None,7947000,1473000,6239000,1261000,19657000,13418000,None,None,None,-8209000,-11000,None,16156000,6686000,None,USD,2068796000,1546000,662572000,11310000,1856288000,212508000,None,1650466000,109000,144839000,19223000,29805000,1329008000,14433000,1825316000,174850000,137730000,3596000,21305000,32910000,1927716000,182703000,360520000,7167000,10105000,279000,1650466000,None,None,109000,None,144839000,None,None,57060000,None,2035886000,None,10105000,20867000,30972000,None,None,None,63964000,2068796000,14433000,None,10899210,USD,-46172000,766000,-46016000,769000,3538000,27403000,27176000,2819000,6686000,-6985000,11628000,1844000,958000,-3389000,78000,None,2053000,1374000,613000,None,None,-6985000,30.23,22.0
3,2019-09-30,USD,16508000,9040000,None,16508000,7468000,6288000,None,None,7468000,None,9040000,None,7468000,2552000,6678000,1180000,19904000,13226000,None,None,None,1180000,-10000,None,6288000,6288000,None,USD,2033227000,1451000,652132000,8488000,1824738000,208489000,None,1623290000,109000,141509000,17543000,29805000,1298158000,16714000,1794600000,171310000,130163000,3269000,21232000,24350000,1878130000,178684000,326798000,7636000,10107000,279000,1623290000,None,None,109000,None,141509000,None,None,79710000,None,2008877000,None,10107000,20031000,30138000,None,None,None,63602000,2033227000,16714000,None,10896331,USD,-29613000,437000,-30337000,16000,-441000,26782000,30334000,1300000,6288000,4500000,8055000,848000,832000,-3268000,157000,None,863000,-350000,740000,None,None,4500000,27.49,30.23
4,2019-06-30,USD,16305000,8730000,None,16305000,7575000,6395000,None,None,7575000,None,8730000,None,7575000,2405000,6872000,1180000,19822000,12950000,None,None,None,1180000,-242000,None,6395000,6395000,None,USD,1998699000,1368000,634996000,9966000,1794106000,204593000,None,1592956000,109000,138493000,17673000,29805000,1283635000,917000,1764705000,171749000,131000000,2672000,21045000,10883000,1862758000,174788000,322570000,9966000,10109000,289000,1592956000,None,None,109000,None,138493000,None,None,74208000,None,1987816000,None,10109000,19292000,29401000,None,None,None,63319000,1998699000,917000,None,10890236,USD,1139000,2034000,1482000,402000,11439000,-5474000,-13919000,-2517000,6395000,1648000,5640000,-4551000,782000,-3157000,163000,None,-4551000,980000,59000,None,None,1648000,26.85,27.49
5,2019-03-31,USD,15668000,8398000,0,15668000,7270000,6156000,None,None,7270000,None,8398000,None,7270000,2142000,6369000,1114000,19268000,12899000,None,None,None,1114000,-219000,None,6156000,6156000,None,USD,1991345000,1356000,616144000,9743000,1793558000,197787000,None,1606875000,109000,135364000,16264000,29805000,1296716000,231000,1767184000,160309000,130000000,-723000,21767000,9538000,1534804000,167982000,325276000,9307000,10110000,584000,1606875000,None,None,109000,None,135364000,None,None,395431000,None,1981807000,None,10110000,16264000,26374000,None,None,None,63037000,1991345000,231000,None,10884381,USD,-43852000,-435000,-41409000,2604000,-39898000,36815000,79790000,-6490000,6156000,-3864000,730000,-6055000,798000,-3149000,72000,None,-6055000,266000,161000,None,None,-3864000,24.92,26.85
6,2018-12-31,USD,16081000,8496000,5973000,16081000,7585000,6363000,0,0,7585000,0,8496000,None,7585000,961000,20334000,None,None,None,0,0,0,1222000,-287000,0,6363000,6363000,None,USD,1944570000,1354000,None,12079000,1753028000,191542000,None,1527085000,109000,132460000,15626000,29805000,1266042000,19134000,1672290000,145205000,105000000,-3773000,22056000,37873000,1800130000,161737000,12079000,6660000,65112000,584000,1527085000,None,None,109000,None,132460000,None,None,54706000,None,1906697000,None,65112000,15626000,80738000,None,None,None,62746000,1944570000,19134000,None,10862651,USD,44855000,-520000,34261000,-9543000,-54957000,-46329000,12174000,915000,6363000,-2515000,9553000,1435000,773000,-3699000,153000,None,None,1502000,1051000,None,None,-2515000,26.3,24.92
7,2018-09-30,USD,15237000,8216000,5883000,15237000,7021000,5933000,0,0,7021000,0,8216000,None,7021000,1863000,-8978000,None,None,None,0,0,0,1088000,-347000,0,5933000,5933000,None,USD,1981854000,1299000,None,8229000,1797193000,184661000,None,1514911000,109000,129247000,17008000,29805000,1271516000,72694000,1715071000,200160000,105000000,-7192000,21451000,79789000,1490405000,154856000,51045000,7095000,65114000,584000,1514911000,None,None,109000,None,129247000,None,None,360404000,None,1902065000,None,65114000,17008000,82122000,None,None,None,62497000,1981854000,72694000,None,10857116,USD,-69202000,1018000,-68552000,866000,-32181000,63091000,98265000,-327000,5933000,593000,6054000,-1346000,982000,-3147000,154000,None,None,-533000,216000,None,None,593000,28.97,26.3
8,2018-06-30,USD,14950000,8176000,5436000,14950000,6774000,5734000,0,0,6774000,0,8176000,None,6774000,2038000,4936000,None,None,None,0,0,0,1040000,-345000,0,5734000,5734000,None,USD,1913961000,1285000,None,8204000,1730657000,183304000,0,1416646000,109000,126464000,16556000,29805000,1250637000,22672000,1648985000,232339000,140575000,-5515000,21682000,30395000,1473526000,153499000,1616000,7723000,65116000,609000,1416646000,0,0,109000,0,126464000,0,None,358553000,None,1883566000,None,65116000,16556000,81672000,None,None,None,62246000,1913961000,22672000,None,10851917,USD,-42260000,-1664000,-42079000,266000,53226000,39231000,-11546000,606000,5734000,4497000,7345000,2134000,1016000,-2603000,154000,97000,0,125000,85000,None,None,4497000,28.22,28.97
9,2018-03-31,USD,15041000,8579000,4542000,15041000,6462000,5506000,0,0,6462000,0,8579000,None,6462000,2171000,4042000,None,None,None,0,0,0,956000,-290000,0,5506000,5506000,None,USD,1871815000,31085000,None,7506000,1690443000,181372000,0,1428192000,108000,123876000,18022000,29805000,654483000,16839000,1557304000,129112000,61930000,-4611000,22043000,327830000,1436019000,151567000,303769000,7222000,115117000,1405000,1428192000,0,0,108000,0,123876000,0,None,56118000,None,1543985000,None,115117000,18022000,133139000,None,None,None,61999000,1871815000,320608000,None,10846562,USD,-34119000,5014000,-35707000,-1456000,15471000,22171000,9313000,3800000,5506000,-2648000,10888000,-1214000,1070000,-2603000,-10000,181000,0,512000,132000,None,None,-2648000,27.98,28.22
10,2017-12-31,USD,15168000,8300000,3864000,15168000,6868000,5086000,0,0,6868000,0,8300000,None,6868000,9698000,9966000,None,None,None,0,0,0,1782000,-1051000,0,5086000,5086000,None,USD,1842930000,31073000,None,860000,1661609000,181321000,0,1418879000,108000,121144000,13972000,29805000,645500000,19207000,1532517000,113638000,43074000,-1678000,22502000,326106000,1410363000,151516000,300172000,5867000,115120000,1451000,1418879000,0,0,108000,0,121144000,0,None,54154000,None,1516824000,None,115120000,13972000,129092000,None,None,None,61747000,1842930000,319379000,None,10829918,USD,-62456000,-2081000,-63454000,617000,-5570000,55763000,63661000,-6762000,5086000,-3168000,4523000,-2065000,1280000,-2483000,155000,1133000,0,2303000,1615000,None,None,-3168000,27.23,27.98
11,2017-09-30,USD,14697000,8013000,4313000,14697000,6684000,4982000,0,0,6684000,0,8013000,None,6684000,-2944000,226000,None,None,None,0,0,0,1702000,0,0,4982000,4982000,None,USD,1781701000,30914000,None,6254000,1601819000,179882000,0,1350049000,108000,118360000,17442000,29805000,626183000,22959000,1469256000,119207000,234328000,-32000,21731000,327778000,1353187000,150077000,298999000,5820000,115121000,754000,1350049000,0,0,108000,0,118360000,0,None,49200000,None,1453923000,None,115121000,17442000,132563000,None,None,None,61446000,1781701000,321958000,None,10824724,USD,12298000,1004000,12977000,1513000,-47949000,-19614000,30790000,1665000,4982000,2186000,8823000,661000,1368000,-2597000,142000,901000,0,808000,834000,None,None,2186000,30.31,27.23
12,2017-06-30,USD,14167000,7640000,3837000,14167000,6527000,4883000,0,0,6527000,0,7640000,None,6527000,-555000,322000,None,None,None,0,0,0,1644000,0,0,4883000,4883000,None,USD,1795651000,30914000,None,8057000,1618114000,177537000,0,1319259000,108000,115980000,16578000,29805000,639032000,24009000,1476413000,157154000,282277000,231000,21367000,339347000,1355042000,147732000,308146000,7192000,125123000,1189000,1319259000,0,0,108000,0,115980000,0,None,50090000,None,1456304000,None,125123000,16578000,141701000,None,None,None,61218000,1795651000,332155000,None,10819443,USD,-30945000,326000,-29659000,1344000,55810000,26130000,-27224000,-820000,4883000,2589000,6118000,-1146000,1410000,-2598000,142000,210000,0,645000,58000,None,None,2589000,27.06,30.31
13,2017-03-31,USD,13819000,7698000,3515000,13819000,6121000,4637000,0,0,6121000,0,7698000,None,6121000,511000,3015000,None,None,None,0,0,0,1484000,0,0,4637000,4637000,None,USD,1763828000,30859000,None,None,1588975000,174853000,0,1346483000,108000,113697000,16025000,29805000,640324000,20872000,1452825000,106342000,226467000,57000,21760000,340350000,1321176000,145048000,312624000,6854000,120125000,1504000,1346483000,0,0,108000,0,113697000,0,None,50737000,None,1423478000,None,120125000,16025000,136150000,None,None,None,60991000,1763828000,333496000,None,10814132,USD,-48766000,-1269000,-50177000,-1389000,-52434000,47349000,103526000,-2192000,4637000,234000,3062000,-2192000,1417000,-3782000,39000,0,0,469000,22000,None,None,234000,27.25,27.06
14,2016-12-31,USD,13323000,7533000,3337000,13323000,5790000,4320000,0,0,5790000,0,7533000,None,5790000,5462000,8058000,None,None,None,0,0,0,-11438000,-832000,0,17228000,4320000,None,USD,1712875000,30918000,None,293000,1540354000,172521000,0,1242957000,108000,111693000,18496000,29805000,610264000,17366000,1401731000,158774000,74600000,-3000,22202000,323607000,1288998000,142716000,300416000,5532000,120127000,1362000,1242957000,0,0,108000,0,111693000,0,None,48263000,None,1389268000,None,120127000,18496000,138623000,None,None,None,60723000,1712875000,317782000,None,10793946,USD,-95006000,824000,-89588000,6284000,10803000,75924000,69208000,-1795000,4320000,-6090000,7574000,-345000,1644000,-2477000,-1610000,778000,0,1131000,866000,None,None,-6090000,33.1,27.25
15,2016-09-30,USD,13623000,7405000,3129000,13623000,6218000,4562000,0,0,6218000,0,7405000,None,6218000,2315000,105000,None,None,None,0,0,0,1656000,0,0,4562000,4562000,None,USD,1635088000,30876000,None,None,1459094000,175994000,0,1173749000,108000,112900000,17247000,29805000,553978000,38554000,1311719000,137970000,268098000,2486000,21779000,325926000,1208692000,146189000,282293000,5079000,130128000,2083000,1173749000,0,0,108000,0,112900000,0,None,48886000,None,1309162000,None,130128000,17247000,147375000,None,None,None,60500000,1635088000,320847000,None,10788329,USD,-14725000,225000,-15068000,761000,-14997000,10694000,28040000,353000,4562000,2618000,6992000,353000,1231000,-2482000,133000,0,0,621000,1104000,None,None,2618000,23.97,33.1
16,2016-06-30,USD,13582000,7245000,3024000,13582000,6337000,4624000,0,0,6337000,0,7245000,None,6337000,-1544000,102000,None,None,None,0,0,0,1713000,0,0,4624000,4624000,None,USD,1621454000,30753000,None,None,1446666000,174788000,0,1145709000,108000,110820000,17862000,29805000,541233000,28406000,1278674000,132965000,283095000,3576000,21118000,276105000,1245840000,144983000,241327000,6372000,150130000,2682000,1145709000,0,0,108000,0,110820000,0,None,48586000,None,1345349000,None,150130000,17862000,167992000,None,None,None,60284000,1621454000,269733000,None,10782226,USD,-38106000,4000,-38054000,205000,6564000,40488000,36268000,-524000,4624000,6305000,3871000,-524000,806000,-2481000,137000,0,0,-1039000,153000,None,None,6305000,21.54,23.97
17,2016-03-31,USD,13318000,7200000,2922000,13318000,6118000,4503000,0,0,6118000,0,7200000,None,6118000,386000,2547000,None,None,None,0,0,0,1615000,0,0,4503000,4503000,None,USD,1574681000,30729000,None,None,1403136000,171545000,0,1109441000,108000,108677000,17165000,29805000,535845000,20905000,1260840000,151399000,276531000,2696000,21392000,243901000,1231558000,141740000,216725000,6271000,125132000,1816000,1109441000,0,0,108000,0,108677000,0,None,48025000,None,1330780000,None,125132000,17164000,142296000,None,None,None,60064000,1574681000,237630000,None,10775307,USD,-6498000,-388000,-5923000,583000,-60926000,2948000,66252000,-1944000,4503000,234000,3209000,-1944000,1111000,-2370000,-8000,239000,0,-73000,8000,None,None,234000,19.51,21.54
18,2015-12-31,USD,12958000,7944000,2843000,12958000,5014000,3769000,0,0,5014000,0,7944000,None,5014000,7207000,7552000,None,None,None,0,0,0,-9783000,-948000,0,14797000,3769000,None,USD,1564810000,30898000,None,4013000,1397312000,167498000,0,1043189000,108000,106673000,16666000,29805000,544079000,14299000,1265512000,222323000,135220000,855000,21816000,246263000,1219094000,137693000,223039000,4912000,115134000,1881000,1043189000,0,0,108000,0,106673000,0,None,47832000,None,1318547000,None,115134000,16666000,131800000,None,None,None,59862000,1564810000,237338000,None,10753855,USD,-33557000,440000,-33894000,219000,40088000,22665000,-15176000,963000,3769000,-4870000,6359000,317000,671000,-2369000,122000,365000,0,1162000,556000,None,None,-4870000,20.47,19.51
19,2015-09-30,USD,13286000,7707000,2522000,13286000,5579000,4188000,0,0,5579000,0,7707000,None,5579000,0,-174000,None,None,None,0,0,0,1391000,0,0,4188000,4188000,None,USD,1539672000,30900000,None,None,1372531000,167141000,0,1058365000,107000,105273000,16797000,29805000,542908000,19470000,1210598000,152233000,None,2094000,21704000,240592000,1198996000,137336000,215933000,5189000,145136000,2116000,1058365000,0,0,107000,0,105273000,0,None,48575000,None,1299080000,None,145136000,16797000,161933000,None,None,None,59667000,1539672000,235403000,None,10747495,USD,26953000,887000,17228000,-9532000,19356000,-20847000,-37958000,None,4188000,2688000,6307000,70000,757000,-2363000,118000,290000,0,405000,193000,None,None,2688000,19.1,20.47
