,fiscalDateEnding,reportedCurrency_x,totalRevenue,totalOperatingExpense,costOfRevenue,grossProfit,ebit,netIncome_x,researchAndDevelopment,effectOfAccountingCharges,incomeBeforeTax,minorityInterest,sellingGeneralAdministrative,otherNonOperatingIncome,operatingIncome,otherOperatingExpense,interestExpense,taxProvision,interestIncome,netInterestIncome,extraordinaryItems,nonRecurring,otherItems,incomeTaxExpense,totalOtherIncomeExpense,discontinuedOperations,netIncomeFromContinuingOperations,netIncomeApplicableToCommonShares,preferredStockAndOtherAdjustments,reportedCurrency_y,totalAssets,intangibleAssets,earningAssets,otherCurrentAssets,totalLiabilities,totalShareholderEquity,deferredLongTermLiabilities,otherCurrentLiabilities,commonStock,retainedEarnings,otherLiabilities,goodwill,otherAssets,cash,totalCurrentLiabilities,shortTermDebt,currentLongTermDebt,otherShareholderEquity,propertyPlantEquipment,totalCurrentAssets,longTermInvestments,netTangibleAssets,shortTermInvestments,netReceivables,longTermDebt,inventory,accountsPayable,totalPermanentEquity,additionalPaidInCapital,commonStockTotalEquity,preferredStockTotalEquity,retainedEarningsTotalEquity,treasuryStock,accumulatedAmortization,otherNonCurrrentAssets,deferredLongTermAssetCharges,totalNonCurrentAssets,capitalLeaseObligations,totalLongTermDebt,otherNonCurrentLiabilities,totalNonCurrentLiabilities,negativeGoodwill,warrants,preferredStockRedeemable,capitalSurplus,liabilitiesAndShareholderEquity,cashAndShortTermInvestments,accumulatedDepreciation,commonStockSharesOutstanding,reportedCurrency,investments,changeInLiabilities,cashflowFromInvestment,otherCashflowFromInvestment,netBorrowings,cashflowFromFinancing,otherCashflowFromFinancing,changeInOperatingActivities,netIncome_y,changeInCash,operatingCashflow,otherOperatingCashflow,depreciation,dividendPayout,stockSaleAndPurchase,changeInInventory,changeInAccountReceivables,changeInNetIncome,capitalExpenditures,changeInReceivables,changeInExchangeRate,changeInCashAndCashEquivalents,clossingVal,nextClossingVal
0,2020-06-30,USD,437064000,396357000,334138000,102926000,40707000,11232000,12084000,None,35080000,481274000,50135000,None,40707000,None,5627000,8703000,None,-5627000,None,None,None,8703000,None,None,26595000,11232000,None,USD,2169674000,None,None,None,1255116000,433284000,None,37354000,433284000,None,124623000,None,63956000,462448000,628972000,None,144060000,None,156935000,1008155000,27562000,-479782000,2265000,459565000,418746000,12818000,109836000,None,None,None,None,None,None,None,None,None,1161519000,114093000,None,21156000,626144000,None,None,None,None,None,None,None,None,USD,None,None,None,None,None,None,None,None,11232000,None,None,None,None,None,None,None,None,None,0,None,None,None,77.59,
1,2020-03-31,USD,466270000,427467000,363131000,103139000,38803000,11021000,12963000,None,34159000,471691000,51373000,None,38803000,None,4644000,7723000,-4644000,-4644000,None,None,None,7723000,None,None,26565000,11021000,None,USD,2133474000,894177000,None,None,1243689000,418094000,None,37476000,418094000,None,118115000,None,59481000,438410000,696801000,None,204099000,418094000,147735000,1004766000,27315000,-476083000,3387000,479473000,352875000,7623000,125071000,None,None,None,None,None,None,None,1128708000,None,1128708000,106436000,428773000,23195000,546888000,None,None,None,None,None,448823000,None,15000000,USD,None,0,None,None,None,None,None,None,11021000,None,None,None,None,None,None,None,None,None,0,None,None,None,53.5,77.59
2,2019-12-31,USD,448205000,411131000,344224000,103981000,34625000,9984000,12439000,None,30927000,474694000,54468000,None,37074000,None,3698000,6726000,-6147000,-6147000,None,None,None,6726000,-5875000,None,24473000,9984000,None,USD,2089257000,165280000,None,None,1192923000,421640000,None,48099000,4340000,285146000,110372000,724193000,61070000,368666000,671392000,156661000,156659000,11676000,147189000,965504000,48226000,-467833000,36486000,486007000,337473000,8636000,125163000,None,None,None,None,None,None,None,1122649000,None,1123753000,109359000,411159000,23206000,521531000,None,None,None,None,None,405152000,None,None,USD,None,0,None,None,None,None,None,None,9984000,None,None,None,None,None,None,None,None,None,0,None,None,None,67.7806,53.5
3,2019-09-30,USD,362430000,335863000,282240000,80190000,26567000,6780000,9891000,None,22455000,456345000,43732000,None,26567000,None,4112000,4297000,-5177000,-4112000,None,None,None,7455000,-4748000,None,18155000,9757000,None,USD,2001961000,881454000,None,None,1129884000,415732000,None,52698000,415732000,None,98927000,None,41574000,348377000,656484000,191901000,191901000,415732000,148107000,903464000,27362000,-465722000,7677000,470455000,295728000,7485000,105750000,None,None,None,None,None,None,None,1098497000,None,1098497000,112889000,374473000,21736000,473400000,None,None,None,None,None,367316000,None,15000000,USD,None,0,None,None,None,None,None,None,6780000,None,None,None,None,None,None,None,None,None,0,None,None,None,63.8,67.7806
4,2019-06-30,USD,412572000,379857000,319621000,92951000,32715000,9043000,11706000,None,28983000,455547000,48530000,None,32715000,None,3732000,6759000,-3732000,-3732000,None,None,None,6759000,-3372000,None,22584000,9043000,None,USD,1977212000,864017000,None,None,1109276000,412389000,None,47490000,412389000,None,97918000,None,42811000,372928000,619567000,185847000,185847000,412389000,148516000,894935000,26933000,-451628000,7548000,441397000,307721000,6928000,93060000,None,None,None,None,None,None,None,1082277000,None,1082277000,118337000,391791000,20314000,489709000,None,None,None,None,None,389859000,None,15000000,USD,None,0,None,None,None,None,None,None,9043000,None,None,None,None,None,None,None,None,None,0,None,None,None,49.5,63.8
5,2019-03-31,USD,391354000,359674000,303494000,87860000,31680000,10036000,10584000,None,28084000,444160000,45596000,None,31680000,None,3596000,6261000,-3596000,-3596000,None,None,None,6261000,-2870000,None,22549000,10036000,None,USD,1928682000,851812000,None,None,1526517000,402165000,None,47183000,402165000,None,99712000,None,15854000,278907000,596052000,157222000,157222000,402165000,135167000,873573000,26685000,-449647000,18606000,434721000,310663000,3978000,107775000,None,None,None,None,None,None,None,102503000,None,1055109000,106739000,386593000,22274000,486305000,None,None,None,None,None,297513000,None,16000000,USD,None,0,None,None,None,None,None,None,10036000,None,None,None,None,None,None,None,None,None,0,None,None,None,42.0,49.5
6,2018-12-31,USD,393700000,361222000,304820000,88880000,32478000,10735000,9884000,0,31989000,437767000,46518000,None,32478000,0,-5464000,8102000,None,None,0,0,0,8281000,-489000,0,23708000,10735000,None,USD,1664161000,150046000,None,762000,858764000,367630000,None,111052000,4190000,262557000,78622000,640855000,37335000,268492000,525713000,122836000,122836000,3134000,29182000,781033000,25710000,-423271000,16881000,455942000,254429000,3882000,118786000,None,None,None,None,None,None,None,None,None,None,None,254429000,None,None,None,None,None,None,None,295286000,None,16000000,USD,-15014000,24173000,-40857000,362000,-496000,-10881000,12338000,24300000,10735000,-3272000,55595000,None,12685000,-1000,None,-472000,-26642000,10816000,2487000,None,None,None,35.6401,42.0
7,2018-09-30,USD,362430000,335870000,282240000,80190000,26560000,6780000,9891000,0,22452000,458434000,43739000,None,26560000,0,-4409000,None,None,None,0,0,0,4297000,-4108000,0,18155000,6780000,None,USD,1638573000,158360000,None,48628000,810791000,369348000,None,162595000,4187000,256671000,65858000,637477000,35006000,271764000,539427000,183283000,183283000,9016000,29733000,752755000,25242000,-426489000,11931000,416587000,205506000,3845000,95793000,None,None,None,None,None,None,None,None,None,None,None,None,None,None,None,None,None,None,None,None,None,16000000,USD,-15014000,0,-40857000,362000,-496000,-10881000,12338000,24300000,6780000,-3272000,55595000,None,12685000,-1000,None,-472000,-26642000,10816000,2487000,None,None,None,43.24,35.6401
8,2018-06-30,USD,363483000,338718000,282581000,80902000,24765000,7611000,10502000,0,23342000,434850000,45635000,None,24765000,0,-1290000,None,None,None,0,0,0,5605000,-1423000,0,17737000,7611000,None,USD,1568903000,793863000,None,48576000,774595000,359458000,None,159355000,359458000,None,65771000,None,35451000,238774000,500188000,162366000,162366000,None,29668000,684673000,25248000,-434405000,13030000,429282000,208636000,3587000,77778000,None,None,None,None,None,None,None,None,None,None,None,None,None,None,None,None,None,None,None,None,None,16000000,USD,-15014000,0,-40857000,362000,-496000,-10881000,12338000,24300000,7611000,-3272000,55595000,None,12685000,-1000,None,-472000,-26642000,10816000,2487000,None,None,None,35.33,43.24
9,2018-03-31,USD,373375000,347561000,290035000,83340000,25814000,7239000,10946000,0,23913000,438213000,46580000,None,25814000,0,-1971000,None,None,None,0,0,0,6118000,-1901000,0,17795000,7239000,None,USD,1598894000,810825000,None,49834000,794762000,365919000,None,154798000,365919000,None,72071000,None,36651000,251621000,478682000,132280000,132280000,None,29741000,696284000,25393000,-444906000,17395000,424291000,244009000,2977000,87103000,None,None,None,None,None,None,None,None,None,None,None,None,None,None,None,None,None,None,None,None,None,16000000,USD,-15014000,0,-40857000,362000,-496000,-10881000,12338000,24300000,7239000,-3272000,55595000,None,12685000,-1000,None,-472000,-26642000,10816000,2487000,None,None,None,36.2,35.33
10,2017-12-31,USD,366539000,966276000,285728000,225787000,58449000,4738000,10394000,0,17639000,11364000,61870000,None,18941000,0,2217000,None,None,None,0,0,0,1537000,-24550000,0,25568000,4738000,None,USD,1563637000,781255000,None,27507000,769234000,359202000,45945000,261963000,4187000,257617000,30327000,617272000,839029000,245936000,432947000,49663000,49663000,18083000,29807000,694801000,25315000,-422053000,14895000,403164000,269355000,3299000,95339000,None,None,None,None,None,-259000,None,None,None,None,None,None,None,None,None,None,None,None,None,None,None,15000000,USD,39709000,8985000,-102538000,1992000,59084000,16420000,-30583000,10123000,4738000,7775000,80981000,None,43646000,-12081000,3240000,1037000,-38223000,45061000,9573000,None,None,None,40.55,36.2
11,2017-09-30,USD,348629000,581624000,271434000,131206000,41453000,5536000,10076000,0,18993000,7953000,54704000,None,22491000,-616000,3605000,None,None,None,0,0,0,5504000,-13695000,0,20249000,5536000,None,USD,1520202000,774224000,None,48231000,716933000,351037000,None,219624000,351037000,None,30698000,None,831229000,234400000,405173000,109535000,109535000,None,27836000,661137000,24704000,-423187000,14349000,407268000,237413000,5120000,76014000,None,None,None,None,None,None,None,None,None,None,None,None,None,None,None,None,None,None,None,None,None,16000000,USD,None,0,None,None,None,None,None,None,5536000,None,None,None,None,None,None,None,None,None,0,None,None,None,42.56,40.55
12,2017-06-30,USD,329093000,-569703000,256605000,-126499000,-33838000,254000,11572000,0,8666000,5015000,57612000,None,14876000,616000,6408000,None,None,None,0,0,0,3397000,16504000,0,-11932000,254000,None,USD,1490614000,789503000,None,51718000,685256000,351895000,None,225359000,351895000,None,35375000,None,846912000,204427000,404593000,309033000,309033000,None,28577000,615125000,24592000,-437608000,18203000,388136000,200234000,4359000,70435000,None,None,None,None,None,None,None,None,None,None,None,None,None,None,None,None,None,None,None,None,None,15000000,USD,None,0,None,None,None,None,None,None,254000,None,None,None,None,None,None,None,None,None,0,None,None,None,36.87,42.56
13,2017-03-31,USD,310878000,294640000,244549000,66329000,16238000,545000,7811000,0,9423000,5945000,50091000,None,16238000,-308000,7027000,None,None,None,0,0,0,2933000,-7750000,0,5555000,545000,None,USD,1456686000,784016000,None,50375000,668386000,345498000,None,214800000,345498000,None,71690000,None,838912000,193466000,379170000,259570000,259570000,None,28203000,589571000,24392000,-438518000,17617000,375416000,169309000,3072000,74109000,None,None,None,None,None,None,None,None,None,None,None,None,None,None,None,None,None,None,None,None,None,15000000,USD,None,0,None,None,None,None,None,None,545000,None,None,None,None,None,None,None,None,None,0,None,None,None,39.3222,36.87
14,2016-12-31,USD,285080000,758533000,217170000,190871000,65008000,5660000,5717000,0,19867000,9324000,44418000,None,23492000,-308000,4224000,None,None,None,0,0,0,4883000,-11237000,0,56100000,5660000,None,USD,1358319000,627605000,None,25946000,590921000,336387000,35726000,190477000,4184000,231891000,29866000,497784000,698530000,238161000,359038000,44702000,44702000,-2377000,26130000,633659000,41288000,-287421000,39934000,325665000,171078000,3953000,80114000,None,None,None,None,None,-259000,None,None,None,None,None,None,None,None,None,None,None,None,None,None,None,16000000,USD,-14698000,2953000,-78808000,-544000,31934000,-7046000,-28966000,10306000,5660000,-10980000,74955000,None,32370000,-10014000,-2235000,923000,-30086000,36044000,9137000,None,None,None,39.7,39.3222
15,2016-09-30,USD,302314000,22588000,233959000,5910000,2492000,5999000,6881000,0,20153000,8391000,45433000,None,22922000,0,2327000,None,None,None,0,0,0,5763000,0,0,0,5999000,None,USD,1265531000,608024000,None,47047000,498042000,359757000,None,175302000,359757000,234000000,21197000,498000000,678473000,191819000,310013000,209487000,209487000,None,27824000,559234000,41938000,None,53144000,310324000,137525000,3947000,62749000,None,None,None,None,None,None,None,None,None,None,None,None,None,None,None,None,None,None,None,None,None,16000000,USD,None,None,None,None,None,None,None,None,5999000,None,None,None,None,None,None,None,None,None,0,None,None,None,38.01,39.7
16,2016-06-30,USD,259057000,239000000,197314000,62000000,21000000,6695000,5214000,0,19611000,7836000,41205000,None,20538000,0,1119000,None,None,None,0,0,0,5080000,0,0,0,6695000,None,USD,1218304000,554187000,None,49196000,486276000,334343000,None,177219000,334000000,234000000,21086000,498000000,621864000,220886000,302240000,209000000,209000000,None,24546000,572000000,38000000,None,55778000,291000000,140261000,3891000,56535000,None,None,None,None,None,None,None,None,None,None,None,None,None,None,None,None,None,None,None,None,None,15000000,USD,None,None,None,None,None,None,None,None,6695000,None,None,None,None,None,None,None,None,None,0,None,None,None,31.79,38.01
17,2016-03-31,USD,262170000,0,201397000,0,0,4091000,4516000,0,17632000,8104000,39225000,None,21548000,0,3916000,None,None,None,0,0,0,5437000,0,0,0,4091000,None,USD,1245355000,560540000,None,51756000,515649000,335512000,None,183172000,None,None,22303000,None,606091000,255293000,322247000,None,None,None,23729000,None,None,None,53260000,None,148175000,4664000,67029000,None,None,None,None,None,None,None,None,None,None,None,None,None,None,None,None,None,None,None,None,None,15000000,USD,None,None,None,None,None,None,None,None,4091000,None,None,None,None,None,None,None,None,None,0,None,None,None,30.0,31.79
18,2015-12-31,USD,157692000,897328000,131176000,231924000,75866000,58710000,12641000,0,64604000,3744000,19337000,None,7179000,-308000,2075000,None,None,None,0,0,0,2150000,-9528000,0,50354000,58710000,None,USD,1066949000,167093000,None,15630000,514654000,451557000,27063000,94637000,4184000,317112000,74210000,162173000,695266000,132603000,211811000,37971000,37971000,-3228000,14199000,588984000,30875000,-215778000,11028000,280209000,161623000,4610000,58105000,None,None,None,None,None,-259000,None,None,None,None,None,None,None,None,None,None,None,None,None,None,None,15000000,USD,3252000,13809000,-31492000,-888000,65722000,35842000,-32259000,7676000,58710000,69210000,54396000,None,30438000,-12890000,-3409000,-2387000,-17668000,35422000,5427000,None,None,None,26.3,30.0
19,2015-09-30,USD,196200000,0,155404000,0,0,6181000,2482000,0,13352000,4606000,28591000,None,12205000,0,214000,None,None,None,0,0,0,2565000,0,0,0,6181000,None,USD,1174072000,454351000,None,63990000,503260000,391299000,None,123312000,None,None,91250000,None,745649000,140750000,233927000,None,None,None,19987000,None,None,None,16631000,None,148978000,4278000,48556000,None,None,None,None,None,None,None,None,None,None,None,None,None,None,None,None,None,None,None,None,None,15000000,USD,None,None,None,None,None,None,None,None,6181000,None,None,None,None,None,None,None,None,None,0,None,None,None,27.25,26.3
