,fiscalDateEnding,reportedCurrency_x,totalRevenue,totalOperatingExpense,costOfRevenue,grossProfit,ebit,netIncome_x,researchAndDevelopment,effectOfAccountingCharges,incomeBeforeTax,minorityInterest,sellingGeneralAdministrative,otherNonOperatingIncome,operatingIncome,otherOperatingExpense,interestExpense,taxProvision,interestIncome,netInterestIncome,extraordinaryItems,nonRecurring,otherItems,incomeTaxExpense,totalOtherIncomeExpense,discontinuedOperations,netIncomeFromContinuingOperations,netIncomeApplicableToCommonShares,preferredStockAndOtherAdjustments,reportedCurrency_y,totalAssets,intangibleAssets,earningAssets,otherCurrentAssets,totalLiabilities,totalShareholderEquity,deferredLongTermLiabilities,otherCurrentLiabilities,commonStock,retainedEarnings,otherLiabilities,goodwill,otherAssets,cash,totalCurrentLiabilities,shortTermDebt,currentLongTermDebt,otherShareholderEquity,propertyPlantEquipment,totalCurrentAssets,longTermInvestments,netTangibleAssets,shortTermInvestments,netReceivables,longTermDebt,inventory,accountsPayable,totalPermanentEquity,additionalPaidInCapital,commonStockTotalEquity,preferredStockTotalEquity,retainedEarningsTotalEquity,treasuryStock,accumulatedAmortization,otherNonCurrrentAssets,deferredLongTermAssetCharges,totalNonCurrentAssets,capitalLeaseObligations,totalLongTermDebt,otherNonCurrentLiabilities,totalNonCurrentLiabilities,negativeGoodwill,warrants,preferredStockRedeemable,capitalSurplus,liabilitiesAndShareholderEquity,cashAndShortTermInvestments,accumulatedDepreciation,commonStockSharesOutstanding,reportedCurrency,investments,changeInLiabilities,cashflowFromInvestment,otherCashflowFromInvestment,netBorrowings,cashflowFromFinancing,otherCashflowFromFinancing,changeInOperatingActivities,netIncome_y,changeInCash,operatingCashflow,otherOperatingCashflow,depreciation,dividendPayout,stockSaleAndPurchase,changeInInventory,changeInAccountReceivables,changeInNetIncome,capitalExpenditures,changeInReceivables,changeInExchangeRate,changeInCashAndCashEquivalents,clossingVal,nextClossingVal
0,2020-06-30,USD,2418000000,1775000000,None,None,394000000,122000000,None,None,200000000,322000000,494000000,None,643000000,None,100000000,55000000,2000000,-98000000,None,None,None,55000000,-345000000,None,145000000,122000000,None,USD,21750000000,3198000000,None,97000000,11639000000,10094000000,None,240000000,6000000,674000000,1030000000,3409000000,4800000000,4645000000,1906000000,None,None,-417000000,2037000000,7486000000,865000000,3285000000,None,1888000000,7946000000,856000000,None,None,None,None,None,None,None,None,397000000,None,14264000000,574000000,None,321000000,9733000000,None,None,None,None,None,None,None,None,USD,-703000000,27000000,-703000000,17000000,1191000000,1132000000,-45000000,None,122000000,1449000000,1020000000,None,94000000,-14000000,0,14000000,None,114000000,167000000,None,None,None,26.84,
1,2020-03-31,USD,3440000000,2582000000,2061000000,1379000000,291000000,78000000,None,None,145000000,277000000,464000000,None,858000000,None,89000000,55000000,8000000,-81000000,None,None,None,55000000,-632000000,None,90000000,78000000,None,USD,20237000000,3084000000,None,124000000,10104000000,10114000000,None,200000000,6000000,589000000,881000000,3089000000,4817000000,3196000000,1780000000,None,None,-291000000,1917000000,6744000000,347000000,3702000000,None,2453000000,6754000000,971000000,None,None,None,None,None,None,None,None,670000000,None,13493000000,565000000,6754000000,331000000,8324000000,None,None,None,9810000000,None,3196000000,None,612000000,USD,-48000000,-90000000,-48000000,36000000,1191000000,-348000000,-17000000,None,78000000,1205000000,1601000000,None,57000000,-152000000,-179000000,521000000,None,689000000,82000000,None,None,None,22.88,26.84
2,2019-12-31,USD,3778000000,3579000000,3091000000,687000000,566000000,300000000,None,None,419000000,235000000,431000000,None,199000000,None,90000000,105000000,8000000,-82000000,None,None,None,105000000,302000000,None,314000000,300000000,None,USD,20450000000,2911000000,None,130000000,10097000000,10334000000,None,149000000,6000000,775000000,883000000,2991000000,4861000000,1991000000,1816000000,None,None,-296000000,1863000000,6398000000,1228000000,4234000000,None,2733000000,6753000000,1544000000,149000000,None,None,None,None,None,None,None,661000000,None,14052000000,571000000,6753000000,336000000,8281000000,None,None,None,9849000000,None,1991000000,None,620000000,USD,-309000000,-94000000,-309000000,22000000,1191000000,-582000000,8000000,None,300000000,-1349000000,-458000000,None,57000000,-169000000,-421000000,4000000,-561000000,-169000000,71000000,None,None,None,36.4,22.88
3,2019-09-30,USD,2667000000,1870000000,1468000000,1199000000,840000000,499000000,None,None,700000000,217000000,352000000,None,797000000,None,90000000,187000000,17000000,-73000000,None,None,None,187000000,-24000000,None,513000000,499000000,None,USD,20534000000,2848000000,None,138000000,10204000000,10320000000,None,141000000,7000000,696000000,895000000,2707000000,4943000000,3340000000,1890000000,None,None,-304000000,1874000000,7049000000,905000000,4557000000,None,2108000000,6752000000,1463000000,141000000,None,None,None,None,None,None,None,666000000,None,13485000000,605000000,6752000000,347000000,8314000000,None,None,None,9921000000,None,3340000000,None,624000000,USD,-40000000,-149000000,-40000000,-1000000,1191000000,-56000000,-56000000,-79000000,499000000,106000000,202000000,None,50000000,-169000000,None,-358000000,-79000000,230000000,39000000,None,None,None,31.54,36.4
4,2019-06-30,USD,2513000000,1873000000,1358000000,1155000000,807000000,454000000,None,None,656000000,200000000,455000000,None,640000000,None,91000000,191000000,22000000,-69000000,None,None,None,191000000,85000000,None,465000000,454000000,None,USD,19509000000,2851000000,None,148000000,9551000000,9947000000,None,188000000,7000000,357000000,899000000,2691000000,5106000000,3234000000,1712000000,None,None,-308000000,1313000000,6478000000,865000000,4200000000,None,1967000000,6751000000,1129000000,188000000,None,None,None,None,None,None,None,660000000,None,13031000000,None,6751000000,356000000,7839000000,None,None,None,9891000000,None,3234000000,None,621000000,USD,-326000000,266000000,-326000000,-1000000,None,-158000000,18000000,-79000000,454000000,416000000,900000000,None,60000000,-176000000,None,60000000,30000000,21000000,88000000,None,None,None,36.53,31.54
5,2019-03-31,USD,2752000000,2054000000,1660000000,1092000000,845000000,529000000,None,None,706000000,147000000,336000000,None,563000000,None,81000000,167000000,142000000,-62000000,None,None,None,167000000,70000000,None,539000000,529000000,None,USD,17657000000,2855000000,None,123000000,9057000000,8600000000,None,192000000,7000000,101000000,863000000,2691000000,4368000000,2818000000,1297000000,None,None,-214000000,1286000000,5964000000,714000000,2833000000,None,1949000000,6750000000,1074000000,192000000,None,None,None,None,None,None,None,462000000,None,11693000000,None,6750000000,863000000,7749000000,None,None,None,8706000000,None,2818000000,None,621000000,USD,-60000000,85000000,-311000000,-164000000,6750000000,-995000000,-1245000000,-79000000,1178000000,318000000,1624000000,None,152000000,-6500000000,None,305000000,391000000,210000000,147000000,None,None,None,35.88,36.53
6,2018-12-31,USD,3583000000,3198000000,2818000000,765000000,385000000,8000000,0,None,31000000,118000000,329000000,None,385000000,None,-15000000,None,None,None,None,None,None,7000000,-354000000,-17000000,24000000,8000000,None,USD,13466000000,3014000000,None,1488000000,2954000000,10394000000,None,699000000,10596000000,21292000000,1713000000,2747000000,389000000,1951000000,1241000000,803000000,803000000,-202000000,1150000000,5877000000,289000000,4633000000,None,2438000000,18321000000,48000000,114000000,None,None,None,None,None,None,None,None,None,None,None,None,None,None,None,None,None,None,None,1951000000,None,621000000,USD,-238000000,-166000000,-44000000,2000000,6750000000,-550000000,-541000000,-79000000,8000000,-805000000,-211000000,None,60000000,-9000000,None,34000000,-487000000,340000000,46000000,None,None,None,nan,35.88
7,2018-09-30,USD,2541000000,1833000000,1491000000,1050000000,708000000,604000000,0,None,831000000,92000000,299000000,None,708000000,None,-16000000,None,None,None,None,None,None,216000000,123000000,-7000000,615000000,604000000,None,USD,14078000000,3029000000,None,1487000000,2941000000,11045000000,275000000,671000000,11106000000,10499000000,1613000000,2747000000,425000000,2756000000,1328000000,800000000,800000000,-61000000,1164000000,6155000000,558000000,5269000000,0,1912000000,18379000000,46000000,128000000,21924000000,0,0,0,0,0,None,None,None,None,None,None,None,None,None,None,None,None,None,None,None,621000000,USD,-100000000,-52000000,-207000000,-65000000,6750000000,216000000,216000000,77000000,604000000,256000000,247000000,None,53000000,-22000000,0,-202000000,-100000000,-56000000,42000000,None,None,None,nan,nan
8,2018-06-30,USD,7420000000,-5685000000,-4581000000,-2839000000,-1735000000,-858000000,0,0,3079000000,-15000000,2723000000,None,4586000000,-429000000,-937000000,None,None,None,0,-148000000,0,-370000000,404000000,6000000,3813000000,3606000000,None,USD,53831000000,2987000000,None,4547000000,32269000000,19564000000,0,2560000000,19000000,8934000000,5556000000,12768000000,363000000,7622000000,8244000000,1054000000,1054000000,-2001000000,1956000000,19333000000,4112000000,3860000000,0,7120000000,18469000000,44000000,443000000,0,12612000000,8000000,0,0,0,None,None,None,None,None,None,None,None,None,None,None,None,None,None,None,None,USD,-444000000,0,-1177000000,-540000000,-403000000,-1464000000,-68000000,-674000000,0,1459000000,4166000000,None,584000000,-993000000,0,-422000000,-801000000,545000000,551000000,None,None,None,nan,nan
9,2018-03-31,USD,2463000000,1812000000,1444000000,1019000000,651000000,457000000,0,0,654000000,92000000,325000000,None,651000000,855000000,-7000000,None,None,None,0,229000000,0,188000000,3000000,-13000000,466000000,457000000,None,USD,53978000000,9511000000,None,4330000000,32994000000,18971000000,0,1900000000,19000000,8121000000,5436000000,12794000000,6895000000,7372000000,9099000000,1538000000,1538000000,-1699000000,1861000000,18661000000,4256000000,-3334000000,0,6905000000,18459000000,54000000,3979000000,20223000000,0,0,0,0,0,None,None,None,None,None,None,None,None,None,None,None,None,None,None,None,621000000,USD,-100000000,-107000000,-42000000,-6000000,6750000000,947000000,975000000,198000000,457000000,1725000000,820000000,None,54000000,-28000000,0,-57000000,456000000,17000000,36000000,None,None,None,nan,nan
10,2017-12-31,USD,3108000000,2747000000,2346000000,762000000,361000000,869000000,0,0,312000000,92000000,359000000,None,361000000,-568000000,-6000000,None,None,None,0,-102000000,0,-570000000,-49000000,-21000000,882000000,869000000,None,USD,52858000000,9578000000,None,3979000000,32515000000,18389000000,0,1979000000,19000000,7627000000,5297000000,12789000000,6885000000,5809000000,8055000000,631000000,631000000,-1649000000,1840000000,17402000000,4364000000,-3978000000,0,7554000000,19163000000,60000000,3692000000,19631000000,0,0,0,0,0,None,None,None,None,None,None,None,None,None,None,None,None,None,None,None,None,USD,-100000000,-56000000,-84000000,-1000000,-62000000,427000000,464000000,-627000000,869000000,43000000,-300000000,None,62000000,-37000000,0,-143000000,-509000000,-523000000,83000000,None,None,None,nan,nan
11,2017-09-30,USD,2188000000,1568000000,1264000000,924000000,620000000,390000000,0,0,611000000,92000000,263000000,None,620000000,142000000,-7000000,None,None,None,0,21000000,0,211000000,-9000000,16000000,400000000,390000000,None,USD,52028000000,6289000000,None,3406000000,0,6093000000,0,1899000000,0,5816000000,6455000000,12779000000,1414000000,6901000000,8176000000,707000000,707000000,-1876000000,1779000000,16998000000,None,92000000,0,6619000000,19142000000,2856000000,0,17556000000,0,0,0,0,0,None,None,None,None,None,None,None,None,None,None,None,None,None,None,None,None,USD,-100000000,-74000000,323000000,-2000000,-67000000,-594000000,-594000000,200000000,390000000,-6000000,265000000,None,53000000,-37000000,0,-100000000,-65000000,61000000,29000000,None,None,None,nan,nan
12,2017-06-30,USD,7564000000,0,0,0,-1562000000,0,0,0,3437000000,675000000,2447000000,None,6437000000,413000000,-1529000000,None,None,None,0,278000000,0,-370000000,0,-32000000,2388000000,2153000000,None,USD,50872000000,3251000000,None,3582000000,33240000000,15722000000,0,2434000000,19000000,5315000000,6398000000,12792000000,363000000,6163000000,7386000000,457000000,457000000,-2018000000,1781000000,16434000000,3902000000,92000000,0,6625000000,19456000000,64000000,406000000,0,12406000000,8000000,0,0,0,None,None,None,None,None,None,None,None,None,None,None,None,None,None,None,None,USD,-128000000,0,-752000000,-172000000,345000000,-1291000000,-74000000,73000000,0,1739000000,3767000000,None,553000000,-943000000,0,-1030000000,-441000000,1374000000,377000000,None,None,None,nan,nan
13,2017-03-31,USD,118000000,0,0,0,1562000000,0,0,0,-133000000,1235000000,19000000,None,0,140000000,11000000,None,None,None,0,37000000,0,-78000000,0,-12000000,882000000,799000000,None,USD,50684000000,6579000000,None,529000000,0,15017000000,0,621000000,0,4919000000,3826000000,12733000000,1001000000,5572000000,7456000000,1340000000,1340000000,-2195000000,1691000000,16738000000,None,-4295000000,0,7219000000,19789000000,3418000000,0,16252000000,0,0,0,0,0,None,None,None,None,None,None,None,None,None,None,None,None,None,None,None,None,USD,-33000000,137000000,-368000000,0,12000000,-871000000,-10000000,182000000,0,1011000000,2418000000,None,0,-522000000,0,0,1146000000,276000000,202000000,None,None,None,nan,nan
14,2016-12-31,USD,1176000000,0,0,0,0,0,0,0,148000000,0,-7000000,None,0,0,-1000000,None,None,None,0,0,0,105000000,0,0,0,0,None,USD,49207000000,6635000000,None,None,0,14340000000,0,None,0,4479000000,None,12720000000,812000000,4530000000,6749000000,None,None,None,1657000000,15705000000,None,None,0,None,19813000000,3507000000,0,15555000000,0,0,0,0,0,None,None,None,None,None,None,None,None,None,None,None,None,None,None,None,None,USD,None,None,-250000000,0,None,-811000000,None,None,0,None,1223000000,None,0,-481000000,0,0,874000000,None,117000000,None,None,None,nan,nan
15,2016-09-30,USD,6506000000,0,0,0,0,0,0,0,1237000000,0,866000000,None,0,0,300000000,None,None,None,0,0,0,343000000,0,0,0,0,None,USD,48626000000,6715000000,None,None,0,13807000000,0,None,0,3741000000,None,12739000000,809000000,4681000000,7422000000,None,None,None,1669000000,14921000000,None,None,0,None,19034000000,3300000000,0,15055000000,0,0,0,0,0,None,None,None,None,None,None,None,None,None,None,None,None,None,None,None,None,USD,None,None,-122000000,0,None,-608000000,None,None,0,None,980000000,None,0,-54000000,0,0,-86000000,None,53000000,None,None,None,nan,nan
16,2016-06-30,USD,147000000,0,0,0,0,0,0,0,3927000000,1772000000,3428000000,None,5867000000,530000000,-1181000000,None,None,None,0,323000000,0,-49000000,0,-8000000,3024000000,2755000000,None,USD,48193000000,9572000000,None,4188000000,32760000000,13661000000,0,2223000000,19000000,3575000000,6566000000,12733000000,5384000000,4424000000,7068000000,427000000,427000000,-2144000000,1692000000,14949000000,3863000000,-8644000000,0,6258000000,19126000000,79000000,270000000,0,12211000000,8000000,0,0,0,None,None,None,None,None,None,None,None,None,None,None,None,None,None,None,None,USD,-182000000,0,-1638000000,-277000000,673000000,-5424000000,-372000000,-765000000,0,-4004000000,3122000000,None,530000000,-821000000,0,-721000000,-332000000,1534000000,263000000,None,None,None,nan,nan
17,2016-03-31,USD,1445000000,0,0,0,0,0,0,0,116000000,0,-24000000,None,0,0,-6000000,None,None,None,0,0,0,-52000000,0,0,0,0,None,USD,49248000000,6707000000,None,None,0,14471000000,0,None,0,3814000000,None,12732000000,805000000,4993000000,8276000000,None,None,None,1660000000,15620000000,None,None,0,None,19270000000,3522000000,0,15550000000,15550000000,15550000000,15550000000,15550000000,-15550000000,None,None,None,None,None,None,None,None,None,None,None,None,None,None,None,None,USD,None,None,-1380000000,0,None,-4006000000,None,None,0,None,2012000000,None,0,-465000000,0,0,0,None,156000000,None,None,None,nan,nan
18,2015-12-31,USD,4779000000,0,0,0,0,0,0,0,-942000000,0,-875000000,None,0,0,-292000000,None,None,None,0,0,0,-212000000,0,0,0,0,None,USD,48096000000,6764000000,None,None,0,14504000000,0,None,0,3851000000,None,12716000000,844000000,4293000000,7268000000,None,None,None,1668000000,14826000000,None,None,0,None,19251000000,3305000000,0,15495000000,15495000000,15495000000,15495000000,15495000000,-15495000000,None,None,None,None,None,None,None,None,None,None,None,None,None,None,None,None,USD,None,None,-1300000000,0,None,-2987000000,None,None,0,None,232000000,None,0,-419000000,0,0,0,None,92000000,None,None,None,nan,nan
19,2015-09-30,USD,6077000000,0,0,0,0,0,0,0,1053000000,0,889000000,None,0,0,295000000,None,None,None,0,0,0,313000000,0,0,0,0,None,USD,47997000000,6263000000,None,None,0,15281000000,0,None,0,4182000000,None,12514000000,758000000,5830000000,6992000000,None,None,None,1667000000,15193000000,None,None,0,None,18767000000,2987000000,0,16255000000,16255000000,16255000000,16255000000,16255000000,-16255000000,None,None,None,None,None,None,None,None,None,None,None,None,None,None,None,None,USD,None,None,-283000000,0,None,-1965000000,None,None,0,None,-305000000,None,0,-56000000,0,0,0,None,34000000,None,None,None,nan,nan
