,fiscalDateEnding,reportedCurrency_x,totalRevenue,totalOperatingExpense,costOfRevenue,grossProfit,ebit,netIncome_x,researchAndDevelopment,effectOfAccountingCharges,incomeBeforeTax,minorityInterest,sellingGeneralAdministrative,otherNonOperatingIncome,operatingIncome,otherOperatingExpense,interestExpense,taxProvision,interestIncome,netInterestIncome,extraordinaryItems,nonRecurring,otherItems,incomeTaxExpense,totalOtherIncomeExpense,discontinuedOperations,netIncomeFromContinuingOperations,netIncomeApplicableToCommonShares,preferredStockAndOtherAdjustments,reportedCurrency_y,totalAssets,intangibleAssets,earningAssets,otherCurrentAssets,totalLiabilities,totalShareholderEquity,deferredLongTermLiabilities,otherCurrentLiabilities,commonStock,retainedEarnings,otherLiabilities,goodwill,otherAssets,cash,totalCurrentLiabilities,shortTermDebt,currentLongTermDebt,otherShareholderEquity,propertyPlantEquipment,totalCurrentAssets,longTermInvestments,netTangibleAssets,shortTermInvestments,netReceivables,longTermDebt,inventory,accountsPayable,totalPermanentEquity,additionalPaidInCapital,commonStockTotalEquity,preferredStockTotalEquity,retainedEarningsTotalEquity,treasuryStock,accumulatedAmortization,otherNonCurrrentAssets,deferredLongTermAssetCharges,totalNonCurrentAssets,capitalLeaseObligations,totalLongTermDebt,otherNonCurrentLiabilities,totalNonCurrentLiabilities,negativeGoodwill,warrants,preferredStockRedeemable,capitalSurplus,liabilitiesAndShareholderEquity,cashAndShortTermInvestments,accumulatedDepreciation,commonStockSharesOutstanding,reportedCurrency,investments,changeInLiabilities,cashflowFromInvestment,otherCashflowFromInvestment,netBorrowings,cashflowFromFinancing,otherCashflowFromFinancing,changeInOperatingActivities,netIncome_y,changeInCash,operatingCashflow,otherOperatingCashflow,depreciation,dividendPayout,stockSaleAndPurchase,changeInInventory,changeInAccountReceivables,changeInNetIncome,capitalExpenditures,changeInReceivables,changeInExchangeRate,changeInCashAndCashEquivalents,clossingVal,nextClossingVal
0,2020-06-30,USD,24530130,23270820,17189345,7340785,17379326,-262062,None,None,-262062,None,4411198,None,1259310,None,1051120,None,None,-1521372,None,None,None,None,None,None,-262062,-871790,None,USD,50057364,None,None,None,39402254,10655110,None,None,2136,-48365557,85091,None,73854,9851009,19134194,None,14180002,None,5489986,44493524,None,-12148550,None,7969997,18154117,26081242,3079283,None,None,None,None,None,None,None,73854,None,5563840,2179998,None,None,20268060,None,None,None,None,None,None,None,None,USD,-752946,-82209,-752946,None,-89611,-86977,None,171824,-262062,4396489,5236412,None,16590268,None,None,-12080821,None,24188991,752946,None,None,None,1.74,
1,2020-03-31,USD,24842747,23106975,16827730,8015017,18014619,51685,None,None,51685,None,4884881,None,1735772,None,1211626,None,-1211630,-1684087,None,None,None,None,None,None,51685,-1271244,None,USD,50063113,None,None,29898680,39696089,10367024,None,None,2135,-48103495,None,None,74623,5454520,8692292,2294830,3507606,None,5414740,44573750,None,-12440931,None,8459944,28972427,29898676,3161491,None,None,None,None,None,None,None,74623,None,5489363,2160573,29000160,None,31003797,None,None,None,35660430,None,5454520,None,20000000,USD,-646414,-1406398,-646414,None,-1457317,-1326067,None,25215,51685,-1413952,558529,None,16751308,None,131250,-15032521,None,24236728,646414,None,None,None,1.27,1.74
2,2019-12-31,USD,22461817,21744316,14913475,7548342,15367253,-1004164,None,None,-787764,None,5100218,None,717501,None,1044651,216400,-1044650,-1505265,None,None,None,216400,-1044651,None,-1004164,-1613881,None,USD,52214892,None,None,31063100,42246617,9968275,None,None,1779,-48155180,None,None,78335,6868472,7549523,1067740,1067740,None,5260407,46876150,None,-12839680,None,8272332,32629910,31063104,4567889,None,None,None,None,None,None,None,78335,None,5338742,2094910,32656520,None,34697094,None,None,None,35313720,None,6868470,None,18000000,USD,-576592,1842557,-576592,None,8581163,8732806,38362,637963,-1004164,3696110,-4460104,None,15110366,None,113280,-21187367,-10058642,24665062,576592,None,None,None,2.53,1.27
3,2019-09-30,USD,22932335,20036342,14706368,8225967,17341537,1387982,None,None,1387982,None,3842801,None,2895993,None,1061794,None,-1061790,-1508011,None,None,None,None,-1061794,None,1387982,778265,None,USD,41458955,None,None,24341620,30830829,10628126,None,None,1767,-47151016,None,None,86980,3172362,4963343,1062810,1062810,None,5271812,36100163,None,-12179829,None,7976580,23954315,24341616,2660561,None,None,None,None,None,None,None,86980,None,5358792,2035029,23982390,None,25867486,None,None,None,34969420,None,3172360,None,20000000,USD,-559458,88671,-559458,None,-111059,-354809,-243750,12211,1387982,380533,1294800,None,14891761,None,None,-14165418,-10379485,23708047,559458,None,None,None,1.54,2.53
4,2019-06-30,USD,20664340,19470052,14759146,5905194,15624521,-309946,None,None,-309946,None,3372726,None,1194288,None,1021984,None,-1021980,-1504234,None,None,None,None,-1021984,None,-309946,-919228,None,USD,40027659,None,None,24425170,30946267,9081392,None,None,1767,-48538998,None,None,129884,2791829,5014129,1053114,1053114,None,5266219,34631556,None,-13726563,None,6897421,24197574,24425167,2571890,None,None,None,None,None,None,None,129884,None,5396103,1959562,24197570,None,25932138,None,None,None,34810670,None,2791830,None,18000000,USD,-551938,-534100,-551938,None,-2475786,-2465786,10000,-183447,-309946,144773,3162497,None,14912483,None,None,-10503534,-8816969,22858318,551938,None,None,None,1.1,1.54
5,2019-03-31,USD,22731400,20600045,15842950,6888450,17548443,503540,None,None,503540,None,2606630,None,1685540,None,1181993,None,-1181990,-1627809,None,None,None,None,-1181993,None,503543,-105630,None,USD,41321740,None,None,28181940,32275650,9046100,None,None,1770,-48229050,None,None,149850,2647056,26543350,22135448,22135448,None,3497070,37674820,None,-13761860,None,6510340,5695100,28181941,3105990,None,None,None,None,None,None,None,149852,None,3646925,131451,5695100,None,5732301,None,None,None,34465430,None,2647060,None,18000000,USD,-553184,-5211226,-553180,None,-2487463,-2474320,13150,-596168,503540,-3494150,-466650,None,15862910,None,None,-11095183,-7479319,22826731,553180,None,None,None,0.819,1.1
6,2018-12-31,USD,24695948,26062965,13768226,10927722,-1367017,-2482609,0,0,-2482609,0,-2752477,None,-1367017,8238487,-1115592,None,None,None,0,0,0,0,-1115592,0,-2482609,-3091777,None,USD,48626315,None,None,32364700,40133639,-14656349,None,None,1758,-48732595,None,None,90621,6141210,26113304,14252717,14252717,None,3336664,45199030,None,-14656349,None,6375963,14020335,32364697,8317216,None,None,None,None,None,None,None,None,None,None,None,14020340,None,None,None,None,None,34074490,None,6141210,None,9000000,USD,None,2388324,-532781,None,14005436,13716319,-289117,462614,-2482609,-1140893,-14324431,None,509996,None,10009250,-24992633,-8235588,17975376,6140,None,None,None,0.7619,0.819
7,2018-09-30,USD,21004700,22533654,12825753,8178947,-1528954,-2717403,0,0,-2717403,0,3802818,None,-1528954,8238487,-1061827,None,None,None,0,0,0,0,-1188449,0,-2717403,-3326571,None,USD,34010897,None,None,182000,22967407,-12105535,None,1084000,1758,-46249986,None,None,91390,7282103,12343167,3580330,3580330,None,3313109,30606398,None,-12105535,None,4815676,10624240,18326430,5928893,None,None,None,23149000,None,None,None,None,None,None,None,None,None,None,None,None,None,None,None,None,None,6000000,USD,None,1627565,-730544,None,-1733436,7379816,-894248,83453,-2717403,5226155,-1423117,None,491253,None,None,-10809555,-6616076,16349957,6140,None,None,None,0.87,0.7619
8,2018-06-30,USD,19076307,20005875,11343905,7732402,-929568,-1974906,0,0,-1974906,0,3178483,None,-929568,8238487,-1045338,None,None,None,0,-5175318,0,0,-1045338,0,-1974906,-2579730,None,USD,27517206,None,None,383000,24858813,-20490632,None,1134000,547,-43532583,None,None,94185,2055948,23549529,14402123,14402123,None,3073049,24349972,None,-20490632,None,4104683,1309284,17806583,4513971,None,None,None,23149000,None,None,None,None,None,None,None,None,None,None,None,None,None,None,None,None,None,5000000,USD,None,-483193,-714211,None,1428544,1361294,-69000,603974,-1974906,257731,-389352,None,330125,None,1750,-7838772,-5813565,14493678,4650,None,None,None,3.1921,0.87
9,2018-03-31,USD,19951414,21304091,12920885,7030529,-1352677,-2286344,0,0,-2286344,0,1168950,None,-1352677,1989236,-933667,None,None,None,0,5175318,0,0,-933667,0,-2286344,-2890024,None,USD,28126350,None,None,683000,24039080,-19061755,None,957000,529,-41557677,None,None,94953,1798217,19175438,9741890,9741890,None,2820599,25210798,None,-19061755,None,3774605,4863642,18955223,4997164,None,None,None,23149000,None,None,None,None,None,None,None,None,None,None,None,None,None,None,None,None,None,5000000,USD,None,-2704981,-307340,None,-840000,-840000,-69000,-594775,-2286344,-3170698,-2023358,None,568078,None,1750,-7947647,-4690455,15632766,9514,None,None,None,3.02,3.1921
10,2017-12-31,USD,16413000,143976593,6902000,-120688678,-27369,6672061,0,0,6672061,0,12506000,None,-27369,2620530,556000,None,None,None,0,-55458222,0,0,6699430,0,6672061,13134165,None,USD,34009000,None,None,322000,27685000,6324000,None,1191000,1000,-39271333,None,None,96000,4969000,22987000,14094096,14094096,None,2948000,30964740,None,-16825113,None,4259468,4698000,21415000,7702000,None,None,None,23149000,None,None,None,None,None,None,None,None,None,None,None,None,None,None,None,None,None,5000000,USD,None,4428000,-2021538,None,8161792,8177000,None,665540,-8330761,-443580,-6598834,None,1616965,None,15000,-34298108,-21212888,50702405,2022000,None,None,None,3.8,3.02
11,2017-09-30,USD,16504000,-88466689,8426000,201682688,-8613071,-20821396,0,0,-20821396,0,8885000,None,-8613071,9095034,505000,None,None,None,0,104243800,0,0,-12208325,0,-20821396,-32881260,None,USD,21666000,18000,None,349000,11406000,10260000,None,452000,1000,-35285703,None,None,96000,3826000,7294000,4111862,4111862,None,2849000,18720718,None,-12924872,None,3394726,4112000,11151000,2730000,None,None,None,23167000,None,None,None,None,None,None,None,None,None,None,None,None,None,None,None,None,None,5000000,USD,None,148821,-507879,None,-1500000,-1500000,-69000,-38535,-1727617,-1707561,2174000,None,178635,None,1750,-5782152,-5684857,12850811,1487000,None,None,None,5.44,3.8
12,2017-06-30,USD,16687000,17698959,8355000,-62933622,2976461,6873085,0,0,6873085,0,8950000,None,2976461,-6170502,551000,None,None,None,0,-34566121,0,0,3896624,0,6873085,10703249,None,USD,24762000,19000,None,472000,12797000,11965000,None,611000,1000,-33558086,None,None,93000,5533000,5593000,9605320,9605320,None,2756000,21913400,None,-11220709,None,2391701,7204000,13516000,2581000,None,None,None,23167000,None,None,None,None,None,None,None,None,None,None,None,None,None,None,None,None,None,5000000,USD,None,246726,-502173,None,-788207,-773207,None,106741,-1563003,395523,1874000,None,513003,None,15000,-5507424,-5031179,12906039,980000,None,None,None,4.4,5.44
13,2017-03-31,USD,17442000,0,8769000,8671216,-498520,-1054511,0,0,-1054511,0,8802000,None,-498520,1673652,556000,None,None,None,0,4915750,0,0,-555991,0,-1054511,-1603311,None,USD,26627000,20000,None,493000,13133000,13494000,None,524000,1000,-31995083,None,None,94000,5138000,2858000,10275123,10275123,None,2647000,23885906,None,13474529,None,2120401,10275000,16135000,2334000,None,None,None,23167000,None,None,None,None,None,None,None,None,None,None,None,None,None,None,None,None,None,5000000,USD,None,-1615316,-477389,None,-788207,-773207,None,-6162106,-1054511,-274622,203000,None,8950424,None,15000,-6025515,-4854364,4938640,478000,None,None,None,4.8,4.4
14,2016-12-31,USD,14327000,57908108,6107000,18210640,-10328523,-12253707,0,0,-12253707,0,10899000,None,-10328523,4654261,479000,None,None,None,0,13281242,0,0,-1925184,0,-12253707,-13465671,None,USD,29156000,20000,None,362000,14630000,14526000,None,555000,1000,-30940572,None,None,88000,5412000,4473000,10156719,10156719,None,2541000,26526519,None,-8641604,None,2181787,10157000,18571000,3918000,None,None,None,23167000,None,None,None,None,None,None,None,None,None,None,None,None,None,None,None,None,None,5000000,USD,None,2101000,-1855088,None,768645,21244000,-1519339,-159402,-12253707,2016289,-17372429,None,1115203,None,42500,-30100878,-14710870,36152103,1855000,None,None,None,6.0,4.8
15,2016-09-30,USD,12328000,0,5709000,0,0,0,0,0,0,0,8478000,None,0,0,460000,None,None,None,0,0,0,0,0,0,0,0,None,USD,28153000,21000,None,329000,10146000,18007000,None,523000,5000,None,None,None,88000,13093000,6040000,None,None,None,2458000,None,None,None,None,None,4106000,10802000,2585000,None,None,None,23167000,None,None,None,None,None,None,None,None,None,None,None,None,None,None,None,None,None,5000000,USD,None,734000,None,None,None,18244000,None,None,None,None,None,None,None,None,None,None,None,None,1437000,None,None,None,0.52,6.0
16,2016-06-30,USD,10732000,0,5741000,0,0,0,0,0,0,0,7768000,None,0,0,496000,None,None,None,0,0,0,0,0,0,0,0,None,USD,31273000,22000,None,557000,10727000,20546000,None,658000,5000,None,None,None,89000,17816000,4960000,None,None,None,2235000,None,None,None,None,None,5767000,9495000,3149000,None,None,None,23593000,None,None,None,None,None,None,None,None,None,None,None,None,None,None,None,None,None,5000000,USD,None,1434000,None,None,None,18215000,None,None,None,None,None,None,None,None,None,None,None,None,918000,None,None,None,0.6,0.52
17,2016-03-31,USD,10193000,0,5866000,0,0,0,0,0,0,0,6229000,None,0,0,490000,None,None,None,0,0,0,0,0,0,0,0,None,USD,14473000,23000,None,374000,10898000,3575000,None,899000,5000,None,None,None,88000,1642000,3865000,None,None,None,1980000,None,None,None,None,None,7033000,9537000,1966000,None,None,None,1641000,None,None,None,None,None,None,None,None,None,None,None,None,None,None,None,None,None,5000000,USD,None,94000,None,None,None,None,None,None,None,None,None,None,None,None,None,None,None,None,404000,None,None,None,0.5155,0.6
18,2015-12-31,USD,7161000,28683228,3721000,5421972,-8003166,-8791104,0,0,-8997281,0,6312000,None,-8003166,2869980,373000,None,None,None,0,5647084,0,-78388,-994115,127789,-8918893,-8791104,None,USD,17477000,23000,None,237000,11309000,6168000,None,739000,5000,-18686865,None,None,89000,3396000,2523000,8786770,8786770,None,1798000,15589570,None,4503558,None,752159,8786000,11205000,1784000,None,None,None,1641000,None,None,None,None,None,None,None,None,None,None,None,None,None,None,None,None,None,5000000,USD,None,1207000,-1328113,None,8619563,15997000,-1972307,122709,-8791104,512857,-14156286,None,585332,None,9350000,-17714951,-6270409,16477290,1328000,None,None,None,0.6,0.5155
19,2015-09-30,USD,5406000,0,2818000,0,0,0,0,0,0,0,4294000,None,0,0,287000,None,None,None,0,0,0,0,0,0,0,0,None,USD,12997000,24000,None,328000,3411000,9586000,None,561000,5000,None,None,None,91000,4668000,1620000,None,None,None,1685000,None,None,None,None,None,1791000,5858000,1059000,None,None,None,1696000,None,None,None,None,None,None,None,None,None,None,None,None,None,None,None,None,None,5000000,USD,None,455000,None,None,None,8997000,None,None,None,None,None,None,None,None,None,None,None,None,1021000,None,None,None,0.47,0.6
