,fiscalDateEnding,reportedCurrency_x,totalRevenue,totalOperatingExpense,costOfRevenue,grossProfit,ebit,netIncome_x,researchAndDevelopment,effectOfAccountingCharges,incomeBeforeTax,minorityInterest,sellingGeneralAdministrative,otherNonOperatingIncome,operatingIncome,otherOperatingExpense,interestExpense,taxProvision,interestIncome,netInterestIncome,extraordinaryItems,nonRecurring,otherItems,incomeTaxExpense,totalOtherIncomeExpense,discontinuedOperations,netIncomeFromContinuingOperations,netIncomeApplicableToCommonShares,preferredStockAndOtherAdjustments,reportedCurrency_y,totalAssets,intangibleAssets,earningAssets,otherCurrentAssets,totalLiabilities,totalShareholderEquity,deferredLongTermLiabilities,otherCurrentLiabilities,commonStock,retainedEarnings,otherLiabilities,goodwill,otherAssets,cash,totalCurrentLiabilities,shortTermDebt,currentLongTermDebt,otherShareholderEquity,propertyPlantEquipment,totalCurrentAssets,longTermInvestments,netTangibleAssets,shortTermInvestments,netReceivables,longTermDebt,inventory,accountsPayable,totalPermanentEquity,additionalPaidInCapital,commonStockTotalEquity,preferredStockTotalEquity,retainedEarningsTotalEquity,treasuryStock,accumulatedAmortization,otherNonCurrrentAssets,deferredLongTermAssetCharges,totalNonCurrentAssets,capitalLeaseObligations,totalLongTermDebt,otherNonCurrentLiabilities,totalNonCurrentLiabilities,negativeGoodwill,warrants,preferredStockRedeemable,capitalSurplus,liabilitiesAndShareholderEquity,cashAndShortTermInvestments,accumulatedDepreciation,commonStockSharesOutstanding,reportedCurrency,investments,changeInLiabilities,cashflowFromInvestment,otherCashflowFromInvestment,netBorrowings,cashflowFromFinancing,otherCashflowFromFinancing,changeInOperatingActivities,netIncome_y,changeInCash,operatingCashflow,otherOperatingCashflow,depreciation,dividendPayout,stockSaleAndPurchase,changeInInventory,changeInAccountReceivables,changeInNetIncome,capitalExpenditures,changeInReceivables,changeInExchangeRate,changeInCashAndCashEquivalents,clossingVal,nextClossingVal
0,2020-06-30,USD,18208000,None,None,None,None,4117000,None,None,5464000,None,6446000,None,None,875000,5651000,1347000,21979000,16328000,None,None,None,1347000,None,None,4117000,4117000,None,USD,2300594000,1939000,None,None,2074144000,226450000,None,None,102573000,52514000,7916000,16253000,2006328000,131317000,None,None,None,863000,18720000,None,116239000,208258000,66757000,8656000,134372000,None,790000,None,None,None,None,None,None,None,None,None,None,None,None,None,None,None,None,None,None,None,None,None,None,USD,-209538000,0,-209538000,764000,10027000,203218000,197732000,-154000,4117000,-3429000,2891000,None,434000,-590000,-4006000,None,-3720000,2196000,0,None,None,None,6.52,
1,2020-03-31,USD,17085000,None,None,None,None,3233000,None,None,4238000,None,6837000,None,None,869000,6343000,1005000,22214000,15871000,None,None,None,1005000,None,None,3233000,3233000,None,USD,2092444000,1992000,None,None,1866185000,226259000,None,None,102387000,48987000,6675000,16253000,1811192000,120119000,None,None,None,538000,19305000,None,102486000,208014000,52400000,4936000,124327000,None,1436000,None,None,None,None,None,None,None,None,None,None,None,None,None,None,None,None,None,None,None,None,None,None,USD,-38860000,0,-38860000,142000,-3140000,77439000,84697000,-144000,3233000,45794000,7215000,None,486000,-613000,-3878000,None,-126000,3739000,0,None,None,None,6.94,6.52
2,2019-12-31,USD,17684000,9290000,None,17344000,None,3453000,None,None,5601000,None,6470000,None,8054000,913000,6844000,2148000,23035000,16191000,None,None,None,2148000,-19000,None,3453000,3453000,None,USD,2011587000,2083000,221170000,4810000,1785194000,226393000,None,None,101887000,46367000,7211000,16253000,1785044000,47879000,1641943000,None,None,27000,20081000,94052000,100462000,208057000,47462000,4810000,127440000,1363000,1076000,None,None,None,None,None,None,None,None,None,None,None,21964000,None,None,None,None,None,78112000,None,None,None,None,USD,20221000,0,20221000,1684000,-22000000,-34339000,-11725000,-2953000,3453000,-7561000,6557000,None,545000,-614000,None,None,-100000,5585000,184000,None,None,None,11.05,6.94
3,2019-09-30,USD,14881000,8397000,None,13323000,None,2882000,None,None,3829000,None,5989000,None,4926000,628000,6836000,947000,20812000,13976000,None,None,None,947000,-1097000,None,2882000,2882000,None,USD,2047373000,2232000,228508000,4710000,1824070000,223303000,None,None,101887000,43528000,11836000,18872000,1801759000,56070000,1654121000,None,None,2000,20276000,102644000,101590000,202199000,46923000,4710000,149413000,1864000,1513000,None,None,None,None,None,None,None,None,None,None,None,21937000,None,None,None,None,None,77886000,None,None,None,19000000,USD,-21909000,0,-21909000,-5154000,-18777000,18915000,38239000,1247000,2882000,2700000,5694000,None,722000,-563000,None,None,851000,-35000,497000,None,None,None,10.83,11.05
4,2019-06-30,USD,15088000,8796000,None,13367000,None,2840000,None,None,4240000,None,6416000,None,4571000,787000,6316000,1400000,20480000,14164000,None,None,None,1400000,-331000,None,2840000,2840000,None,USD,1830695000,1332000,219953000,5034000,1628453000,202242000,None,None,93376000,41209000,6596000,16074000,9896000,68524000,1444678000,None,None,-81000,19651000,99334000,98333000,184836000,48871000,5034000,168163000,776000,1181000,None,None,None,None,None,None,None,None,None,None,9016000,21910000,None,None,None,None,None,67738000,None,None,None,19000000,USD,-49879000,0,-79487000,-79142000,57902000,50068000,50278000,-365000,2840000,4948000,4759000,None,214000,-562000,97000,None,-161000,2204000,23000,None,None,None,11.74,10.83
5,2019-03-31,USD,14708000,8696000,None,14343000,None,4270000,None,None,5343000,None,6251000,None,5647000,662000,5808000,1073000,19843000,14035000,None,None,None,1073000,-304000,None,4270000,4270000,None,USD,1777301000,1393000,218134000,4873000,1577964000,199337000,None,None,93301000,38931000,6239000,16074000,10037000,63820000,1452195000,None,None,-460000,20059000,95144000,102200000,181870000,50251000,4873000,21883000,1451000,1421000,None,None,None,None,None,None,None,None,None,None,9296000,21883000,None,None,None,None,None,67565000,None,None,None,19000000,USD,-29608000,0,-29608000,-29286000,-5000000,52086000,57561000,79000,4270000,26275000,3797000,None,124000,-561000,86000,None,-615000,-170000,322000,None,None,None,11.53,11.74
6,2018-12-31,USD,13993000,8974000,6376000,13993000,0,4097000,0,0,4920000,0,8169000,None,5019000,805000,17794000,823000,19502000,14152000,0,0,0,823000,-99000,0,4097000,4097000,None,USD,1711159000,1363000,195432000,4258000,1516323000,194836000,None,None,93132000,35222000,6867000,16074000,10216000,55430000,1427124000,32875000,32875000,-935000,11003000,67068000,101071000,177399000,5925000,None,21856000,1455000,1393204000,None,None,None,None,None,None,None,None,None,None,None,21856000,None,None,None,None,None,67417000,None,None,None,None,USD,-1142000,-1959000,-140669000,-138876000,-17303000,115800000,118083000,441000,17589000,12052000,36921000,None,1130000,-2200000,1381000,None,None,4741000,1793000,None,None,None,12.12,11.53
7,2018-09-30,USD,15022000,7958000,5532000,15022000,0,5436000,0,0,6808000,0,7263000,None,7064000,695000,0,None,None,None,0,0,0,1372000,-256000,0,5436000,5436000,None,USD,1717146000,1440000,None,4317000,1526474000,190672000,None,None,93078000,31685000,7251000,15997000,1457201000,113866000,1386740000,None,None,-1273000,11343000,124170000,106995000,173235000,4721000,None,132483000,1266000,1385329000,None,None,None,None,None,None,None,None,None,None,None,None,None,None,None,None,None,None,None,None,None,19000000,USD,7031000,0,-25533000,-321000,6581000,70497000,64305000,214000,5436000,65859000,20895000,None,340000,-559000,None,15740000,None,14898000,848000,None,None,None,13.15,12.12
8,2018-06-30,USD,13692000,7715000,4744000,13692000,0,4019000,0,0,5038000,0,7064000,None,5977000,651000,0,None,None,None,0,0,0,1019000,-939000,0,4019000,4019000,None,USD,1640999000,1519000,None,26896000,1455493000,185506000,None,None,92951000,26808000,7644000,15997000,1416903000,48007000,1321968000,125881000,125881000,-1165000,10750000,81897000,113933000,167990000,5067000,None,125881000,1927000,1321068000,None,None,None,None,None,None,None,None,None,None,None,None,None,None,None,None,None,None,None,None,None,19000000,USD,21462000,0,-17551000,-2841000,5085000,27726000,22361000,1704000,4019000,14077000,3902000,None,289000,-556000,None,615000,None,-2032000,697000,None,None,None,13.9,13.15
9,2018-03-31,USD,12125000,6878000,4589000,12125000,0,4037000,0,0,4869000,0,6415000,None,5247000,463000,0,None,None,None,0,0,0,832000,-378000,0,4037000,4037000,None,USD,1483060000,868000,None,3803000,1316320000,166740000,None,None,87395000,23345000,3536000,10497000,1307887000,33930000,1191996000,120788000,120788000,-1069000,5826000,42176000,115806000,155375000,3297000,None,120788000,1146000,1190593000,None,None,None,None,None,None,None,None,None,None,None,None,None,None,None,None,None,None,None,None,None,18000000,USD,5560000,0,-41113000,-3964000,4173000,27491000,23524000,-430000,4037000,-9448000,4174000,None,231000,-525000,319000,None,25000,284000,128000,None,None,None,14.4,13.9
10,2017-12-31,USD,28981000,16549000,4095000,28981000,0,584000,0,0,4898000,0,4697000,None,7216000,1108000,11535000,None,None,None,0,0,0,4314000,-1588000,0,4646000,584000,None,USD,1452327000,11414000,None,4048000,1289077000,163250000,None,None,87003000,19232000,5368000,10497000,182057000,43158000,1196704000,28618000,28618000,-494000,5880000,52502000,115293000,151836000,4113000,None,116611000,1183000,1167098000,None,None,None,None,None,None,None,None,None,None,None,None,None,None,None,None,None,None,None,None,None,None,USD,-11968000,143000,-167881000,-8463000,10305000,164439000,116991000,-3074000,584000,13089000,16531000,None,714000,-1106000,38249000,None,None,7195000,428000,None,None,None,13.85,14.4
11,2017-09-30,USD,26216000,14519000,3640000,26216000,0,2479000,0,0,3792000,0,3722000,None,6672000,882000,0,None,None,None,0,0,0,1313000,-2535000,0,6189000,2479000,None,USD,1446790000,11463000,None,4970000,1283765000,163025000,None,None,86973000,19163000,4622000,10497000,181013000,67622000,1153112000,127286000,127286000,-329000,5862000,80149000,118281000,151562000,5530000,None,127286000,3510000,1151857000,None,None,None,None,None,None,None,None,None,None,None,None,None,None,None,None,None,None,None,None,None,None,USD,-14993000,410000,-43529000,-9007000,28377000,160149000,101721000,438000,2479000,41399000,11582000,None,176000,-756000,74000,4636000,None,3408000,229000,None,None,None,13.3,13.85
12,2017-06-30,USD,24214000,-14334000,3484000,-24214000,0,1987000,0,0,2901000,0,3547000,None,4565000,-875000,0,None,None,None,0,0,0,914000,1465000,0,-5785000,1987000,None,USD,1158546000,196000,None,2722000,1027577000,130969000,None,None,74866000,16967000,2624000,None,139311000,26223000,946756000,78801000,78801000,-345000,3214000,36219000,101735000,130773000,6057000,None,78801000,1217000,946152000,None,None,None,None,None,None,None,None,None,None,None,None,None,None,None,None,None,None,None,None,None,None,USD,959000,0,-77926000,272000,11840000,81502000,51226000,-1631000,1987000,-15726000,5301000,None,158000,-457000,38003000,1502000,None,673000,158000,None,None,None,11.65,13.3
13,2017-03-31,USD,8121000,4800000,2991000,8121000,0,1943000,0,0,2829000,0,3435000,None,4536000,291000,0,None,None,None,0,0,0,886000,-492000,0,1943000,1943000,None,USD,1096395000,209000,None,2267000,1005350000,91045000,None,None,57021000,15157000,4089000,None,139950000,41949000,935313000,66935000,66935000,-397000,3245000,50305000,103856000,90836000,4951000,None,66935000,1138000,934326000,None,None,None,None,None,None,None,None,None,None,None,None,None,None,None,None,None,None,None,None,None,None,USD,4149000,351000,-12943000,99000,-19243000,20060000,39398000,874000,1943000,11660000,4543000,None,150000,-228000,133000,1502000,306000,1243000,43000,None,None,None,11.95,11.65
14,2016-12-31,USD,27836000,17229000,3372000,27836000,0,1806000,0,0,2697000,0,3089000,None,4174000,1148000,9424000,None,None,None,0,0,0,891000,-1103000,0,6406000,1806000,None,USD,1073294000,224000,None,15673000,984488000,88806000,None,None,56885000,13142000,3403000,None,142332000,17189000,895570000,86151000,86151000,-469000,3338000,41624000,100550000,88582000,7440000,None,86151000,1292000,894934000,None,None,None,None,None,None,None,None,None,None,None,None,None,None,None,None,None,None,None,None,None,None,USD,-5967000,24000,-222308000,-8027000,40510000,210106000,155977000,1091000,1806000,-3042000,9160000,None,628000,-1106000,13613000,None,None,1813000,459000,None,None,None,11.6,11.95
15,2016-09-30,USD,0,0,2649000,0,0,1801000,0,0,2756000,0,3355000,None,4017000,0,0,None,None,None,0,0,0,955000,0,0,0,1801000,None,USD,1007685000,239000,None,None,920222000,87463000,None,None,56800000,11986000,2886000,None,119488000,None,None,None,None,None,3420000,None,None,None,None,None,43187000,1182000,874149000,None,None,None,None,None,None,None,None,None,None,None,None,None,None,None,None,None,None,None,None,None,None,USD,None,332000,None,None,None,146271000,135181000,None,1801000,None,7170000,None,None,None,None,None,None,None,404000,None,None,None,8.38,11.6
16,2016-06-30,USD,0,0,3020000,0,0,1443000,0,0,2104000,0,2925000,None,3483000,0,0,None,None,None,0,0,0,661000,0,0,0,1443000,None,USD,970689000,254000,None,None,885149000,85540000,None,None,56796000,10156000,2332000,None,112828000,None,None,None,None,None,3350000,None,None,None,None,None,30587000,1645000,852230000,None,None,None,None,None,None,None,None,None,None,None,None,None,None,None,None,None,None,None,None,None,None,USD,None,37000,None,207000,None,111759000,113247000,None,1443000,None,4150000,None,None,None,None,None,None,None,171000,None,None,None,6.94,8.38
17,2016-03-31,USD,0,0,3080000,0,0,1356000,0,0,1947000,0,2901000,None,3264000,0,0,None,None,None,0,0,0,591000,0,0,0,1356000,None,USD,917440000,269000,None,None,846967000,70473000,None,None,47321000,8610000,2422000,None,115647000,None,None,None,None,None,3434000,None,None,None,None,None,45560000,1670000,798985000,None,None,None,None,None,None,None,None,None,None,None,None,None,None,None,None,None,None,None,None,None,None,USD,None,430000,None,207000,None,60057000,59982000,None,1356000,None,2080000,None,None,None,None,None,None,None,119000,None,None,None,6.94,6.94
18,2015-12-31,USD,22797000,16417000,3031000,22797000,0,686000,0,0,763000,0,3034000,None,2242000,1088000,6941000,None,None,None,0,0,0,77000,-1308000,0,3887000,686000,None,USD,855501000,286000,None,9856000,786738000,68763000,None,None,47218000,7035000,2184000,None,131092000,25531000,739633000,45533000,45533000,-398000,3449000,41099000,98603000,68477000,4125000,None,45533000,1557000,739021000,None,None,None,None,None,None,None,None,None,None,None,None,None,None,None,None,None,None,None,None,None,None,USD,-23952000,275000,-166464000,164000,31462000,174286000,142640000,-324000,686000,12961000,5139000,None,608000,-1106000,177000,None,None,2122000,539000,None,None,None,6.61,6.94
19,2015-09-30,USD,0,0,2918000,0,0,724000,0,0,741000,0,2895000,None,2025000,0,0,None,None,None,0,0,0,17000,0,0,0,724000,None,USD,808031000,303000,None,None,739708000,68323000,None,None,47218000,6587000,1872000,None,132226000,None,None,None,None,None,3472000,None,None,None,None,None,35511000,1765000,702325000,None,None,None,None,None,None,None,None,None,None,None,None,None,None,None,None,None,None,None,None,None,None,USD,None,628000,None,38000,None,127566000,105922000,None,724000,None,4475000,None,None,None,None,None,None,None,426000,None,None,None,6.21,6.61
