,fiscalDateEnding,reportedCurrency_x,totalRevenue,totalOperatingExpense,costOfRevenue,grossProfit,ebit,netIncome_x,researchAndDevelopment,effectOfAccountingCharges,incomeBeforeTax,minorityInterest,sellingGeneralAdministrative,otherNonOperatingIncome,operatingIncome,otherOperatingExpense,interestExpense,taxProvision,interestIncome,netInterestIncome,extraordinaryItems,nonRecurring,otherItems,incomeTaxExpense,totalOtherIncomeExpense,discontinuedOperations,netIncomeFromContinuingOperations,netIncomeApplicableToCommonShares,preferredStockAndOtherAdjustments,reportedCurrency_y,totalAssets,intangibleAssets,earningAssets,otherCurrentAssets,totalLiabilities,totalShareholderEquity,deferredLongTermLiabilities,otherCurrentLiabilities,commonStock,retainedEarnings,otherLiabilities,goodwill,otherAssets,cash,totalCurrentLiabilities,shortTermDebt,currentLongTermDebt,otherShareholderEquity,propertyPlantEquipment,totalCurrentAssets,longTermInvestments,netTangibleAssets,shortTermInvestments,netReceivables,longTermDebt,inventory,accountsPayable,totalPermanentEquity,additionalPaidInCapital,commonStockTotalEquity,preferredStockTotalEquity,retainedEarningsTotalEquity,treasuryStock,accumulatedAmortization,otherNonCurrrentAssets,deferredLongTermAssetCharges,totalNonCurrentAssets,capitalLeaseObligations,totalLongTermDebt,otherNonCurrentLiabilities,totalNonCurrentLiabilities,negativeGoodwill,warrants,preferredStockRedeemable,capitalSurplus,liabilitiesAndShareholderEquity,cashAndShortTermInvestments,accumulatedDepreciation,commonStockSharesOutstanding,reportedCurrency,investments,changeInLiabilities,cashflowFromInvestment,otherCashflowFromInvestment,netBorrowings,cashflowFromFinancing,otherCashflowFromFinancing,changeInOperatingActivities,netIncome_y,changeInCash,operatingCashflow,otherOperatingCashflow,depreciation,dividendPayout,stockSaleAndPurchase,changeInInventory,changeInAccountReceivables,changeInNetIncome,capitalExpenditures,changeInReceivables,changeInExchangeRate,changeInCashAndCashEquivalents,clossingVal,nextClossingVal
0,2020-06-30,USD,426186000,374891000,320607000,105579000,76678000,27115000,None,None,34570000,None,53283000,None,51295000,1001000,19702000,7455000,-16576000,-19702000,None,None,None,7455000,2977000,None,27115000,27093000,None,USD,1771497000,121978000,None,4794000,1636101000,135396000,None,13476000,19000,-103312000,121090000,508182000,5390000,52506000,256362000,None,12510000,-11006000,504418000,580070000,51459000,-494764000,None,237250000,1067682000,238835000,122715000,None,None,None,None,None,None,None,5390000,None,1191427000,215991000,1206131000,90345000,1379739000,None,None,None,249695000,None,52506000,None,None,USD,5814000,16544000,5814000,10590000,-193297000,-195144000,-1847000,12382000,27115000,-129905000,59464000,None,22406000,None,None,20897000,None,674000,4776000,None,None,None,11.16,
1,2020-03-31,USD,330876000,326044000,272134000,58742000,29258000,-14066000,None,None,-13988000,None,54240000,None,4832000,-366000,20745000,78000,-17946000,-20745000,None,None,None,78000,1925000,None,-14066000,-14066000,None,USD,1912620000,132252000,None,14024000,1809429000,103191000,None,13145000,19000,-130427000,120473000,507681000,2147000,182411000,240129000,None,12510000,-13443000,522928000,696380000,51232000,-536742000,None,198358000,1258150000,259273000,125321000,None,None,None,None,None,None,None,2147000,None,1216240000,215677000,1395411000,85574000,1569300000,None,None,None,247042000,None,182411000,None,65000000,USD,-4278000,11406000,-4278000,None,171929000,171588000,-341000,-5500000,-14066000,147611000,-19225000,None,22501000,None,None,-21842000,None,9776000,4278000,None,None,None,5.98,11.16
2,2019-12-31,USD,363149000,352979000,296550000,66599000,35118000,-7676000,None,None,-10436000,None,56505000,None,10170000,-570000,21250000,-2760000,-19743000,-21250000,None,None,None,-2760000,644000,None,-7676000,-7676000,None,USD,1740058000,142674000,None,8890000,1619091000,120967000,None,13145000,19000,-116361000,115075000,508826000,3443000,34800000,226447000,12510000,12510000,-7063000,535828000,498995000,50034000,-530533000,None,178698000,1085793000,238483000,102426000,None,None,None,None,None,None,None,3701000,None,1241063000,217102000,1223158000,73306000,1392644000,None,None,None,244372000,None,34800000,None,64000000,USD,-8554000,-34584000,-8554000,11414000,-70631000,-81801000,-11591000,-960000,-7676000,-9052000,81064000,None,24304000,None,1703000,18382000,80744000,-1086000,9388000,None,None,None,11.56,5.98
3,2019-09-30,USD,464526000,416781000,362362000,102164000,75771000,22430000,None,None,28327000,None,55234000,None,47745000,-815000,23272000,5897000,-19282000,-23272000,None,None,None,5897000,3854000,None,22430000,22390000,None,USD,1866146000,154558000,None,19603000,1742142000,124004000,None,15457000,18000,-108685000,133037000,508588000,3198000,43852000,260857000,12510000,12510000,-8249000,539525000,606445000,53065000,-539142000,None,262506000,1156023000,256645000,138247000,None,None,None,None,None,None,None,3965000,None,1259701000,218007000,1292579000,95713000,1481285000,None,None,None,240920000,None,43852000,None,65000000,USD,-9199000,24193000,-9199000,10580000,-57855000,-56730000,-157000,3908000,22430000,27061000,93044000,None,24172000,None,1282000,34843000,-20325000,1814000,10270000,None,None,None,7.23,11.56
4,2019-06-30,USD,410219000,383421000,324405000,85814000,54008000,2954000,None,None,3835000,None,58640000,None,26798000,376000,25783000,881000,-45479000,-25783000,None,None,None,881000,2820000,None,2954000,-22045000,None,USD,1878164000,166480000,None,22432000,1779322000,98842000,None,15457000,18000,-131115000,133686000,508742000,2329000,16791000,242416000,12510000,12510000,-7539000,548800000,597737000,54076000,-576380000,None,252442000,1210546000,291696000,131697000,None,None,None,None,None,None,None,2329000,None,1280427000,218554000,1346642000,94256000,1536906000,None,None,None,237478000,None,16791000,None,64000000,USD,-1767000,25513000,-24542000,9509000,-6127000,-6339000,-395000,8937000,2954000,8616000,16633000,None,24390000,None,None,14366000,-59668000,-1873000,11102000,None,None,None,4.97,7.23
5,2019-03-31,USD,291858000,300865000,250053000,41805000,16721000,-25039000,None,None,-32336000,None,51391000,None,-9007000,-526000,24665000,-7297000,None,-24665000,None,None,None,-7297000,1336000,None,-25039000,-25039000,None,USD,1851917000,178450000,None,31801000,1758393000,93524000,None,15457000,18000,-134069000,134702000,508473000,2389000,8175000,215092000,12510000,12510000,-8859000,560138000,551793000,50674000,-593399000,None,196865000,1214659000,305534000,118379000,None,None,None,None,None,None,None,2389000,None,1300124000,217196000,1350179000,91633000,1543301000,None,None,None,236434000,None,8175000,None,64000000,USD,-22775000,-12447000,-22775000,174000,38872000,38689000,-183000,-2803000,-25039000,-27618000,-43955000,None,24392000,None,None,-20100000,-8145000,-1812000,22949000,None,None,None,4.22,4.97
6,2018-12-31,USD,339155000,337821000,280400000,58755000,1334000,-16952000,0,0,-20218000,0,45160000,None,1334000,-839000,-25344000,-4663000,None,None,-1397000,0,0,-3266000,-21552000,0,-16952000,-16952000,None,USD,1793252000,183789000,None,13109000,1685030000,108222000,None,39335000,18000,-115987000,151938000,508193000,7748000,35793000,222049000,12510000,12510000,-10740000,492167000,544089000,57266000,-583760000,None,202868000,1176095000,285030000,114708000,None,None,None,None,None,None,None,None,None,None,None,1311043000,None,None,None,None,None,234931000,None,35793000,None,64000000,USD,None,-29590000,-15580000,-443000,-3127000,-33683000,-30556000,3806000,-16952000,5445000,55791000,None,26050000,None,None,-20294000,81254000,9473000,19135000,None,None,None,3.76,4.22
7,2018-09-30,USD,434510000,404128000,357374000,77136000,30382000,5503000,0,0,8296000,0,35192000,None,30382000,-1538000,-21940000,2793000,None,None,0,0,0,2793000,-22086000,0,5503000,5478000,None,USD,1868102000,196987000,None,18170000,1739229000,128873000,0,58646000,18000,-99034000,156052000,507002000,8544000,30348000,270928000,12510000,12510000,-6598000,490439000,602273000,62857000,-575116000,0,280831000,1177382000,265609000,145112000,0,0,0,0,0,0,None,None,None,None,None,1312249000,None,None,None,None,None,234487000,None,30348000,None,64000000,USD,None,-422000,-14813000,-3998000,-3128000,-3248000,-120000,-13861000,5503000,166000,18063000,None,25924000,0,0,10606000,-11658000,-78000,13845000,None,None,None,7.46,3.76
8,2018-06-30,USD,416087000,387401000,340774000,75313000,28686000,6994000,0,0,14237000,0,37963000,None,28686000,-4536000,-17745000,3558000,None,None,0,0,0,7243000,-14449000,0,6994000,6957000,None,USD,1864282000,208211000,None,6335000,1743819000,120463000,0,59608000,18000,-104536000,158480000,506750000,8456000,30182000,272632000,12510000,12510000,-8084000,489527000,586901000,64437000,-594498000,0,267266000,1178665000,275850000,148843000,0,0,0,0,0,0,None,None,None,None,None,1312707000,None,None,None,None,None,233065000,None,30182000,None,64000000,USD,None,33444000,-16451000,-3030000,-3127000,-3256000,-129000,18650000,6994000,-23173000,-3317000,None,26037000,0,0,-4853000,-72059000,-13563000,8356000,None,None,None,9.73,7.46
9,2018-03-31,USD,289960000,306114000,255595000,34365000,-16154000,-19910000,0,0,-23595000,0,38262000,None,-16154000,-843000,-13308000,-3685000,None,None,0,0,0,-3685000,-7441000,0,-19910000,-19910000,None,USD,1766640000,220267000,None,23083000,1653549000,113091000,0,57452000,18000,-111532000,247600000,505063000,22757000,53355000,225986000,12510000,12510000,-6515000,414266000,547993000,56294000,-612239000,0,196313000,1179963000,268659000,127906000,0,0,0,0,0,0,None,None,None,None,None,1179963000,None,None,None,None,None,231120000,None,53355000,None,64000000,USD,None,-7980000,-4208000,-4990000,-3128000,-3264000,-136000,4305000,-19910000,-51179000,-43341000,None,27412000,0,0,-30772000,-3000,-18410000,9273000,None,None,None,8.32,9.73
10,2017-12-31,USD,361169000,1348168000,289853000,173401000,83137000,43158000,0,0,27934000,0,49470000,None,-14957000,-5305000,13206000,None,None,None,0,0,0,-32218000,-20044000,0,43552000,43158000,None,USD,1811238000,721445000,None,44682000,1678747000,132491000,0,110733000,18000,-92452000,183737000,496141000,820141000,104534000,242097000,12510000,12510000,-5098000,412572000,578525000,59696000,-588954000,0,192654000,1185432000,236655000,108560000,0,0,0,0,0,0,None,None,None,None,None,None,None,None,None,None,None,None,None,None,None,64000000,USD,None,-19424000,-66023000,23200000,88992000,86250000,-2742000,-68790000,43158000,64510000,42334000,None,115659000,0,0,1838000,-16831000,23819000,52514000,None,None,None,11.1,8.32
11,2017-09-30,USD,444257000,880978000,346198000,6511000,-153649000,-329000,0,0,-5153000,0,45766000,None,23135000,-6010000,15582000,None,None,None,0,0,0,-4824000,-30866000,0,-102068000,-102452000,None,USD,1846615000,748567000,None,28026000,1758280000,88335000,0,75015000,18000,-135610000,263463000,504964000,820244000,41131000,234621000,12510000,12510000,-5130000,426246000,600125000,None,-660232000,0,266676000,1182545000,264292000,133899000,0,0,0,0,0,0,None,None,None,None,None,None,None,None,None,None,None,None,None,None,None,64000000,USD,None,2668000,-50909000,23200000,-83127000,89390000,-122000,-3726000,-45218000,19107000,-39133000,None,0,0,0,18217000,0,30886000,38729000,None,None,None,4.5,11.1
12,2017-06-30,USD,436685000,-1017940000,345650000,36629000,101417000,11370000,0,0,21104000,0,53697000,None,8837000,6018000,17078000,None,None,None,0,0,0,9734000,0,0,78999000,79255000,None,USD,1937343000,764836000,None,103492000,1837419000,99924000,0,82348000,18000,-124108000,260804000,508474000,851992000,22024000,229068000,1272790000,1272790000,-5697000,432477000,652874000,None,-664912000,0,240058000,1260280000,287300000,125372000,0,0,0,0,0,0,None,None,None,None,None,None,None,None,None,None,None,None,None,None,None,64000000,USD,None,-23439000,-65404000,0,57872000,172639000,-2601000,-9099000,-33716000,-5516000,-126044000,None,0,0,0,49458000,0,4080000,30024000,None,None,None,8.23,4.5
13,2017-03-31,USD,338302000,361029000,282912000,38967000,-22727000,-22543000,0,0,-35907000,0,50301000,None,0,-2007000,13542000,None,None,None,0,0,0,-13364000,0,0,-22543000,-22607000,None,USD,1921009000,779145000,None,19139000,1809698000,111311000,0,63408000,18000,-112935000,261828000,507036000,848211000,27540000,247240000,1215399000,1215399000,-4491000,461932000,610866000,None,-667834000,0,242478000,1204899000,321709000,152761000,0,0,0,0,0,0,None,None,None,None,None,None,None,None,None,None,None,None,None,None,None,64000000,USD,None,2408000,-52423000,0,117375000,117368000,-7000,-5112000,-22543000,-12484000,-77783000,None,0,0,0,38305000,0,-3945000,17077000,None,None,None,19.5,8.23
14,2016-12-31,USD,354111000,1277337000,262604000,280454000,86625000,-15974000,0,0,-75304000,0,60124000,None,2798000,-9570000,21044000,None,None,None,0,0,0,-59846000,-149407000,3484000,-11090000,-11974000,None,USD,1824786000,773045000,None,11596000,1691869000,132917000,0,70216000,18000,-90392000,254541000,491447000,839269000,40024000,247521000,10500000,10500000,-5025000,452914000,532603000,55236000,-640128000,0,201481000,1089257000,279502000,134059000,0,0,0,0,0,0,None,None,None,None,None,None,None,None,None,None,None,None,None,None,None,49000000,USD,None,-27655000,-1062447000,23200000,659332000,981728000,234871000,-3016000,-7606000,-3566000,76925000,None,93503000,0,0,14916000,16852000,-40698000,54289000,None,None,None,21.66,19.5
15,2016-09-30,USD,441132000,0,311328000,0,0,8368000,0,0,12522000,0,60154000,None,41160000,0,31756000,None,None,None,0,0,0,8154000,0,0,0,4368000,None,USD,2051310000,690943000,None,20639000,1846923000,204387000,0,71641000,0,0,21376000,421994000,748446000,36217000,234845000,None,None,None,646719000,0,None,None,0,None,1471180000,310653000,148449000,0,0,0,0,0,0,None,None,None,None,None,None,None,None,None,None,None,None,None,None,None,45000000,USD,None,7854000,0,0,None,860219000,21292000,None,8368000,None,30872000,None,0,0,0,18370000,0,None,27043000,None,None,None,nan,21.66
16,2016-06-30,USD,381723000,0,262032000,0,0,36689000,0,0,5673000,0,52060000,None,42495000,0,24839000,None,None,None,0,0,0,0,0,0,0,31846000,None,USD,2034110000,675401000,None,16328000,1830643000,203467000,None,66659000,None,None,21784000,416231000,734973000,41817000,225170000,None,None,None,648621000,None,None,None,None,None,1450711000,322283000,136525000,None,None,None,None,None,None,None,None,None,None,None,None,None,None,None,None,None,None,None,None,None,45000000,USD,None,None,None,None,None,861868000,47941000,None,36689000,None,None,None,None,None,None,6940000,None,None,16340000,None,None,None,nan,nan
17,2016-03-31,USD,186996000,0,138963000,0,0,0,0,0,0,0,31061000,None,5680000,0,17290000,None,None,None,0,0,0,0,0,0,0,0,None,USD,None,None,None,None,None,None,None,None,None,None,None,None,None,None,None,None,None,None,None,None,None,None,None,None,None,None,None,None,None,None,None,None,None,None,None,None,None,None,None,None,None,None,None,None,None,None,None,None,45000000,USD,None,None,None,None,None,None,None,None,None,None,None,None,None,None,None,None,None,None,0,None,None,None,nan,nan
18,2015-12-31,USD,196342000,696610000,159632000,140811000,20363000,-88542000,0,0,-71300000,0,31362000,None,6013000,-2412000,17280000,None,None,None,0,0,0,1342000,-91663000,-12592000,-75950000,-82786000,None,USD,938875000,101599000,None,2844000,886560000,52315000,None,58053000,None,-82786000,6754000,75537000,173943000,43590000,173803000,2191000,2191000,-4768000,388924000,376008000,56289000,-49239000,None,106626000,703638000,210615000,96486000,None,None,None,None,None,None,None,None,None,None,None,None,None,None,None,None,None,None,None,None,None,None,USD,None,51805000,-900801000,2194000,725038000,883487000,158469000,3070000,-88542000,53381000,73193000,None,29639000,None,228392000,39346000,21380000,10912000,17467000,None,None,None,nan,nan
19,2015-09-30,USD,136696000,0,94094000,0,0,0,0,0,0,0,26682000,None,14350000,0,13120000,None,None,None,0,0,0,2471000,0,0,0,0,None,USD,None,None,None,None,None,None,None,None,None,None,None,None,None,None,None,None,None,None,None,None,None,None,None,None,None,None,None,None,None,None,None,None,None,None,None,None,None,None,None,None,None,None,None,None,None,None,None,None,None,USD,None,None,None,None,None,None,None,None,None,None,None,None,None,None,None,None,None,None,0,None,None,None,nan,nan
