,fiscalDateEnding,reportedCurrency_x,totalRevenue,totalOperatingExpense,costOfRevenue,grossProfit,ebit,netIncome_x,researchAndDevelopment,effectOfAccountingCharges,incomeBeforeTax,minorityInterest,sellingGeneralAdministrative,otherNonOperatingIncome,operatingIncome,otherOperatingExpense,interestExpense,taxProvision,interestIncome,netInterestIncome,extraordinaryItems,nonRecurring,otherItems,incomeTaxExpense,totalOtherIncomeExpense,discontinuedOperations,netIncomeFromContinuingOperations,netIncomeApplicableToCommonShares,preferredStockAndOtherAdjustments,reportedCurrency_y,totalAssets,intangibleAssets,earningAssets,otherCurrentAssets,totalLiabilities,totalShareholderEquity,deferredLongTermLiabilities,otherCurrentLiabilities,commonStock,retainedEarnings,otherLiabilities,goodwill,otherAssets,cash,totalCurrentLiabilities,shortTermDebt,currentLongTermDebt,otherShareholderEquity,propertyPlantEquipment,totalCurrentAssets,longTermInvestments,netTangibleAssets,shortTermInvestments,netReceivables,longTermDebt,inventory,accountsPayable,totalPermanentEquity,additionalPaidInCapital,commonStockTotalEquity,preferredStockTotalEquity,retainedEarningsTotalEquity,treasuryStock,accumulatedAmortization,otherNonCurrrentAssets,deferredLongTermAssetCharges,totalNonCurrentAssets,capitalLeaseObligations,totalLongTermDebt,otherNonCurrentLiabilities,totalNonCurrentLiabilities,negativeGoodwill,warrants,preferredStockRedeemable,capitalSurplus,liabilitiesAndShareholderEquity,cashAndShortTermInvestments,accumulatedDepreciation,commonStockSharesOutstanding,reportedCurrency,investments,changeInLiabilities,cashflowFromInvestment,otherCashflowFromInvestment,netBorrowings,cashflowFromFinancing,otherCashflowFromFinancing,changeInOperatingActivities,netIncome_y,changeInCash,operatingCashflow,otherOperatingCashflow,depreciation,dividendPayout,stockSaleAndPurchase,changeInInventory,changeInAccountReceivables,changeInNetIncome,capitalExpenditures,changeInReceivables,changeInExchangeRate,changeInCashAndCashEquivalents,clossingVal,nextClossingVal
0,2020-06-30,USD,642411000,86564000,504951000,137460000,50379000,36911000,22483000,None,46822000,None,57770000,-517000,50896000,None,3254000,10214000,3674000,420000,None,6311000,None,10214000,-10494000,None,36608000,36911000,None,USD,7072618000,61194000,None,343934000,1845822000,5226796000,None,183607000,106000,2445022000,505620000,14462000,1235732000,1052700000,747036000,77029000,77029000,-67260000,2509441000,2731176000,3097000,5151140000,494080000,287684000,387727000,552778000,486400000,None,None,106000,None,2445022000,None,None,1551403000,None,204942000,211330000,387727000,711059000,1098786000,None,None,None,2848928000,7072618000,1546780000,None,105960516,USD,92722000,-35937000,-15159000,525000,-8776000,-9229000,-453000,12220000,36911000,123381000,147769000,43437000,57597000,None,None,-31175000,None,16586000,108406000,60350000,None,123381000,49.5,
1,2020-03-31,USD,532124000,88682000,441786000,90338000,8278000,90704000,25613000,None,1577000,None,58587000,6622000,1656000,None,6789000,-89215000,9330000,2541000,None,4482000,None,-89215000,-2620000,None,90792000,90704000,None,USD,6949141000,63918000,None,424357000,1780519000,5168622000,None,171783000,106000,2408111000,522699000,14462000,1244583000,929355000,732435000,81807000,81807000,-83650000,2426434000,2747843000,2702000,5090242000,579340000,290281000,390588000,524510000,478845000,None,None,106000,None,2408111000,None,None,1482884000,None,213600000,137077000,390588000,657496000,1048084000,None,None,None,2844055000,6949141000,1508695000,None,105905580,USD,223142000,-656239000,96446000,-14150000,-325000,-13440000,-13115000,-727721000,90704000,-421858000,-504864000,-134156000,56279000,None,None,-48896000,None,-55236000,112546000,242680000,None,-421858000,36.06,49.5
2,2019-12-31,USD,1399377000,451421000,1065822000,333555000,-87225000,-59408000,25427000,None,-90194000,None,418643000,30641000,-117866000,None,3048000,-30865000,9663000,6615000,None,7351000,None,-30865000,-341943000,None,-59329000,-59408000,None,USD,7515689000,64543000,None,279979000,2418922000,5096767000,None,714347000,105000,2326620000,526803000,14462000,1030201000,1352741000,1318208000,17510000,17510000,-79334000,2341795000,3599834000,2812000,5017762000,811506000,658512000,454187000,497096000,586351000,None,None,105000,None,2326620000,None,None,1364284000,130771000,3915855000,123617000,454187000,646527000,1100714000,None,None,None,2849376000,7515689000,2164247000,None,105448921,USD,-143614000,618115000,-307663000,-5903000,-6780000,-6799000,-19000,822971000,-59408000,467231000,781693000,212067000,55505000,None,None,140228000,-125397000,-59417000,158146000,-125397000,None,467231000,55.96,36.06
3,2019-09-30,USD,546806000,97059000,408443000,138363000,50633000,30622000,24912000,None,45592000,None,53542000,9329000,41304000,None,4976000,15035000,11454000,6478000,None,18605000,None,15035000,-2190000,None,30557000,30622000,None,USD,7054687000,66785000,None,324992000,1872204000,5182483000,None,121705000,105000,2386028000,508372000,14462000,1158687000,878999000,760806000,28240000,28240000,-39518000,2259542000,3043490000,2917000,5101236000,661552000,532319000,452064000,645628000,610861000,None,None,105000,None,2386028000,None,None,1604294000,66114000,4011197000,153477000,452064000,659334000,1111398000,None,None,None,2835868000,7054687000,1540551000,None,105406367,USD,145858000,-119700000,-36749000,128000,-6780000,1023000,1023000,-312471000,30622000,-353348000,-317622000,-200889000,51154000,None,None,29272000,-136497000,28416000,182735000,-136497000,None,-353348000,58.01,55.96
4,2019-06-30,USD,584956000,85766000,507774000,77182000,2117000,-18548000,24395000,None,-6707000,None,50934000,10701000,-8584000,None,8921000,11744000,13510000,4589000,None,10437000,None,11744000,-2712000,None,-18451000,-18548000,None,USD,7137807000,69119000,None,307269000,2002683000,5135124000,None,135578000,105000,2355406000,566227000,14462000,1161644000,1221568000,843319000,28312000,28312000,-46920000,2155491000,3412246000,2833000,5051543000,807561000,397499000,452976000,678349000,679429000,None,None,105000,None,2355406000,None,None,1409597000,76892000,3725561000,143318000,452976000,706388000,1159364000,None,None,None,2826533000,7137807000,2029129000,None,105390383,USD,297675000,-58083000,121885000,2878000,-6987000,-7119000,-132000,-60697000,-18548000,128336000,13570000,-76085000,49944000,None,None,-165926000,271196000,11072000,178668000,271196000,None,128336000,65.68,58.01
5,2019-03-31,USD,531978000,76751000,531866000,112000,-58872000,-67599000,21877000,None,-68820000,None,45352000,17767000,-76639000,None,10121000,-1394000,4310000,4138000,None,9522000,None,-1394000,3681000,None,-67426000,-67599000,None,USD,7256926000,71641000,None,357441000,2127765000,5129161000,None,186521000,105000,2373954000,586085000,14462000,1136400000,1013402000,836516000,12361000,12361000,-59013000,2001485000,3662826000,2960000,5043058000,1103812000,668809000,558356000,519362000,637634000,None,None,105000,None,2373954000,None,None,1428229000,78283000,3594100000,145287000,558356000,732893000,1291249000,None,None,None,2814115000,7256926000,2117214000,None,105352685,USD,9376000,-31358000,-139771000,21000,103800000,87838000,-15962000,-75101000,-67599000,-355373000,-303440000,-90337000,48872000,None,None,-87102000,-82896000,6980000,149168000,-82896000,None,-355373000,52.84,65.68
6,2018-12-31,USD,691241000,87302000,592931000,98310000,59176000,52116000,21388000,0,48185000,0,51338000,48168000,11008000,0,11476000,None,None,None,10400000,14576000,0,-4416000,36692000,0,52601000,52116000,None,USD,7121362000,74162000,None,280991000,1908959000,5212403000,None,144135000,105000,2441553000,593076000,14462000,1105178000,1403562000,845457000,5570000,5768000,-54466000,1886294000,3859523000,26018000,5123779000,1143704000,586448000,470426000,444818000,695752000,None,None,105000,None,2441553000,None,None,1183221000,77682000,3261839000,None,461221000,602281000,1063502000,None,None,None,2825211000,7121362000,2547266000,None,104885261,USD,242552000,-35867000,113009000,-325000,116331000,112045000,-4286000,-66996000,52116000,39555000,-185499000,-179090000,41544000,None,None,-98918000,-23575000,58291000,129218000,-23575000,None,39555000,42.455,52.84
7,2018-09-30,USD,676220000,70652000,547093000,129127000,63344000,57750000,22390000,0,63379000,0,33539000,4869000,58475000,0,3198000,None,None,None,0,14723000,0,2396000,1671000,0,60983000,57750000,None,USD,7094555000,74585000,None,224530000,1923598000,5170957000,47677000,227906000,105000,2389438000,585967000,14462000,1134605000,1434883000,868184000,2618000,2666000,-35171000,1795395000,3886089000,3192000,5081910000,1295049000,584141000,469447000,347486000,637660000,0,0,105000,0,2389438000,0,None,1212196000,108636000,3208466000,None,463485000,591929000,1055414000,None,None,None,2816585000,7094555000,2729932000,None,104814322,USD,-185055000,-2687000,-422902000,150000,73599000,73192000,-407000,53014000,57750000,-574876000,-225166000,-16744000,34428000,0,0,-46166000,-260378000,8631000,237997000,-260378000,None,-574876000,48.42,42.455
8,2018-06-30,USD,309318000,95576000,317376000,-8058000,-48590000,-48491000,20370000,0,-94740000,0,50854000,55044000,-103634000,0,6065000,None,None,None,0,24352000,0,-6164000,48979000,0,-88576000,-48491000,None,USD,7025692000,77095000,None,220028000,1914864000,5110828000,58771000,235657000,105000,2331688000,642902000,14462000,1139244000,2024491000,815412000,7741000,7844000,-30237000,1603337000,3986040000,8110000,5019271000,1110421000,324488000,456550000,306612000,572014000,0,0,105000,0,2331688000,0,None,1242918000,93730000,3039652000,None,448554000,650898000,1099452000,None,None,None,2809272000,7025692000,3134912000,None,104797535,USD,197511000,254890000,1868000,-745000,28031000,27835000,-196000,119149000,-48491000,158845000,129142000,-118141000,30345000,0,0,-71521000,119288000,-37228000,194898000,119288000,None,158845000,52.66,48.42
9,2018-03-31,USD,567265000,98534000,394467000,172798000,99758000,82951000,20324000,0,96323000,0,41126000,25494000,74264000,0,5182000,None,None,None,0,37084000,0,11625000,20312000,0,84698000,82951000,None,USD,6840189000,79607000,None,207300000,1680818000,5159371000,62535000,103169000,105000,2380178000,660079000,14462000,1108081000,1858338000,553738000,6062000,6117000,-18583000,1428039000,3770299000,248753000,5065302000,1020136000,445081000,438349000,239444000,444507000,0,0,105000,0,2380178000,0,None,1234602000,64427000,3069890000,None,431817000,695263000,1127080000,None,None,None,2797671000,6840189000,2878474000,None,104762691,USD,-191736000,-67683000,-374689000,-5228000,54027000,42156000,-11871000,-19257000,82951000,-377819000,-45286000,2236000,24419000,0,0,-40624000,-37633000,-8952000,177725000,-37633000,None,-377819000,70.98,52.66
10,2017-12-31,USD,339181000,97141000,277111000,62070000,-27616000,-432454000,23583000,0,-32493000,0,54997000,7455000,-35071000,0,6073000,None,None,None,0,18561000,0,398765000,-8651000,0,-431258000,-432454000,None,USD,6864501000,80227000,None,235833000,1765804000,5098697000,63257000,130573000,104000,2297227000,704397000,14462000,1460084000,2268534000,650276000,13075000,13075000,2259000,1267814000,3832772000,267873000,5004008000,720379000,406816000,410287000,201210000,506628000,0,0,104000,0,2297227000,0,None,1349936000,51417000,3031729000,None,380465000,735063000,1115528000,None,None,None,2799107000,6864501000,2988913000,None,104468460,USD,-20187000,171011000,-222843000,-3428000,55311000,40439000,-14872000,745680000,-432454000,251554000,433958000,-6148000,25761000,0,0,34196000,85760000,227276000,199228000,414316000,None,251554000,67.52,70.98
11,2017-09-30,USD,1087026000,84811000,795226000,291800000,217476000,205747000,20850000,0,209282000,0,50546000,10487000,206989000,0,4149000,None,None,None,0,13415000,0,7580000,0,0,201702000,205747000,None,USD,7054693000,81765000,None,209667000,1542297000,5512396000,63643000,113141000,104000,2729681000,602693000,14462000,1693597000,2019073000,579017000,13451000,13451000,-5856000,1050531000,3966494000,297093000,5416169000,699544000,799763000,360587000,238447000,452425000,0,0,104000,0,2729681000,0,None,1367925000,276423000,3088199000,None,330209000,633071000,963280000,None,None,None,2788467000,7054693000,2718617000,None,104431990,USD,19453000,74080000,-77517000,657000,19485000,14688000,-4797000,386017000,205747000,518550000,581379000,347288000,28612000,0,0,123341000,328556000,-4367000,97627000,-193322000,None,518550000,45.88,67.52
12,2017-06-30,USD,623326000,96965000,512433000,110893000,18309000,51963000,21341000,0,9966000,0,48957000,4381000,13928000,0,6374000,None,None,None,0,26667000,0,-40028000,0,0,49994000,51963000,None,USD,6680286000,83834000,None,208693000,1388977000,5291309000,0,180192000,104000,2523934000,546963000,14462000,1996820000,1509516000,503848000,13574000,432628000,-12023000,886685000,3436912000,275963000,5193013000,719569000,628514000,338166000,370620000,310082000,0,0,104000,0,2523934000,0,None,1719551000,262879000,3243374000,None,307459000,577670000,885129000,None,None,None,2779294000,6680286000,2229085000,None,104395532,USD,70137000,-57566000,-33252000,1120000,38701000,34754000,-3947000,95053000,51963000,-166302000,-167804000,107807000,27972000,0,0,93352000,135234000,-3854000,104509000,-387478000,None,-158995000,39.88,45.88
13,2017-03-31,USD,891791000,92179000,807607000,84184000,23977000,9129000,22799000,0,15360000,0,48199000,31972000,-7995000,0,9169000,None,None,None,0,21181000,0,5679000,0,0,9681000,9129000,None,USD,6604503000,85902000,None,177358000,1376697000,5227806000,0,181717000,104000,2471971000,551656000,14462000,2130424000,1656245000,527051000,11540000,11540000,-12210000,791481000,3330238000,278463000,5127442000,789442000,241322000,297990000,465871000,333794000,0,0,104000,0,2471971000,0,None,1852504000,251453000,3274265000,None,265823000,583823000,849646000,None,None,None,2767941000,6604503000,2445687000,None,104289617,USD,-181605000,-326641000,-293190000,1408000,72622000,102164000,29542000,533534000,9129000,302118000,493144000,533534000,32968000,0,0,-38131000,252244000,30041000,112993000,252244000,-7307000,294811000,27.1,39.88
14,2016-12-31,USD,480434000,829001000,416845000,63589000,-626971000,-696083000,29471000,0,-776451000,0,70370000,138441000,-765412000,0,3182000,None,None,None,0,729160000,0,65930000,-643586000,0,-842381000,-696083000,None,USD,6867213000,87970000,None,918262000,1654526000,5212687000,0,339123000,104000,2463279000,543882000,14462000,2002850000,1347155000,899707000,27966000,27966000,-9907000,729654000,3786620000,297098000,5110255000,607991000,487217000,193736000,425995000,532618000,0,0,104000,0,2463279000,0,None,1698754000,252655000,3080593000,None,160422000,594397000,754819000,None,None,None,2759211000,6867213000,1955146000,None,104034731,USD,79123000,87702000,264123000,238584000,-598644000,-637220000,-38576000,-419301000,-696083000,-65771000,307326000,-73531000,58719000,0,0,20477000,92747000,794504000,53584000,115538000,-13048000,-78819000,32.09,27.1
15,2016-09-30,USD,688029000,97584000,501749000,186280000,109187000,154146000,32173000,0,93150000,0,60345000,20491000,88696000,0,5563000,None,None,None,0,5066000,0,-50522000,0,0,143672000,154146000,None,USD,8087660000,72386000,None,359355000,2141901000,5945759000,0,159178000,104000,3128229000,539604000,78888000,2868659000,1414219000,1407324000,626026000,626026000,49864000,1368499000,3465418000,469276000,5794485000,675985000,568831000,194973000,447028000,622120000,0,0,104000,0,3128229000,0,None,2286112000,347081000,4622242000,None,161131000,573446000,734577000,None,None,None,2767562000,8087660000,2090204000,None,103912069,USD,72923000,-172450000,29545000,2351000,552320000,542333000,-9987000,-226929000,154146000,496086000,-75792000,-123123000,57142000,0,0,32441000,22791000,7176000,45729000,-31124000,1473000,497559000,39.49,32.09
16,2016-06-30,USD,934381000,182294000,743216000,191165000,29606000,13408000,32931000,0,12279000,0,63776000,20735000,8871000,0,7151000,None,None,None,0,85587000,0,9047000,0,0,3232000,13408000,None,USD,7544020000,68218000,None,389483000,1739375000,5804645000,0,150819000,102000,2974083000,591348000,78888000,2788373000,916660000,952029000,71591000,71591000,56639000,1372152000,3076621000,449497000,5657539000,750779000,542399000,195998000,477300000,729619000,0,0,102000,0,2974083000,0,None,2146930000,351714000,4467399000,None,161839000,625507000,787346000,None,None,None,2773821000,7544020000,1667439000,None,102349660,USD,38816000,-32467000,-38501000,1068000,-69082000,-54690000,14392000,-225476000,13408000,-168466000,-75275000,-188987000,56704000,0,0,122408000,8333000,62669000,78385000,-109010000,-1154000,-169620000,48.48,39.49
17,2016-03-31,USD,848484000,97690000,585539000,262945000,208971000,170565000,30187000,0,199332000,0,67503000,43716000,165255000,0,4642000,None,None,None,0,85587000,0,33764000,0,0,165568000,170565000,None,USD,7577789000,107020000,None,357916000,1838844000,5738945000,0,187451000,102000,2960675000,533871000,84985000,2922997000,1086280000,1064129000,94080000,94080000,27094000,1384471000,3274157000,410020000,5546940000,794220000,436731000,240844000,599010000,782598000,0,0,102000,0,2960675000,0,None,1957177000,359959000,4303632000,None,205262000,569453000,774715000,None,None,None,2751074000,7577789000,1880500000,None,102219007,USD,-88161000,49180000,-110647000,29268000,-421000,13184000,13605000,-216412000,170565000,-46969000,50494000,-216412000,58375000,0,0,-79541000,117343000,-49016000,51754000,117343000,6423000,-40546000,68.47,48.48
18,2015-12-31,USD,942324000,99615000,710886000,231438000,153795000,164905000,36728000,0,130825000,0,62887000,21972000,131823000,0,4180000,None,None,None,0,16818000,0,-15290000,-104424000,0,146115000,164905000,None,USD,7316331000,110002000,None,436917000,1767844000,5548487000,0,86318000,102000,2790110000,509762000,84985000,2592868000,1126826000,960800000,38090000,45015000,15480000,1391895000,3345586000,417692000,5353500000,703454000,561076000,288031000,517313000,836392000,0,0,102000,0,2790110000,0,None,1608478000,357693000,3970745000,None,251325000,555719000,807044000,None,None,None,2742795000,7316331000,1830280000,None,101766797,USD,-89091000,69262000,-109735000,6524000,1648000,-5392000,-7040000,-719653000,164135000,-62030000,53097000,-222232000,63902000,0,0,-33734000,-427648000,736000,27168000,11028000,-847000,-62877000,65.99,68.47
19,2015-09-30,USD,1271245000,86544000,786880000,484365000,399547000,349318000,29630000,0,397887000,0,53716000,1726000,397821000,0,1775000,None,None,None,0,3198000,0,48454000,0,0,349433000,349318000,None,USD,7060642000,112470000,None,308820000,1671914000,5388728000,0,65734000,101000,2625975000,491606000,84985000,2385839000,1189703000,896287000,38663000,None,28491000,1438612000,3251329000,316857000,5191273000,619814000,649417000,284021000,483575000,791890000,0,0,101000,0,2625975000,0,None,1592189000,264200000,3809313000,None,246814000,528813000,775627000,None,None,None,2734161000,7060642000,1809517000,None,100919021,USD,112539000,-35299000,100373000,32993000,-1864000,-1078000,786000,None,350088000,120297000,21002000,-240256000,64766000,0,0,90881000,351320000,7089000,45159000,-216267000,-5738000,114559000,42.75,65.99
