,fiscalDateEnding,reportedCurrency_x,totalRevenue,totalOperatingExpense,costOfRevenue,grossProfit,ebit,netIncome_x,researchAndDevelopment,effectOfAccountingCharges,incomeBeforeTax,minorityInterest,sellingGeneralAdministrative,otherNonOperatingIncome,operatingIncome,otherOperatingExpense,interestExpense,taxProvision,interestIncome,netInterestIncome,extraordinaryItems,nonRecurring,otherItems,incomeTaxExpense,totalOtherIncomeExpense,discontinuedOperations,netIncomeFromContinuingOperations,netIncomeApplicableToCommonShares,preferredStockAndOtherAdjustments,reportedCurrency_y,totalAssets,intangibleAssets,earningAssets,otherCurrentAssets,totalLiabilities,totalShareholderEquity,deferredLongTermLiabilities,otherCurrentLiabilities,commonStock,retainedEarnings,otherLiabilities,goodwill,otherAssets,cash,totalCurrentLiabilities,shortTermDebt,currentLongTermDebt,otherShareholderEquity,propertyPlantEquipment,totalCurrentAssets,longTermInvestments,netTangibleAssets,shortTermInvestments,netReceivables,longTermDebt,inventory,accountsPayable,totalPermanentEquity,additionalPaidInCapital,commonStockTotalEquity,preferredStockTotalEquity,retainedEarningsTotalEquity,treasuryStock,accumulatedAmortization,otherNonCurrrentAssets,deferredLongTermAssetCharges,totalNonCurrentAssets,capitalLeaseObligations,totalLongTermDebt,otherNonCurrentLiabilities,totalNonCurrentLiabilities,negativeGoodwill,warrants,preferredStockRedeemable,capitalSurplus,liabilitiesAndShareholderEquity,cashAndShortTermInvestments,accumulatedDepreciation,commonStockSharesOutstanding,reportedCurrency,investments,changeInLiabilities,cashflowFromInvestment,otherCashflowFromInvestment,netBorrowings,cashflowFromFinancing,otherCashflowFromFinancing,changeInOperatingActivities,netIncome_y,changeInCash,operatingCashflow,otherOperatingCashflow,depreciation,dividendPayout,stockSaleAndPurchase,changeInInventory,changeInAccountReceivables,changeInNetIncome,capitalExpenditures,changeInReceivables,changeInExchangeRate,changeInCashAndCashEquivalents,clossingVal,nextClossingVal
0,2020-06-30,USD,621597000,576297000,412010000,209587000,68538000,27122000,None,None,39520000,162613000,140799000,None,45300000,None,5530000,9603000,-5530000,-5530000,None,None,None,9603000,-250000,None,29917000,27122000,None,USD,2034015000,344545000,None,20028000,1431698000,602317000,None,3788000,761281000,-211554000,122961000,644794000,11884000,245257000,440575000,None,56669000,-3392000,268264000,764528000,None,-387022000,None,361046000,588525000,100187000,79501000,None,None,None,None,None,None,None,7950000,None,1269487000,150069000,588525000,56793000,991123000,None,None,None,None,None,245257000,None,None,USD,-7336000,41902000,-7336000,-603000,-105072000,25589000,-13495000,9847000,27122000,132101000,113222000,None,23488000,-6867000,150008000,-3539000,11911000,2491000,6733000,None,None,None,100.75,
1,2020-03-31,USD,633831000,617442000,435149000,198682000,39720000,5285000,None,None,7326000,170992000,158786000,None,16389000,None,8887000,1546000,-8887000,-8887000,None,None,None,1546000,-176000,None,5780000,5285000,None,USD,1922290000,353778000,None,14959000,1496509000,425781000,None,5786000,609963000,-231509000,122327000,643202000,11644000,118225000,396632000,51149000,51149000,-6507000,265039000,648627000,None,-571199000,None,372904000,698835000,97273000,75009000,None,None,None,None,None,None,None,4525000,None,1273663000,139429000,698835000,53774000,1099877000,None,None,None,53834000,None,118225000,None,41000000,USD,-15531000,-8075000,-15531000,-183000,-16852000,-24485000,-5020000,-2013000,5285000,-1107000,39819000,None,23507000,-6224000,3611000,-2130000,20982000,2263000,15348000,None,None,None,77.12,100.75
2,2019-12-31,USD,675594000,642005000,453072000,222522000,59609000,5237000,None,None,20065000,174662000,160409000,None,33589000,None,11020000,6497000,-11020000,-11020000,None,None,None,6497000,-2504000,None,13568000,5237000,None,USD,1955469000,366224000,None,140115000,1529582000,425887000,None,6269000,605428000,-229874000,124389000,644847000,11824000,121198000,358206000,5545000,5545000,-456000,264438000,668136000,None,-585184000,None,393730000,761078000,94511000,76226000,None,None,None,None,None,None,None,4955000,None,1287333000,141869000,761078000,53557000,1171376000,None,None,None,50789000,None,121198000,None,39000000,USD,-38906000,47028000,-38906000,-1639000,-182606000,7421000,2104000,8397000,5237000,11889000,43187000,None,28524000,-5886000,0,-10405000,-1178000,-39060000,12520000,None,None,None,93.04,77.12
3,2019-09-30,USD,672253000,621062000,451671000,220582000,74109000,19860000,None,None,37208000,157321000,145210000,None,51191000,None,12719000,10872000,-12719000,-12719000,None,None,None,10872000,-1264000,None,26336000,19860000,None,USD,1891864000,374870000,None,16126000,1662076000,229788000,None,6637000,411492000,-228887000,130811000,623209000,9099000,106276000,337000000,6130000,6130000,-1986000,241179000,643507000,None,-768291000,None,384465000,943610000,81109000,72716000,None,None,None,None,None,None,None,5073000,None,1248357000,122448000,943610000,48478000,1325076000,None,None,None,49169000,None,106276000,None,40000000,USD,-22130000,-44140000,-22130000,-724000,23586000,15881000,-2361000,6721000,19860000,14572000,20235000,None,24182000,-5883000,0,2090000,3010000,8512000,11821000,None,None,None,102.57,93.04
4,2019-06-30,USD,573908000,839176000,388656000,185252000,-248174000,-279036000,None,None,-267111000,153390000,121976000,None,-265268000,None,4772000,8569000,-4772000,-4772000,None,None,None,8569000,2929000,None,-275680000,-279036000,None,USD,1884673000,383516000,None,18001000,1670860000,213813000,None,6821000,410953000,-242861000,123807000,621929000,5105000,89829000,376066000,5914000,5914000,-1709000,242780000,627579000,None,-791632000,None,383707000,918570000,81333000,66177000,None,None,None,None,None,None,None,5105000,None,1257094000,130994000,918570000,42260000,1294794000,None,None,None,47430000,None,89829000,None,38000000,USD,-515091000,20483000,-553929000,-531642000,543216000,519332000,-49210000,3664000,-279036000,22561000,18828000,None,14164000,-5418000,0,-2496000,-27828000,289877000,11551000,None,None,None,95.92,102.57
5,2019-03-31,USD,485655000,472047000,340698000,144957000,25610000,2329000,None,None,9354000,138903000,118662000,None,13608000,None,3569000,1209000,None,-3569000,None,None,None,1209000,-685000,None,8145000,2329000,None,USD,1139614000,154338000,None,15636000,899647000,239967000,None,6252000,154049000,42110000,60504000,356108000,12199000,69633000,244009000,4206000,4206000,-2787000,199593000,417376000,None,-270479000,None,235808000,376247000,46142000,48566000,None,None,None,None,None,None,None,6506000,None,722238000,105242000,376247000,38555000,655638000,None,None,None,46595000,None,69633000,None,39000000,USD,-38838000,-10705000,-38838000,-2329000,45663000,18508000,-26302000,-480000,2329000,5425000,25558000,None,12687000,-4857000,4004000,3704000,8600000,9423000,10736000,None,None,None,89.34,95.92
6,2018-12-31,USD,503313000,471689000,347257000,156056000,31624000,11337000,0,0,25588000,151585000,108623000,None,31624000,0,-3435000,None,None,None,0,0,0,5801000,-6036000,0,19787000,11337000,None,USD,1007474000,148798000,None,13504000,619663000,236226000,None,50116000,148707000,45537000,62108000,335155000,10347000,66340000,226947000,1995000,1995000,-3115000,98102000,415072000,None,-247727000,None,249262000,329835000,48227000,41709000,None,None,None,None,None,None,None,None,None,None,None,330608000,None,None,None,None,None,45097000,None,66340000,None,37000000,USD,None,-2024000,-18958000,-1178000,4207000,-7135000,-4488000,1774000,11337000,-8521000,18072000,None,15809000,-4856000,-5316000,-45000,-13987000,10350000,10864000,None,None,None,68.48,89.34
7,2018-09-30,USD,506356000,460440000,343026000,163330000,45916000,25839000,0,0,42172000,142078000,105137000,None,45916000,0,-3101000,None,None,None,0,0,0,10508000,-3744000,0,31664000,25839000,None,USD,987190000,150088000,None,12842000,611112000,234000000,None,54767000,147733000,43410000,65259000,331571000,9461000,75523000,220286000,1927000,1927000,-1458000,97878000,398192000,None,-247659000,12842000,230260000,324579000,46911000,42272000,None,None,None,None,None,None,None,None,None,None,None,None,None,None,None,None,None,None,None,None,None,37000000,USD,None,-7495000,-22458000,-2996000,15995000,7926000,-3971000,6119000,25839000,19372000,33815000,None,12277000,-4675000,None,633000,-10932000,7374000,10113000,None,None,None,84.66,68.48
8,2018-06-30,USD,495348000,452450000,331445000,163903000,42898000,22606000,0,0,39179000,137124000,108102000,None,42898000,0,-3210000,None,None,None,0,0,0,9285000,-3719000,0,29894000,22606000,None,USD,939976000,145045000,None,11304000,592122000,210730000,None,68098000,146971000,22427000,57308000,322750000,10220000,57689000,225693000,2288000,2288000,-1935000,94756000,367205000,None,-257065000,11304000,216843000,307194000,46801000,45345000,None,None,None,None,None,None,None,None,None,None,None,None,None,None,None,None,None,None,None,None,None,37000000,USD,None,12178000,-23980000,-1306000,-8128000,-15346000,-3262000,3804000,22606000,-260000,39272000,None,12903000,-4849000,None,-4915000,-16259000,8955000,9097000,None,None,None,76.04,84.66
9,2018-03-31,USD,426456000,414822000,298524000,127932000,11634000,6083000,0,0,8263000,2852000,104515000,None,11634000,0,2874000,None,None,None,0,0,0,-672000,-3371000,0,8935000,6083000,None,USD,895490000,455584000,None,34407000,576174000,191350000,None,162682000,145868000,3322000,51060000,310049000,465870000,58699000,206108000,2277000,2277000,-1352000,92454000,337166000,None,-264234000,10554000,194097000,317231000,39409000,40219000,None,None,None,None,None,None,None,None,None,None,None,None,None,None,None,None,None,None,None,None,None,37000000,USD,None,-12238000,-40803000,-678000,50214000,34997000,-6029000,-5513000,6083000,2359000,8302000,None,11783000,-4400000,1153000,-1453000,4078000,5562000,10523000,None,None,None,73.18,76.04
10,2017-12-31,USD,438109000,1632129000,297923000,563080000,134129000,14622000,0,0,25236000,10025000,100575000,None,27795000,42049000,2489000,None,None,None,0,8169000,0,589000,-11466000,0,89816000,14622000,None,USD,837733000,425764000,None,29631000,516792000,203233000,4685000,161094000,143770000,18000000,41204000,291920000,431354000,57187000,204029000,2751000,2751000,-492000,85056000,326379000,3515000,-233478000,9707000,190162000,266874000,37956000,40184000,None,None,None,None,None,None,None,None,None,None,None,None,None,None,None,None,None,None,None,None,None,37000000,USD,None,2159000,-79661000,-3831000,17422000,-26328000,-14042000,36057000,14622000,10060000,115635000,None,42049000,-17141000,4518000,-821000,-38604000,28299000,36257000,None,None,None,69.92,73.18
11,2017-09-30,USD,463379000,317596000,317023000,51331000,-37743000,15143000,0,0,32837000,5678000,94625000,None,41349000,0,2499000,None,None,None,0,0,0,12016000,-7033000,0,-19794000,15143000,None,USD,843518000,421296000,None,25801000,540080000,195119000,None,159474000,142585000,11439000,40119000,287189000,426358000,62212000,199411000,1547000,1547000,-181000,80985000,336175000,None,-226177000,16577000,194076000,292180000,37509000,37362000,None,None,None,None,None,None,None,None,None,None,None,None,None,None,None,None,None,None,None,None,None,37000000,USD,None,-8515000,-29832000,-143000,12082000,9036000,-700000,11654000,15143000,-882000,76266000,None,10383000,-12743000,665000,-174000,-13905000,12159000,26075000,None,None,None,65.72,69.92
12,2017-06-30,USD,441666000,-700000000,301804000,-177751000,6951000,18018000,0,0,32822000,3916000,93715000,None,35791000,0,2554000,None,None,None,0,0,0,10888000,4459000,0,-3595000,18018000,None,USD,813276000,400141000,None,25500000,515371000,194593000,None,155271000,142260000,4891000,26714000,278179000,405516000,63094000,200307000,281498000,281498000,-1418000,79838000,327922000,None,-205548000,16234000,186429000,279968000,36665000,36060000,None,None,None,None,None,None,None,None,None,None,None,None,None,None,None,None,None,None,None,None,None,37000000,USD,None,18855000,-12474000,-1370000,-3883000,7506000,-4057000,-1283000,18018000,17419000,49201000,None,10357000,-8340000,530000,671000,-9676000,4324000,18890000,None,None,None,63.98,65.72
13,2017-03-31,USD,380349000,366175000,272279000,103557000,9794000,4292000,0,0,6741000,3976000,89358000,None,9217000,0,2325000,None,None,None,0,0,0,-1302000,-2476000,0,8620000,4292000,None,USD,773745000,400747000,None,25610000,494650000,178403000,None,144260000,141558000,-7638000,27226000,276991000,406395000,45675000,175923000,285262000,285262000,-2201000,77107000,290243000,None,-222344000,14587000,170146000,283950000,34225000,30232000,None,None,None,None,None,None,None,None,None,None,None,None,None,None,None,None,None,None,None,None,None,37000000,USD,None,-9627000,-24649000,-4318000,34353000,19313000,-6139000,1262000,4292000,2291000,7604000,None,9494000,-3943000,2458000,-4088000,4090000,1829000,9968000,None,None,None,60.3,63.98
14,2016-12-31,USD,381116000,1392278000,268758000,432802000,90611000,6783000,0,0,16564000,4933000,82219000,None,19126000,36969000,2413000,None,None,None,0,61000,0,4848000,-8981000,0,54243000,6783000,None,USD,770964000,387281000,None,50591000,487584000,181028000,31167000,144304000,138189000,-988000,23729000,266166000,394089000,43384000,182822000,1043000,1043000,-2408000,73083000,303792000,3796000,-206253000,13450000,166655000,249866000,29712000,32358000,None,None,None,None,None,None,None,None,None,None,None,None,None,None,None,None,None,None,None,None,None,36000000,USD,None,20980000,-130843000,-10869000,49385000,19500000,-6805000,18320000,6783000,-2176000,109005000,None,36969000,-15471000,1906000,-4542000,-21077000,22687000,29122000,None,None,None,47.48,60.3
15,2016-09-30,USD,409083000,0,292389000,0,0,15764000,0,0,34365000,7174000,70609000,None,36037000,0,2284000,None,None,None,0,0,0,11427000,0,0,0,15764000,None,USD,743062000,371095000,None,41673000,462621000,185251000,None,134031000,137406000,1795000,18171000,257293000,382210000,49180000,173586000,None,None,None,69623000,None,None,None,13217000,None,242363000,28352000,31728000,None,None,None,None,None,None,None,None,None,None,None,None,None,None,None,None,None,None,None,None,None,36000000,USD,None,32411000,None,None,None,25062000,None,None,15764000,None,89000000,None,None,-11513000,None,None,None,None,20079000,None,None,None,46.68,47.48
16,2016-06-30,USD,385104000,0,266434000,0,0,12707000,0,0,28334000,5365000,79060000,None,31116000,0,2486000,None,None,None,0,0,0,10262000,0,0,0,12707000,None,USD,737829000,377141000,None,43354000,475942000,173104000,None,138342000,137406000,None,15443000,261051000,389616000,36285000,171173000,None,None,None,68825000,None,None,None,10395000,None,259485000,26089000,30004000,None,None,None,None,None,None,None,None,None,None,None,None,None,None,None,None,None,None,None,None,None,36000000,USD,None,19566000,None,None,None,48641000,None,None,12707000,None,40294000,None,None,-7421000,None,None,None,None,13978000,None,None,None,45.83,46.68
17,2016-03-31,USD,307586000,0,222506000,0,0,0,0,0,2367000,3174000,73334000,None,4332000,0,1969000,None,None,None,0,0,0,850000,0,0,0,0,None,USD,612860000,308058000,None,41528000,368206000,164438000,None,102102000,137120000,None,15079000,227719000,320231000,37075000,129686000,None,None,None,60848000,None,None,None,8140000,None,209505000,15791000,25492000,None,None,None,None,None,None,None,None,None,None,None,None,None,None,None,None,None,None,None,None,None,33000000,USD,None,None,None,None,None,6072000,None,None,None,None,1838000,None,None,-3461000,None,1020000,None,None,6900000,None,None,None,40.94,45.83
18,2015-12-31,USD,316112000,1192182000,221466000,380114000,71895000,3264000,0,0,12003000,4643000,72848000,None,13926000,28984000,2033000,None,None,None,0,408000,0,4096000,-10285000,0,38198000,3264000,None,USD,600483000,300124000,None,40589000,355898000,167026000,13971000,100362000,136071000,-10152000,14670000,220646000,312686000,45560000,130099000,4041000,4041000,-2873000,57575000,230222000,3833000,-133098000,3769000,124149000,197158000,16155000,24143000,None,None,None,None,None,None,None,None,None,None,None,None,None,None,None,None,None,None,None,None,None,37000000,USD,None,19964000,-32278000,-244000,-38162000,-75137000,-19087000,22745000,3264000,-21230000,87090000,None,28984000,-7196000,8775000,-6108000,2892000,4551000,19694000,None,None,None,40.43,40.94
19,2015-09-30,USD,349525000,0,241048000,0,0,14065000,0,0,28974000,4852000,69895000,None,31603000,0,2453000,None,None,None,0,0,0,10057000,0,0,0,14065000,None,USD,611340000,303561000,None,36394000,366593000,170507000,None,108665000,131774000,5128000,14677000,221661000,317685000,49606000,141040000,None,None,None,57232000,None,None,None,5404000,None,197464000,14493000,27472000,None,None,None,None,None,None,None,None,None,None,None,None,None,None,None,None,None,None,None,None,None,36000000,USD,None,28811000,None,None,None,None,None,None,14065000,None,75888000,None,None,-3597000,None,None,469000,None,14291000,None,None,None,32.29,40.43
