,fiscalDateEnding,reportedCurrency_x,totalRevenue,totalOperatingExpense,costOfRevenue,grossProfit,ebit,netIncome_x,researchAndDevelopment,effectOfAccountingCharges,incomeBeforeTax,minorityInterest,sellingGeneralAdministrative,otherNonOperatingIncome,operatingIncome,otherOperatingExpense,interestExpense,taxProvision,interestIncome,netInterestIncome,extraordinaryItems,nonRecurring,otherItems,incomeTaxExpense,totalOtherIncomeExpense,discontinuedOperations,netIncomeFromContinuingOperations,netIncomeApplicableToCommonShares,preferredStockAndOtherAdjustments,reportedCurrency_y,totalAssets,intangibleAssets,earningAssets,otherCurrentAssets,totalLiabilities,totalShareholderEquity,deferredLongTermLiabilities,otherCurrentLiabilities,commonStock,retainedEarnings,otherLiabilities,goodwill,otherAssets,cash,totalCurrentLiabilities,shortTermDebt,currentLongTermDebt,otherShareholderEquity,propertyPlantEquipment,totalCurrentAssets,longTermInvestments,netTangibleAssets,shortTermInvestments,netReceivables,longTermDebt,inventory,accountsPayable,totalPermanentEquity,additionalPaidInCapital,commonStockTotalEquity,preferredStockTotalEquity,retainedEarningsTotalEquity,treasuryStock,accumulatedAmortization,otherNonCurrrentAssets,deferredLongTermAssetCharges,totalNonCurrentAssets,capitalLeaseObligations,totalLongTermDebt,otherNonCurrentLiabilities,totalNonCurrentLiabilities,negativeGoodwill,warrants,preferredStockRedeemable,capitalSurplus,liabilitiesAndShareholderEquity,cashAndShortTermInvestments,accumulatedDepreciation,commonStockSharesOutstanding,reportedCurrency,investments,changeInLiabilities,cashflowFromInvestment,otherCashflowFromInvestment,netBorrowings,cashflowFromFinancing,otherCashflowFromFinancing,changeInOperatingActivities,netIncome_y,changeInCash,operatingCashflow,otherOperatingCashflow,depreciation,dividendPayout,stockSaleAndPurchase,changeInInventory,changeInAccountReceivables,changeInNetIncome,capitalExpenditures,changeInReceivables,changeInExchangeRate,changeInCashAndCashEquivalents,clossingVal,nextClossingVal
0,2020-06-30,USD,113687,641065,9359,104328,-418808,-528763,None,None,-537341,-2097523,421196,None,-527378,None,26620,0,None,-26620,None,None,None,None,16657,None,-537341,-528763,None,USD,23313718,6981330,None,None,8602259,16808982,None,None,38494,-96636617,1603177,None,3089063,576303,6999082,None,3097361,3667726,16466,976859,12250000,9827652,None,464,None,3044,316783,None,None,None,None,None,None,None,None,None,22336859,None,None,None,1603177,None,None,None,None,None,None,None,None,USD,-206512,-131571,-206512,None,565748,1065748,None,150511,-528763,149379,81953,None,91913,None,None,-1016,-463,810230,0,None,None,None,1.16,
1,2020-03-31,USD,199951,6135149,513,199438,-6455167,117206758,None,None,-6482178,-62,1932095,-519456,-5935711,None,27011,0,-27010,-27011,123688870,4203054,None,-2139179,-519456,123688874,-6482178,117206758,None,USD,22685260,5244300,None,1685698,7618541,17155664,None,None,38140,-96107854,721182,None,3104133,235358,6521305,4774361,2898536,3750881,17159,2069668,15354133,11911364,None,146583,None,2029,1747004,None,None,38140,None,-96107854,None,None,None,None,20615592,None,None,1097236,1097236,None,None,None,109474497,22685260,235358,None,38140415,USD,0,-112332,-206512,None,503270,618981,115711,-100217,117206696,-730473,-1349454,-119502671,428,None,None,1565,4954,1191000,0,-134140,618081,-112392,1.05,1.16
2,2019-12-31,USD,137075,8194190,81100,55976,-8444385,-21120314,None,None,-8518066,894754,223775,-306171,-8138214,None,73682,0,-74590,-74590,-11707490,8035737,None,-756039,-3101583,123688874,-8518066,-21120314,None,USD,115980570,5312906,None,94441633,204057776,-92438567,None,196261748,33810,-213314612,243292,None,3402823,539316,202789675,957990,957990,12989408,17855,94996986,12250000,-97751473,None,12443,1268101,3594,5569937,None,None,33810,None,-213314612,None,None,3402823,None,20983584,None,1268101,None,1268101,None,None,None,107852827,115980570,539316,None,33810416,USD,-48009,0,-206512,None,533267,-6435448,85714,-100217,-21232990,527347,-8516497,None,2125635,None,None,325099,181197,-118294882,48010,None,None,None,0.4501,1.05
3,2019-09-30,USD,342058,1596644,93532,248526,-1285722,-1084237,22785,None,-1410107,-325870,1573859,62396,-1348118,None,124385,0,-124340,-124331,None,None,None,1248739,62342,123688874,-1410107,-1084237,None,USD,64570998,27949820,None,213090,140379749,-79379261,None,1356668,32317,-193112232,None,None,15000000,135056,108934747,6725389,6725389,-77442851,1307966,20313212,15000000,-107329081,None,19546109,31445002,418957,102209358,None,None,32317,None,-193112232,None,None,44257786,None,44257786,None,31445002,None,31445002,None,None,None,115334756,64570998,135056,None,32017083,USD,0,-16657666,-206512,None,500000,500000,85714,-10443468,-1402081,-7077015,-7577015,710893,1828326,None,None,-638950,-324220,718639,0,8582464,-6194255,-121058,0.81,0.4501
4,2019-06-30,USD,279710,2072352,146602,133108,-1950531,-1695725,18068,None,-2078043,-382318,2054717,-11287,-1939244,None,127512,0,-320760,-123535,None,-433,None,-382318,-14831,123688874,-2078043,-1695725,None,USD,66279267,29227430,None,257183,142496650,-80112541,None,1279334,31667,-191710152,None,None,15000000,256114,110142196,6318436,6318436,-3769461,1626274,20425563,15000000,-109339970,None,19566239,32354454,346027,103823760,None,None,31667,None,-191710152,None,None,45853704,None,45853704,None,32354454,1,32354454,None,None,None,115335406,66279267,256114,None,31667083,USD,0,11199758,None,None,3826,3826,85714,3726811,-1945674,-29990,-33816,-591939,281352,None,None,387504,148490,-1579401,0,-8976981,-288375,-258385,1.2479,0.81
5,2019-03-31,USD,196329,1563970,143073,53255,-1480700,-1328656,24469,None,-1678798,-350142,1562254,30015,-1510715,None,198097,0,-91380,-198054,-612950,-22753,None,-350142,52725,None,-1678798,-1328656,None,USD,67270696,30358212,None,124500,146944474,-83924757,None,-1,31017,-189764478,None,None,15000000,514498,113908612,6510447,6510447,-9527351,1944861,19967622,15000000,-114282969,None,19130749,33035862,197876,107398166,None,None,31017,None,-189764478,None,None,47303073,None,47303073,None,33035862,None,33035862,None,None,None,115336056,67270696,514498,None,31017083,USD,0,-3678126,None,None,499992,499992,None,753859,-1678798,787477,287485,225642,439610,None,None,-104494,-10422,387836,0,4695814,1048172,260695,0.72,1.2479
6,2018-12-31,USD,770241,166378915,-599801,-170440,-164160968,-146166156,24469,None,-164524980,-14297312,-11917832,2388388,-166549356,None,364012,240,None,None,4013370,178296747,None,-226536,-176272372,4061749,-164525217,-146166156,None,USD,62946609,21446345,None,-1,149624444,-91278956,None,1160030,31017,-188085680,-1,None,1,253804,117173578,5828185,None,-8961549,2336036,24164227,15000000,-112725301,None,23847407,32450867,63017,111345392,None,None,31017,None,-188085680,None,None,None,None,38782381,None,32450870,None,32450867,None,None,None,105737260,62946609,253800,None,31017083,USD,None,5080123,1902,None,-499992,18,None,19596282,-167205128,-2992364,-3150236,29504908,-9718294,None,18,-4239801,-23203263,180702817,1902,-35927560,2921325,-71039,0.605,0.72
7,2018-09-30,USD,308691,17559481,459893,-151202,-17701481,-17592125,24469,None,-18100773,-508648,17559481,9202,-17710683,None,399292,None,None,None,1130,None,None,977257,-390090,1128,-18100773,-17590997,None,USD,157291990,31052566,None,5751077,149850213,-13250162,0,4312002,26071,-26177587,None,0,60810199,324123,112079899,5814630,None,-96345146,55274118,41207673,None,-13250162,0,33028302,21136179,2104171,106265269,0,0,26071,0,-26177587,0,None,60810199,None,116084317,16634135,37770314,None,37770314,None,None,None,109246500,157291990,324123,None,26071083,USD,None,-1747244,1902,0,-499992,-155952,None,-32015730,-17590997,3323757,3479709,-18455902,7632437,0,0,37578,-304745,14931963,1902,1080877,-3393742,-69985,1.26,0.605
8,2018-06-30,USD,788074,3648526,615390,172684,-3477243,-3448036,0,None,-3893028,-444992,3648526,-1401,-3475842,None,415785,None,None,None,None,None,None,-945046,-417186,61,-3893028,-3447975,None,USD,179239354,32436847,None,4377524,153306593,6744294,0,4280066,26071,-8586590,None,0,64737384,394108,114037250,6045401,45314744,-93941687,58547447,55954523,None,6744294,0,49041142,21975032,2141749,107991849,0,0,26071,0,-8586590,0,None,64737384,None,123284831,17294311,39269343,None,39269343,None,None,None,109246500,179239354,394108,None,26071083,USD,None,-3666993,76,0,None,155952,None,-1259673,-3447975,-4566356,-4722384,-8620874,-83065,0,155952,101943,6315622,444992,76,4754679,1429162,-3137194,1.67,1.26
9,2018-03-31,USD,562146,2843328,499560,62586,-2787746,-2791926,0,None,-3233340,-490985,2843328,-7004,-2780742,None,445594,None,None,None,None,None,None,194562,-452598,-49571,-3233340,-2791926,None,USD,192569004,34261477,None,1551559,159361562,12565058,0,866061,5173,-5138615,None,0,68910509,3531302,118040728,6361222,47682056,-91392282,62536121,61122374,None,12565058,0,53795821,23123042,2243692,111679506,0,0,5173,0,-5138615,0,None,68910509,None,131446630,18197792,41320834,None,41320834,None,None,None,109090782,192569004,3531302,None,6943325,USD,None,-164715,-1978,0,None,155952,None,-39706,-2791926,-489204,-487226,377083,2168922,0,0,-146385,109500,490985,1978,69795,-566251,-1055455,2.05,1.67
10,2017-12-31,USD,283719,85500893,300818,-17099,-88344264,-88171311,0,0,-90681463,-17148277,-4184997,-2826272,-85517992,0,2337199,None,None,None,0,89685890,0,-9112081,-94910783,-14520820,-90584147,-88123288,None,USD,190680253,33118454,None,1437657,157730410,12606785,0,655938,5173,-2346689,None,0,67509002,4586757,117965858,6121637,45886189,-94142481,61183914,61987337,None,12606785,0,53865616,22252150,2097307,111844221,0,109090782,5173,0,-2346689,0,None,67509002,None,128692916,17512402,39764552,None,39764552,None,None,None,109090782,190680253,4586757,None,5370245,USD,None,63512131,190897,-851294,-24770871,-26314452,None,80751295,-88123288,-3931074,22192481,-64774345,-1666901,0,-1543581,77436,2921813,100708929,1042191,12463022,3972331,41257,4.17,2.05
11,2017-09-30,USD,4443710,8882394,4519587,-75877,-6146849,-9274483,0,0,-6259592,2971298,8882394,2811422,-8958271,0,112743,None,None,None,0,89685890,0,-1197585,0,-95427,-6257767,-9274483,None,USD,264732849,32913000,None,54230726,100702452,129562165,0,30456000,5173,85776599,None,0,80798000,4545501,83400769,30836535,48138218,-64240263,118268936,98578782,2915518,129562165,0,35566541,17302000,4236014,52564234,0,0,5173,0,85776599,0,None,44969613,None,166154067,17301683,17301683,None,17301683,None,None,None,108020656,264732849,4545501,None,5173187,USD,None,5017695,997858,1049250,-755933,1445209,None,-75971,-11810504,3820609,1377542,10594514,759359,0,2201142,-415232,5660000,2971298,51392,-118382,-3692897,127712,1.87,4.17
12,2017-06-30,USD,2776872,3388091,1484129,1292743,-2064441,-2487998,0,0,-2659754,-370419,3388091,30907,-2095348,0,595313,None,None,None,0,-179371780,0,817209,0,98032,-2858417,-2536021,None,USD,262289706,32354000,None,56835838,93634946,132346898,0,34364000,5173,95051082,None,0,80331000,4417789,76743481,30069084,46960549,-74096086,115499903,98812586,2856342,168654760,0,33829997,16892000,3728962,46674397,0,0,5173,0,95051082,0,None,45120875,None,163477120,16891465,16891465,None,16891465,None,36307862,None,111386729,262289706,4417789,None,5173187,USD,None,-4499345,-1082158,-197956,299398,2979177,None,819806,0,2627887,730868,-3067538,783308,0,2679779,-846291,5778000,-199318,884202,5706323,-669522,1958365,2.41,1.87
13,2017-03-31,USD,2958834,3050208,2424220,534614,-2403829,-2649908,0,0,-2434625,166598,3050208,111765,-2515594,0,30796,None,None,None,0,89685890,0,124897,0,-48685,-2601223,-2649908,None,USD,262911880,31889000,None,57167955,94572657,132982970,0,27448000,4311,97587103,None,0,78907000,2459424,77986983,29524734,29524734,-73341154,114187024,101706899,2804632,168339223,0,39261295,16586000,2818225,48462249,0,0,4311,0,97587103,0,None,44213325,None,161204981,16585674,16585674,None,16585674,None,35356253,None,108732710,262911880,2459424,None,4311090,USD,None,274890,-106597,0,1984764,1984764,None,624779,-2649908,1233776,-644391,624779,798511,0,0,240154,72000,-4503,106597,71686,82063,1315839,5.95,2.41
14,2016-12-31,USD,8150843,1526286,5296579,2854264,-572480,-4443592,0,0,-543517,-830,1526286,-1900458,1327978,0,-28963,None,None,None,0,89685890,0,20814840,-1262971,-4785187,-1810292,-4443592,None,USD,261661030,31854000,None,58132189,91468714,135028212,0,27451000,4061,100237011,None,0,78511000,1143585,76974711,29364279,43858282,-70579747,113377929,101626483,2789390,170192316,0,39309409,14494000,3041300,47610432,0,105366887,4061,0,100237011,0,None,43867228,None,160034547,14494003,14494003,None,14494003,None,35164104,None,105366887,261661030,1143585,None,4061090,USD,None,1185911,71894178,80595843,-6048316,-48070072,-42999134,-27229883,-4444422,-44721721,-68545827,-40941574,1686482,0,977378,1589139,6181000,5045885,8701665,-32655582,43332753,-1388968,6.6,5.95
15,2016-09-30,USD,10590973,2117197,7525561,3065412,883489,-420610,0,0,194585,364742,2117197,-64726,948215,0,688904,None,None,None,0,0,0,275297,0,0,-80712,-420610,None,USD,277599759,26056000,None,18486958,94017614,191938762,0,174042,4061,104680603,None,0,163862000,2532553,78961024,30638833,None,-21478862,104680733,35113798,2897661,183582145,0,9362187,15057000,4732100,48148149,0,0,4061,0,104680603,0,None,134907567,None,242485961,15056590,15056590,None,15056590,None,-8356617,None,108732960,277599759,2532553,None,4061090,USD,None,9250454,-60611157,-91756576,-1660593,1106563,4264547,None,-55868,-31949587,27555007,-4373664,1226286,0,-263423,-1165240,38837000,None,31145419,22673039,-6348909,-38211229,9.21,6.6
16,2016-06-30,USD,10229298,1757803,7018326,3210972,1559405,384811,0,0,768711,-249929,1757803,106236,1453169,0,790694,None,None,None,0,0,0,-6413033,0,0,7181744,384811,None,USD,282493555,23974000,None,14308526,87040087,193710851,0,403512,4061,105101213,None,0,104454000,46775873,71877688,32286766,None,-20127383,104196640,97816709,5416288,195453468,6032000,33129094,15162000,3603216,39187410,0,0,4061,0,105101213,0,None,75063918,None,184676846,15162399,15162399,None,15162399,None,1742617,None,108732960,282493555,46775873,None,4061090,USD,None,-557786,-29535267,-888885,17610695,18844560,None,None,134882,-4542991,6147716,-14400726,-232218,0,-103,603202,16163000,None,28646382,20588696,-12086505,-19316995,2.19,9.21
17,2016-03-31,USD,5436308,1541084,5393484,42824,-844950,-1066080,0,0,-1053615,12465,1541084,653310,-1498260,0,208665,None,None,None,0,0,0,4997409,0,0,-6051024,-1066080,None,USD,301955300,26330000,None,670275,88220290,201151066,0,1499760,4061,104716402,None,0,95849000,66251577,72658955,32427986,None,201432653,108793069,123643183,21621426,213735010,6191000,52413802,15561000,4307529,38731209,0,0,4061,0,104716402,0,None,47897622,None,178312117,15561335,15561335,None,15561335,None,12583944,None,108732960,301955300,66251577,None,4061090,USD,None,854262,-2784612,-257189,-11391267,4016159,-1233968,None,-1053615,1639277,407730,3135265,2745539,0,16641394,-836764,0,-11666,2527423,-4425291,5814354,10053863,2.839,2.19
18,2015-12-31,USD,47155758,7851536,37206003,9949755,3862475,9195634,0,0,2631167,370623,7851536,1764256,2098219,0,472952,None,None,None,0,89685890,0,2796326,-2329867,-4785187,9429885,9195634,None,USD,270403070,25868000,None,3809970,87443786,178068534,0,369992,27161,105782482,None,0,74461000,53086870,70718607,33506838,50227145,13069031,108815165,112995153,3270833,182959284,3080000,52653573,16720000,3444740,36841777,0,59189860,27161,0,105782482,0,None,45321919,None,157407917,16720307,16720307,None,16720307,None,4895622,None,59189860,270403070,53086870,None,27161499,USD,None,67540290,-16045068,-20827430,-71229773,-63979976,7249797,20601948,156218,-13972335,66052709,3682565,2916219,0,0,938141,32529000,4917621,4485403,-16630195,3896596,-10075739,0.68,2.839
19,2015-09-30,USD,10548336,2447189,6643381,3904955,1504804,-8469325,0,0,-210102,55955,2447189,47038,1457766,0,1714906,None,None,None,0,0,0,31186,0,0,-8413370,-8469325,None,USD,261791370,6143000,None,7462187,79809380,177148362,0,499626,26661,105996887,None,0,68903000,63226664,59624269,40512603,None,11934954,104605677,94425455,3041831,177148362,3144000,19278248,20185000,4458356,18612040,0,0,26661,0,105996887,0,None,59718407,None,167365915,12224412,12224412,7960699,20185111,None,None,None,59189860,261791370,63226664,None,26661499,USD,None,-36865,-2881343,0,3202792,3202792,3239000,None,-369763,1873813,1552364,-7442420,1521332,0,0,-149964,49159000,-153179,2584384,8183223,-2162132,-288319,0.83,0.68
