,fiscalDateEnding,reportedCurrency_x,totalRevenue,totalOperatingExpense,costOfRevenue,grossProfit,ebit,netIncome_x,researchAndDevelopment,effectOfAccountingCharges,incomeBeforeTax,minorityInterest,sellingGeneralAdministrative,otherNonOperatingIncome,operatingIncome,otherOperatingExpense,interestExpense,taxProvision,interestIncome,netInterestIncome,extraordinaryItems,nonRecurring,otherItems,incomeTaxExpense,totalOtherIncomeExpense,discontinuedOperations,netIncomeFromContinuingOperations,netIncomeApplicableToCommonShares,preferredStockAndOtherAdjustments,reportedCurrency_y,totalAssets,intangibleAssets,earningAssets,otherCurrentAssets,totalLiabilities,totalShareholderEquity,deferredLongTermLiabilities,otherCurrentLiabilities,commonStock,retainedEarnings,otherLiabilities,goodwill,otherAssets,cash,totalCurrentLiabilities,shortTermDebt,currentLongTermDebt,otherShareholderEquity,propertyPlantEquipment,totalCurrentAssets,longTermInvestments,netTangibleAssets,shortTermInvestments,netReceivables,longTermDebt,inventory,accountsPayable,totalPermanentEquity,additionalPaidInCapital,commonStockTotalEquity,preferredStockTotalEquity,retainedEarningsTotalEquity,treasuryStock,accumulatedAmortization,otherNonCurrrentAssets,deferredLongTermAssetCharges,totalNonCurrentAssets,capitalLeaseObligations,totalLongTermDebt,otherNonCurrentLiabilities,totalNonCurrentLiabilities,negativeGoodwill,warrants,preferredStockRedeemable,capitalSurplus,liabilitiesAndShareholderEquity,cashAndShortTermInvestments,accumulatedDepreciation,commonStockSharesOutstanding,reportedCurrency,investments,changeInLiabilities,cashflowFromInvestment,otherCashflowFromInvestment,netBorrowings,cashflowFromFinancing,otherCashflowFromFinancing,changeInOperatingActivities,netIncome_y,changeInCash,operatingCashflow,otherOperatingCashflow,depreciation,dividendPayout,stockSaleAndPurchase,changeInInventory,changeInAccountReceivables,changeInNetIncome,capitalExpenditures,changeInReceivables,changeInExchangeRate,changeInCashAndCashEquivalents,clossingVal,nextClossingVal
0,2020-06-30,USD,208676000,143006000,None,189106000,46100000,39559000,None,None,46100000,None,104241000,None,46100000,14638000,27942000,6542000,180697000,152754000,None,None,None,6542000,None,None,39558000,39559000,None,USD,24617863000,535039000,4060167000,None,22277362000,2340501000,None,19884208000,557569000,1059160000,323041000,535039000,19017848000,1058599000,20468330000,572551000,572551000,51439000,239596000,1132319000,2974813000,1805462000,2644299000,73720000,1295196000,None,11571000,None,None,557569000,None,1059160000,-831417000,None,1210496000,None,23485544000,None,None,1809032000,1809032000,None,None,None,1503750000,24617863000,1058599000,None,None,USD,-1410871000,0,-1410871000,27947000,-897822000,1601573000,2519183000,-27833000,39559000,202239000,11537000,None,7302000,-20985000,0,None,None,-10718000,9858000,None,None,202239000,10.53,
1,2020-03-31,USD,215390000,142552000,None,171360000,28808000,26047000,None,None,28808000,None,104141000,None,28808000,15723000,38632000,2761000,199378000,160746000,None,None,None,2761000,None,None,26047000,26047000,None,USD,22929859000,535171000,3975657000,None,20644111000,2285748000,None,17365026000,556243000,1040646000,317773000,535171000,17429605000,856360000,18762724000,1386808000,1186808000,18308000,236908000,915725000,3141440000,1750577000,2790834000,59365000,1378466000,None,10890000,None,None,556243000,None,1040646000,-831638000,None,1221075000,None,22014134000,None,762455000,1881387000,1881387000,None,None,None,1502189000,22929859000,856360000,None,164000000,USD,-526587000,0,-526587000,-21567000,1000015000,912033000,-28887000,-133579000,26047000,338569000,-46877000,None,7293000,-21348000,-39748000,None,None,51221000,4023000,None,None,338569000,11.49,10.53
2,2019-12-31,USD,214551000,138974000,None,194021000,55047000,47789000,None,None,55047000,None,90490000,None,55047000,17561000,42889000,7258000,202159000,159270000,None,None,None,7258000,-10819000,None,47789000,47789000,None,USD,21886040000,2603000,3388136000,98726000,19543864000,2342176000,None,17393913000,556110000,1079391000,189853000,532700000,17114619000,517791000,18285988000,883241000,826534000,-137000,342825000,578689000,2867378000,1806873000,2497537000,60898000,881769000,6831000,8834000,None,None,556110000,None,1079391000,-792869000,None,952892000,None,21307351000,None,390745000,1257876000,1257876000,None,None,None,1499681000,21886040000,517791000,None,168000000,USD,-396377000,0,-396377000,-2865000,205522000,231376000,51196000,-343000,47789000,-80822000,84179000,None,7358000,-27891000,0,None,None,27116000,9918000,None,None,-80822000,17.43,11.49
3,2019-09-30,USD,221073000,146770000,None,218903000,72133000,62108000,None,None,72133000,None,105525000,None,72133000,15158000,47153000,10025000,208414000,161260000,None,None,None,10025000,-5636000,None,62108000,62108000,None,USD,21703618000,534178000,3312054000,471692000,19379602000,2324016000,None,17342717000,555888000,1059517000,250576000,534178000,16961452000,598613000,18185199000,832860000,812860000,6081000,342090000,659060000,2705610000,1789838000,2315541000,60447000,726714000,7706000,9622000,None,None,555888000,None,1059517000,-794127000,None,1012750000,None,21044558000,None,390678000,1194403000,1194403000,None,None,None,1496657000,21703618000,598613000,None,166000000,USD,-134441000,0,-134441000,2691000,-616595000,269557000,953822000,-132265000,62108000,99802000,-35314000,None,8131000,-21759000,-48071000,None,None,20426000,1104000,None,None,99802000,16.18,17.43
4,2019-06-30,USD,218859000,144168000,None,213834000,69666000,59779000,None,None,69666000,None,107136000,None,69666000,14695000,45490000,9887000,210034000,164544000,None,None,None,9887000,-2862000,None,59779000,59779000,None,USD,21308670000,535249000,3388080000,468438000,18999872000,2308798000,None,16388895000,555690000,1018736000,236608000,535249000,16543435000,498811000,17586503000,1188390000,988390000,-12157000,243300000,561795000,2853358000,1773549000,2285794000,62984000,987416000,7241000,9218000,None,None,555690000,None,1018736000,-747099000,None,870989000,None,20746875000,None,390468000,1413369000,1413369000,None,None,None,1493628000,21308670000,498811000,None,169000000,USD,-195738000,0,-195738000,-3089000,281268000,212584000,10917000,-24869000,59779000,57423000,40577000,None,7143000,-22088000,-57509000,None,-777000,-19202000,11332000,None,None,57423000,16.37,16.18
5,2019-03-31,USD,204966000,137824000,0,204966000,67142000,56663000,None,None,67142000,None,137824000,None,67142000,13784000,41385000,10479000,204700000,163315000,None,None,None,10479000,-3716000,None,56663000,56663000,None,USD,20974649000,573860000,3187054000,265575000,18673630000,2301019000,None,16377978000,554485000,980708000,229013000,535356000,16424279000,441388000,17218213000,829016000,829016000,-37633000,239004000,503595000,18876541000,1765663000,2159806000,62207000,1065312000,9012000,11219000,None,None,554485000,None,980708000,-688411000,None,820153000,None,20471054000,None,390353000,1455417000,1455417000,None,None,None,1491870000,20974649000,441388000,None,171000000,USD,-143517000,0,-166790000,-11910000,147213000,124220000,1819000,-38426000,56663000,-4299000,38271000,None,6995000,-20592000,-4220000,None,-3328000,-18392000,11363000,None,None,-4299000,15.48,16.37
6,2018-12-31,USD,204267000,140685000,45865000,204267000,39005000,58083000,0,0,39005000,0,140685000,-24577000,63582000,19640000,37665000,None,None,None,0,0,0,5499000,-18812000,0,58083000,58083000,None,USD,20682152000,531556000,None,287878000,18434579000,2247573000,None,16376159000,554377000,946032000,252269000,530593000,16342409000,445687000,17141465000,754777000,None,-59063000,234529000,504566000,18719335000,1716017000,421534000,58879000,992279000,10518000,10529000,None,None,554377000,None,946032000,-683476000,None,692166000,None,20177586000,None,390301000,1293114000,1293114000,None,None,None,1489703000,20682152000,445687000,None,177000000,USD,-242288000,0,-261951000,-9637000,269169000,274878000,127145000,-11282000,58083000,77056000,64129000,None,7897000,-28115000,-93321000,None,None,6046000,10026000,None,None,77056000,15.48,15.48
7,2018-09-30,USD,209540000,135413000,35541000,209540000,74127000,65633000,0,0,74127000,0,135413000,None,74127000,13216000,33921000,None,None,None,0,0,0,8494000,-2814000,0,65633000,65633000,None,USD,20364810000,569784000,None,209009000,18081796000,2283014000,0,16249014000,554208000,915687000,268452000,531556000,16351296000,412691000,16745730000,485565000,1477680000,-84640000,231236000,471275000,18430221000,1751458000,199430000,58584000,992115000,10684000,11151000,0,0,554208000,0,915687000,-589370000,None,700522000,None,19893535000,None,None,1336066000,1336066000,None,None,None,1487129000,20364810000,412691000,None,177000000,USD,-245131000,0,-261567000,-8552000,-498309000,132038000,649215000,7087000,65633000,-31672000,97857000,None,8527000,-21161000,2293000,14163000,0,32224000,7884000,None,None,-31672000,16.65,15.48
8,2018-06-30,USD,172044000,133345000,63220000,172044000,38699000,35197000,0,0,38699000,0,133345000,None,38699000,15204000,30103000,None,None,None,0,0,0,3502000,-2663000,0,35197000,35197000,None,USD,20172539000,569450000,None,236306000,17926754000,2245785000,0,15599799000,553958000,871192000,279685000,531556000,16221013000,397829000,16591925000,983833000,2038977000,-73258000,230195000,3046320000,15672817000,1714229000,2593283000,55208000,991948000,11181000,8293000,0,0,553958000,0,871192000,-590292000,None,691651000,None,17126219000,None,None,1334829000,1334829000,None,None,None,1484185000,20172539000,2991112000,None,177000000,USD,-229020000,0,-253914000,-17761000,95941000,197253000,122696000,-11540000,35197000,6347000,63008000,None,8851000,-21049000,-335000,2131000,0,27811000,7133000,None,None,6347000,16.5,16.65
9,2018-03-31,USD,193223000,136661000,30339000,193223000,56562000,49480000,0,0,56562000,0,136661000,None,56562000,13474000,26369000,None,None,None,0,0,0,7082000,-2953000,0,49480000,49480000,None,USD,19948941000,569304000,None,76510000,17713448000,2235493000,0,15477103000,552682000,857153000,359994000,531556000,3840310000,311057000,16424636000,937852000,1927832000,-67172000,230313000,2956940000,15556517000,1703937000,2592823000,53060000,938499000,34194000,9681000,0,0,552682000,0,857153000,-588715000,None,673615000,None,16992001000,None,None,1288812000,1288812000,None,None,None,1481545000,19948941000,2903880000,None,177000000,USD,72338000,364000,36715000,-20783000,220287000,-116681000,-320429000,-9449000,49480000,-8140000,71826000,None,8727000,-19329000,2790000,10725000,0,22346000,14840000,None,None,-8140000,17.75,16.5
10,2017-12-31,USD,199639000,138452000,32304000,199639000,-1514000,34001000,0,0,-1514000,0,138452000,-62701000,61187000,71316000,68800000,None,None,None,0,0,0,27186000,-20377000,0,34001000,34001000,None,USD,20036905000,531556000,None,222840000,17807048000,2229857000,0,15797532000,552232000,821619000,353646000,530593000,3772317000,402096000,16424373000,617524000,1695258000,-32974000,222802000,3002962000,15629867000,1698301000,2547956000,52910000,1038346000,41353000,9317000,0,0,552232000,0,821619000,-589409000,None,649718000,None,17033943000,None,None,1382675000,1382675000,None,None,None,1478389000,20036905000,2950052000,None,176000000,USD,969000,0,-7365000,-3272000,318734000,-48526000,-344248000,-10753000,34001000,8488000,64379000,None,34223000,-24513000,1501000,10203000,0,30378000,8334000,None,None,8488000,17.9,17.75
11,2017-09-30,USD,193708000,132157000,29777000,193708000,61551000,48905000,0,0,61551000,0,132157000,None,61551000,-1717000,2384000,None,None,None,0,0,0,12646000,0,0,48905000,48905000,None,USD,20062860000,569430000,None,73131000,17837074000,2225786000,0,16141780000,552153000,812148000,358384000,531556000,3810416000,682648000,16451099000,298751000,1378984000,-24203000,221551000,3294246000,15337703000,1694230000,2561516000,50082000,1038159000,33591000,10568000,0,0,552153000,0,812148000,-590462000,None,677804000,None,16768614000,None,None,1385975000,1385975000,None,None,None,1476150000,20062860000,3244164000,None,176000000,USD,-474784000,936000,-485816000,0,-396147000,371198000,784419000,50782000,48905000,4865000,119483000,None,0,-19241000,2167000,15770000,0,70578000,11032000,None,None,4865000,18.75,17.9
12,2017-06-30,USD,187234000,132695000,29018000,187234000,54539000,45467000,0,0,54539000,0,132695000,None,54539000,-14028000,1410000,None,None,None,0,0,0,9072000,0,0,45467000,45467000,None,USD,19647435000,569736000,None,109957000,17455665000,2191770000,0,15357361000,551936000,782541000,365484000,531556000,3764364000,417452000,16060024000,694859000,1776779000,-24875000,217558000,2953754000,15236629000,1660214000,2488699000,47603000,1037961000,73786000,7804000,0,0,551936000,0,782541000,-591381000,None,707938000,None,16693681000,None,None,1395641000,1395641000,None,None,None,1473549000,19647435000,2906151000,None,176000000,USD,-390345000,0,-398674000,0,141380000,389325000,267017000,-41009000,45467000,1094000,10443000,None,0,-19211000,139000,1895000,0,-35024000,8329000,None,None,1094000,19.0,18.75
13,2017-03-31,USD,179452000,122275000,25708000,179452000,57177000,43380000,0,0,57177000,0,122275000,None,57177000,4800000,20908000,None,None,None,0,0,0,13797000,0,0,43380000,43380000,None,USD,19178576000,568808000,None,71138000,17023893000,2154683000,0,15090344000,550292000,756305000,342323000,531556000,3754021000,378594000,15556167000,453317000,1591226000,-34552000,216171000,2930966000,14817884000,1623127000,2506017000,46355000,1137909000,36689000,12506000,0,0,550292000,0,756305000,-588963000,None,681999000,None,16247610000,None,None,1467726000,1467726000,None,None,None,1471601000,19178576000,2884611000,None,176000000,USD,-269189000,2874000,-274586000,0,120338000,185146000,77480000,4614000,43380000,-24919000,64521000,None,0,-17403000,4731000,6988000,0,21141000,5397000,None,None,-24919000,17.85,19.0
14,2016-12-31,USD,179992000,127621000,25775000,179992000,5747000,42150000,0,0,5747000,0,127621000,-46624000,52371000,48464000,61425000,None,None,None,0,0,0,10221000,-11567000,0,42150000,42150000,None,USD,18944247000,531556000,None,188291000,16823132000,2121115000,0,15012864000,549707000,732099000,339548000,530593000,3801810000,352526000,15563813000,541317000,1513122000,-38449000,217806000,2958047000,14559290000,1589559000,2559227000,46294000,929403000,41512000,9632000,0,0,549707000,0,732099000,-589844000,None,677548000,None,15986200000,None,None,1259319000,1259319000,None,None,None,1467602000,18944247000,2911753000,None,174000000,USD,-304977000,0,-301630000,4727000,241122000,292320000,61291000,-9924000,42150000,32266000,41576000,None,27403000,-20792000,10699000,3874000,0,-574000,3347000,None,None,32266000,18.8,17.85
15,2016-09-30,USD,174573000,119848000,25044000,174573000,54725000,41468000,0,0,54725000,0,119848000,None,54725000,12025000,510000,None,None,None,0,0,0,13257000,0,0,41468000,41468000,None,USD,18701062000,570865000,None,None,16571626000,2129436000,0,14952479000,547735000,710833000,389819000,531556000,3749996000,454528000,15230166000,264042000,1229328000,4491000,228009000,3006196000,14256548000,1597880000,2508068000,43600000,965286000,39817000,13645000,0,0,547735000,0,710833000,-591220000,None,678753000,None,15694866000,None,None,1341460000,1341460000,None,None,None,1457597000,18701062000,2962596000,None,174000000,USD,-245877000,2921000,-251768000,0,-458592000,183898000,659945000,9193000,41468000,1850000,69720000,None,0,-17312000,-143000,1017000,0,28252000,5891000,None,None,1850000,14.52,18.8
16,2016-06-30,USD,172542000,121637000,22904000,172542000,50905000,39750000,0,0,50905000,0,121637000,None,50905000,-6669000,136000,None,None,None,0,0,0,11155000,0,0,39750000,39750000,None,USD,18480035000,569709000,None,None,16373038000,2106997000,0,14292564000,547530000,686635000,392708000,531556000,3779434000,432879000,15023114000,722214000,1687766000,7689000,228861000,3005919000,14026943000,1575441000,2529724000,43316000,965552000,46248000,8336000,0,0,547530000,0,686635000,-590208000,None,686756000,None,15474116000,None,None,1349924000,1349924000,None,None,None,1455351000,18480035000,2962603000,None,174000000,USD,-269694000,13880000,-277353000,0,369190000,238515000,-111698000,-13799000,39750000,1168000,40006000,None,0,-15602000,-3375000,0,0,256000,7659000,None,None,1168000,13.5,14.52
17,2016-03-31,USD,170661000,120413000,21787000,170661000,50248000,38257000,0,0,50248000,0,120413000,None,50248000,1530000,20257000,None,None,None,0,0,0,11991000,0,0,38257000,38257000,None,USD,18122254000,571751000,None,None,16048945000,2073309000,0,14404280000,547262000,664236000,326128000,531556000,3726611000,430061000,14770730000,352883000,1318537000,-5137000,228057000,2990645000,13726579000,1541753000,2516205000,44379000,965654000,30665000,13567000,0,0,547262000,0,664236000,-585523000,None,645417000,None,15131609000,None,None,1278215000,1278215000,None,None,None,1452471000,18122254000,2946266000,None,174000000,USD,-160194000,2843000,-169665000,0,-128822000,117916000,271973000,-4469000,38257000,-17641000,34108000,None,0,-15676000,-9559000,0,0,-4149000,9471000,None,None,-17641000,13.38,13.5
18,2015-12-31,USD,170888000,118439000,22511000,170888000,2528000,38535000,0,0,2528000,0,118439000,-49921000,52449000,58948000,63261000,None,None,None,0,0,0,13914000,-17096000,0,38535000,38535000,None,USD,17914718000,531556000,None,150753000,15872824000,2041894000,0,14132317000,547141000,641588000,293302000,530593000,3660230000,331420000,14640704000,497663000,1480546000,-22017000,225535000,2858960000,13686434000,1510338000,2484773000,42767000,949542000,27985000,10724000,0,0,547141000,0,641588000,-575508000,None,612233000,None,15055758000,None,None,1232120000,1232120000,None,None,None,1450690000,17914718000,2816193000,None,177000000,USD,-96407000,0,-103540000,4727000,36141000,68812000,48038000,-25380000,38535000,7317000,42045000,None,27852000,-19122000,3755000,13900000,0,3510000,7133000,None,None,7317000,13.01,13.38
19,2015-09-30,USD,169468000,124889000,21534000,169468000,44579000,34251000,0,0,44579000,0,124889000,None,44579000,0,-775000,None,None,None,0,0,0,10328000,0,0,34251000,34251000,None,USD,17838059000,531562000,None,None,15812155000,2025904000,0,14084394000,546444000,622237000,316697000,531562000,3600885000,604746000,14530752000,431631000,None,-13219000,225705000,3083929000,13396162000,1494342000,2436337000,42846000,979433000,37498000,14727000,0,0,546444000,0,622237000,-577127000,None,600701000,None,14754130000,None,None,1281403000,1281403000,None,None,None,1447569000,17838059000,3041083000,None,175000000,USD,-460887000,None,-466180000,0,-132460000,401639000,578708000,None,34251000,-6652000,57889000,None,0,-15842000,-28767000,0,0,23638000,5293000,None,None,-6652000,12.1,13.01
