,fiscalDateEnding,reportedCurrency_x,totalRevenue,totalOperatingExpense,costOfRevenue,grossProfit,ebit,netIncome_x,researchAndDevelopment,effectOfAccountingCharges,incomeBeforeTax,minorityInterest,sellingGeneralAdministrative,otherNonOperatingIncome,operatingIncome,otherOperatingExpense,interestExpense,taxProvision,interestIncome,netInterestIncome,extraordinaryItems,nonRecurring,otherItems,incomeTaxExpense,totalOtherIncomeExpense,discontinuedOperations,netIncomeFromContinuingOperations,netIncomeApplicableToCommonShares,preferredStockAndOtherAdjustments,reportedCurrency_y,totalAssets,intangibleAssets,earningAssets,otherCurrentAssets,totalLiabilities,totalShareholderEquity,deferredLongTermLiabilities,otherCurrentLiabilities,commonStock,retainedEarnings,otherLiabilities,goodwill,otherAssets,cash,totalCurrentLiabilities,shortTermDebt,currentLongTermDebt,otherShareholderEquity,propertyPlantEquipment,totalCurrentAssets,longTermInvestments,netTangibleAssets,shortTermInvestments,netReceivables,longTermDebt,inventory,accountsPayable,totalPermanentEquity,additionalPaidInCapital,commonStockTotalEquity,preferredStockTotalEquity,retainedEarningsTotalEquity,treasuryStock,accumulatedAmortization,otherNonCurrrentAssets,deferredLongTermAssetCharges,totalNonCurrentAssets,capitalLeaseObligations,totalLongTermDebt,otherNonCurrentLiabilities,totalNonCurrentLiabilities,negativeGoodwill,warrants,preferredStockRedeemable,capitalSurplus,liabilitiesAndShareholderEquity,cashAndShortTermInvestments,accumulatedDepreciation,commonStockSharesOutstanding,reportedCurrency,investments,changeInLiabilities,cashflowFromInvestment,otherCashflowFromInvestment,netBorrowings,cashflowFromFinancing,otherCashflowFromFinancing,changeInOperatingActivities,netIncome_y,changeInCash,operatingCashflow,otherOperatingCashflow,depreciation,dividendPayout,stockSaleAndPurchase,changeInInventory,changeInAccountReceivables,changeInNetIncome,capitalExpenditures,changeInReceivables,changeInExchangeRate,changeInCashAndCashEquivalents,clossingVal,nextClossingVal
0,2020-06-30,USD,14708000,11427000,None,14708000,3281000,2570000,None,None,3281000,None,11427000,None,3281000,1937000,2448000,711000,15104000,12656000,None,None,None,711000,None,None,2570000,2570000,None,USD,1639636000,None,None,None,1515183000,124453000,None,1351568000,70000,121992000,20660000,11004000,1234540000,117090000,1388478000,36001000,None,-27483000,42247000,263280000,1246478000,113449000,146190000,17611000,100929000,None,909000,None,None,70000,None,121992000,None,None,68634000,None,7993000,3088000,100929000,25776000,126705000,None,None,None,29874000,1639636000,263280000,None,6983523,USD,-128616000,-4064000,-128975000,112000,-3417000,174899000,179174000,-4140000,2570000,45082000,-842000,-846000,812000,-905000,47000,None,3375000,-2689000,471000,3375000,None,45082000,13.34,
1,2020-03-31,USD,13282000,11005000,None,13282000,2277000,1755000,None,None,2277000,None,11005000,None,2277000,1093000,2729000,522000,14616000,11887000,None,None,None,522000,None,None,1755000,1755000,None,USD,1461513000,None,225191000,None,1342964000,118549000,None,1172394000,70000,120326000,24196000,11004000,1106801000,72008000,1212722000,39418000,None,-31603000,42702000,202800000,1129457000,107545000,130792000,15240000,100929000,None,910000,None,None,70000,None,120326000,None,None,66050000,None,9500000,3164000,100929000,29313000,130242000,None,None,None,29756000,1461513000,202800000,None,6966898,USD,1625000,5842000,934000,92000,-9310000,17426000,30363000,5767000,1755000,22029000,3669000,-273000,813000,-925000,-2702000,None,-6956000,2488000,783000,-6956000,None,22029000,14.29,13.34
2,2019-12-31,USD,15326000,11712000,None,15326000,3614000,2883000,None,None,3614000,None,11712000,None,3614000,1327000,2915000,731000,14837000,11922000,None,None,None,731000,-544000,None,2883000,2883000,None,USD,1442027000,None,226751000,4116000,1316087000,125940000,None,1142031000,71000,119481000,19736000,11004000,1105031000,49979000,1191684000,48728000,None,-25971000,42837000,181284000,1132873000,114936000,131305000,16063000,100929000,4127000,925000,None,None,71000,None,119481000,None,None,66588000,None,7441000,3239000,100929000,23474000,124403000,None,None,None,32359000,1442027000,181284000,None,7110022,USD,-47462000,1591000,-47243000,1362000,-1617000,2755000,5244000,1804000,2883000,-34190000,10298000,6388000,797000,-926000,54000,None,6462000,-1171000,1143000,-190000,None,-34190000,24.09,14.29
3,2019-09-30,USD,16677000,11246000,None,16677000,5431000,4493000,None,None,5431000,None,11246000,None,5431000,1191000,3004000,938000,14600000,11596000,None,None,None,938000,720000,None,4493000,4493000,None,USD,1440964000,11004000,233630000,4088000,1311625000,129339000,None,1136787000,71000,117524000,18813000,11004000,1064207000,84169000,1188052000,50345000,None,-20493000,43085000,219245000,1081917000,118335000,135076000,29019000,100929000,4721000,920000,None,None,71000,None,117524000,None,None,79327000,None,6386000,3312000,100929000,22644000,123573000,None,None,None,32237000,1440964000,219245000,None,7108000,USD,8965000,1483000,8965000,2125000,19190000,32014000,13706000,-98000,4493000,45180000,4201000,-1762000,859000,-920000,116000,None,-1514000,-1022000,1017000,None,None,45180000,22.0,24.09
4,2019-06-30,USD,15133000,11741000,None,15133000,3392000,2602000,None,None,3392000,None,11741000,None,3392000,1239000,2884000,790000,14411000,11527000,None,None,None,790000,-969000,None,2602000,2602000,None,USD,1405629000,11004000,233713000,4083000,1279474000,126155000,None,1123081000,71000,113951000,19989000,11004000,1071982000,38989000,1154876000,31155000,None,-20000000,43669000,174798000,1089139000,115151000,135809000,29894000,100929000,5531000,640000,None,None,71000,None,113951000,None,None,80811000,None,6208000,3177000,100929000,23669000,124598000,None,None,None,32133000,1405629000,174798000,None,7106000,USD,763000,-1000,763000,-42000,-8540000,-16672000,-7531000,377000,2602000,-15015000,894000,-3618000,844000,-640000,78000,None,-3314000,386000,1296000,None,None,-15015000,19.71,22.0
5,2019-03-31,USD,15067000,10436000,0,14718000,4028000,3151000,None,None,4028000,None,7643000,None,4282000,1105000,2726000,877000,14072000,11346000,None,None,None,877000,-254000,None,3151000,3151000,None,USD,1416901000,11004000,232944000,4268000,1294502000,122399000,None,1130612000,71000,111989000,18887000,11004000,6835000,54004000,1171436000,39695000,None,-15937000,40281000,190518000,232052000,111395000,136514000,25495000,30929000,6167000,19377000,None,None,71000,None,111989000,None,None,76153000,None,6835000,3250000,30929000,22627000,123556000,None,None,None,32027000,1416901000,190518000,None,7000000,USD,4993000,-1116000,4993000,5510000,-38012000,24473000,63085000,-1183000,3151000,30463000,997000,-1842000,756000,-639000,39000,None,-1824000,182000,517000,None,None,30463000,17.26,19.71
6,2018-12-31,USD,14322000,11403000,0,14322000,2919000,2382000,0,0,2919000,0,11403000,None,2919000,1175000,2468000,None,None,None,0,0,0,537000,-939000,0,2382000,2382000,None,USD,1384516000,None,None,4175000,1267450000,117066000,None,1067527000,71000,109477000,20194000,11004000,1066832000,23541000,1145872000,77707000,20000000,-24403000,44453000,161182000,1090677000,106062000,137641000,None,100929000,6598000,638000,None,None,71000,None,109477000,None,None,69356000,None,7844000,None,100929000,20649000,121578000,None,None,None,31921000,1384516000,161182000,None,7086632,USD,-43043000,714000,-44599000,166000,-9098000,33894000,42952000,714000,2382000,-16000,10689000,3002000,783000,-639000,40000,None,None,3441000,1722000,-367000,None,-16000,15.92,17.26
7,2018-09-30,USD,14591000,11089000,2479000,14591000,3502000,2763000,0,0,3502000,0,11089000,None,3502000,1142000,2008000,None,None,None,0,0,0,739000,-360000,0,2763000,2763000,None,USD,1347906000,11004000,None,4069000,1232325000,115581000,0,1024575000,71000,107733000,19658000,11004000,1030489000,23557000,1111380000,86805000,None,-24038000,44376000,162202000,1047463000,104577000,138645000,None,100929000,7482000,1024575000,0,0,71000,0,107733000,0,None,73832000,None,9029000,None,100929000,20016000,120945000,None,None,None,31815000,1347906000,162202000,None,7084000,USD,-49020000,-1103000,-25022000,1178000,38876000,21733000,-16545000,-1103000,2763000,-1834000,1455000,-1783000,631000,-637000,39000,0,0,947000,2348000,None,None,-1834000,18.8,15.92
8,2018-06-30,USD,14481000,10625000,2125000,14481000,3856000,3016000,0,0,3856000,0,10625000,None,3856000,1263000,1856000,None,None,None,0,0,0,840000,-278000,0,3016000,3016000,None,USD,1323316000,11004000,None,3761000,1210342000,112974000,0,1041120000,71000,105607000,20041000,11004000,1004666000,25391000,1089049000,47929000,148858000,-24413000,43680000,167694000,1021727000,101970000,142303000,None,100929000,8503000,1041120000,0,0,71000,0,105607000,0,None,70043000,None,9168000,None,100929000,20364000,121293000,None,None,None,31709000,1323316000,167694000,None,7082443,USD,2889000,1236000,863000,1167000,-22281000,377000,23257000,1236000,3016000,4165000,2925000,-1045000,569000,-639000,40000,0,0,-851000,3193000,None,None,4165000,20.45,18.8
9,2018-03-31,USD,13845000,10691000,2227000,13845000,3154000,2506000,0,0,3154000,0,10691000,None,3154000,1665000,1780000,None,None,None,0,0,0,648000,-518000,0,2506000,2506000,None,USD,1319412000,11004000,None,3909000,1208278000,111134000,0,1017863000,71000,103230000,19276000,11004000,329096000,21226000,1073073000,55210000,15000000,-23773000,42067000,166830000,1018901000,100130000,145604000,23868000,115929000,9514000,1017863000,0,0,71000,0,103230000,0,None,71674000,None,8936000,None,115929000,19276000,135205000,None,None,None,31606000,1319412000,166830000,None,7067425,USD,-18036000,967000,-44954000,470000,1365000,-20797000,-21527000,967000,2506000,-62526000,3225000,-919000,548000,-635000,0,193000,0,123000,2220000,None,None,-62526000,19.2,20.45
10,2017-12-31,USD,13148000,9791000,2570000,13148000,3357000,-1032000,0,0,3357000,0,9791000,None,3357000,4509000,5565000,None,None,None,0,0,0,4389000,-824000,0,-1032000,-1257000,225000,USD,1340839000,11004000,None,3814000,1232449000,108390000,0,1039390000,71000,101359000,23285000,11004000,333519000,83752000,1088235000,48845000,20000000,-24593000,41022000,230222000,976178000,97386000,146470000,25802000,120929000,10141000,1039390000,0,0,71000,0,101359000,0,None,73161000,None,9252000,None,120929000,23285000,144214000,None,None,None,31553000,1340839000,230222000,None,7067425,USD,-458000,2826000,-963000,1547000,3030000,-9273000,-2078000,3524000,-1032000,-1282000,8954000,-1375000,760000,-225000,-10000000,0,0,7775000,2052000,None,None,-1282000,17.4,19.2
11,2017-09-30,USD,12846000,10023000,2707000,12846000,2823000,2012000,0,0,2823000,0,10023000,None,2823000,633000,44000,None,None,None,0,0,0,811000,0,0,2012000,1787000,225000,USD,1352324000,11004000,None,3701000,1231486000,120838000,0,1041468000,71000,98233000,23274000,11004000,348096000,85034000,1087283000,45815000,166201000,-18965000,40044000,234194000,975125000,99834000,149160000,27211000,120929000,9781000,1041468000,0,0,71000,10000000,98233000,0,None,74277000,None,17680000,None,120929000,23274000,144203000,None,None,None,31499000,1352324000,234194000,None,7067000,USD,-11316000,56000,-11172000,1935000,20591000,24122000,3756000,56000,2012000,12072000,-878000,-4325000,476000,-225000,9349000,0,0,903000,1791000,None,None,12072000,16.65,17.4
12,2017-06-30,USD,13121000,9860000,2061000,13121000,3261000,2309000,0,0,3261000,0,9860000,None,3261000,-1285000,-196000,None,None,None,0,0,0,952000,0,0,2309000,2084000,225000,USD,1325685000,11004000,None,3495000,1207124000,118561000,0,1037712000,71000,96446000,23259000,11004000,326179000,72962000,1062936000,25224000,145616000,-19402000,40511000,202160000,984387000,97557000,129198000,22882000,120929000,11556000,1037712000,0,0,71000,10000000,96446000,0,None,69654000,None,17969000,None,120929000,23259000,144188000,None,None,None,31446000,1325685000,202160000,None,7067000,USD,5723000,1473000,4852000,391000,-10045000,561000,10844000,1473000,2309000,10124000,4711000,-591000,462000,-225000,-13000,0,0,1058000,1262000,None,None,10124000,14.9,16.65
13,2017-03-31,USD,12217000,9444000,2567000,12217000,2773000,1980000,0,0,2773000,0,9444000,None,2773000,609000,1958000,None,None,None,0,0,0,793000,0,0,1980000,1440000,540000,USD,1319434000,11004000,None,3471000,1204550000,114884000,0,1026868000,71000,94362000,21484000,11004000,334490000,62838000,1062137000,35269000,35269000,-20960000,39157000,199775000,980968000,93880000,136937000,23048000,120929000,11002000,1026868000,0,0,71000,10000000,94362000,0,None,69529000,None,19001000,None,120929000,21484000,142413000,None,None,None,31411000,1319434000,199775000,None,7053000,USD,935000,-831000,-373000,148000,-11539000,-236000,12639000,27000,1980000,-472000,137000,-2179000,459000,-540000,-796000,0,0,708000,1456000,None,None,-472000,14.5,14.9
14,2016-12-31,USD,11876000,4776000,2961000,11876000,7100000,1421000,0,0,1967000,0,4776000,None,7100000,6009000,6154000,None,None,None,0,0,0,546000,-2042000,0,1421000,971000,450000,USD,1318190000,11004000,None,3862000,1204492000,113698000,0,1014229000,63000,92922000,22526000,11004000,334802000,63310000,1050229000,36000000,167037000,-21465000,38070000,203310000,979177000,82694000,140000000,21115000,131737000,10910000,1014229000,0,0,63000,20000000,92922000,0,None,67292000,None,19337000,None,131737000,22526000,154263000,None,None,None,22178000,1318190000,203310000,None,6269000,USD,13599000,4677000,13695000,349000,-14795000,-20201000,-4956000,4388000,1421000,-2774000,3732000,-5855000,954000,-450000,0,0,0,2535000,253000,None,None,-2774000,15.95,14.5
15,2016-09-30,USD,12994000,9762000,2363000,12994000,3232000,2285000,0,0,3232000,0,9762000,None,3232000,0,-9000,None,None,None,0,0,0,947000,0,0,2285000,1835000,450000,USD,1338189000,11004000,None,None,1223421000,114768000,0,1019185000,63000,89836000,21704000,11004000,344038000,66084000,1054970000,35785000,None,-17261000,37622000,214121000,988832000,83764000,148037000,None,146747000,10259000,1019185000,0,0,63000,20000000,89836000,0,None,67332000,None,19278000,None,146747000,21704000,168451000,None,None,None,22130000,1338189000,214121000,None,6269000,USD,11713000,-88000,11054000,1017000,15419000,28886000,13917000,None,2285000,43399000,3459000,461000,403000,-450000,0,0,0,398000,1676000,None,None,43399000,12.38,15.95
16,2016-06-30,USD,11856000,14672000,3424000,11856000,-2816000,1704000,0,0,2317000,0,14672000,None,-2816000,0,49000,None,None,None,0,0,0,613000,0,0,1704000,1254000,450000,USD,1307422000,11004000,None,None,1194192000,113230000,0,1005268000,63000,88001000,21811000,11004000,342646000,22685000,1025625000,20357000,None,-16916000,35517000,169912000,1004304000,82226000,147227000,None,146756000,9423000,1005268000,0,0,63000,20000000,88001000,0,None,66836000,None,19849000,None,146756000,21811000,168567000,None,None,None,22082000,1307422000,169912000,None,6269000,USD,-9771000,-40000,-9950000,1166000,-9960000,-20972000,-10562000,None,1704000,-30576000,346000,-1612000,401000,-450000,0,0,0,-107000,1345000,None,None,-30576000,9.84,12.38
17,2016-03-31,USD,12445000,9897000,2597000,12445000,2548000,1871000,0,0,2548000,0,9897000,None,2548000,0,2029000,None,None,None,0,0,0,677000,0,0,1871000,1196000,675000,USD,1325295000,11004000,None,None,1214153000,111142000,0,1015830000,63000,86747000,21250000,11004000,352131000,53261000,1045384000,29554000,None,-17702000,31562000,208504000,989862000,80138000,155243000,None,147519000,6142000,1015830000,0,0,63000,20000000,86747000,0,None,64917000,None,19446000,None,147519000,21250000,168769000,None,None,None,22034000,1325295000,208504000,None,6255000,USD,-3391000,-161000,-3091000,950000,-6292000,69000,17036000,None,1871000,1120000,4142000,1040000,442000,-675000,-10000000,0,0,950000,650000,None,None,1120000,10.95,9.84
18,2015-12-31,USD,24375000,10753000,2562000,24375000,13622000,8500000,0,0,13622000,0,10753000,None,13622000,4947214,7156000,None,None,None,0,0,0,5122000,7682214,0,8500000,7825000,675000,USD,1323458000,11004000,None,4218000,1202687000,120771000,0,998794000,63000,87666000,20528000,11004000,372135000,52141000,1034622000,35828000,183431000,-18944000,32081000,222373000,972661000,79767000,170232000,19495000,147537000,6883000,998794000,0,0,63000,30000000,87666000,0,None,65549000,None,19790000,None,147537000,20528000,168065000,None,None,None,21986000,1323458000,222373000,None,6255000,USD,-24561000,-1006000,-24888000,345000,-2650000,-872000,2453000,-1143000,8500000,-12648000,13112000,1439000,679000,-675000,1000,0,0,3500000,672000,None,None,-12648000,11.7,10.95
19,2015-09-30,USD,12252000,9710000,2751000,12252000,2542000,1948000,0,0,2542000,0,9710000,None,2542000,0,-242000,None,None,None,0,0,0,594000,0,0,1948000,1273000,675000,USD,1320315000,11004000,None,None,1205723000,114592000,0,996341000,63000,79841000,23367000,11004000,392155000,64789000,1034801000,38460000,None,-17251000,32490000,250308000,937613000,73588000,185519000,None,147555000,7477000,996341000,0,0,63000,30000000,79841000,0,None,64972000,None,23928000,None,147555000,23367000,170922000,None,None,None,21939000,1320315000,250308000,None,6255000,USD,26614000,-272000,30808000,4534000,-19809000,-27238000,-6754000,None,1948000,6885000,3315000,1009000,653000,-675000,1000,0,0,-23000,340000,None,None,6885000,8.2,11.7
