,fiscalDateEnding,reportedCurrency_x,totalRevenue,totalOperatingExpense,costOfRevenue,grossProfit,ebit,netIncome_x,researchAndDevelopment,effectOfAccountingCharges,incomeBeforeTax,minorityInterest,sellingGeneralAdministrative,otherNonOperatingIncome,operatingIncome,otherOperatingExpense,interestExpense,taxProvision,interestIncome,netInterestIncome,extraordinaryItems,nonRecurring,otherItems,incomeTaxExpense,totalOtherIncomeExpense,discontinuedOperations,netIncomeFromContinuingOperations,netIncomeApplicableToCommonShares,preferredStockAndOtherAdjustments,reportedCurrency_y,totalAssets,intangibleAssets,earningAssets,otherCurrentAssets,totalLiabilities,totalShareholderEquity,deferredLongTermLiabilities,otherCurrentLiabilities,commonStock,retainedEarnings,otherLiabilities,goodwill,otherAssets,cash,totalCurrentLiabilities,shortTermDebt,currentLongTermDebt,otherShareholderEquity,propertyPlantEquipment,totalCurrentAssets,longTermInvestments,netTangibleAssets,shortTermInvestments,netReceivables,longTermDebt,inventory,accountsPayable,totalPermanentEquity,additionalPaidInCapital,commonStockTotalEquity,preferredStockTotalEquity,retainedEarningsTotalEquity,treasuryStock,accumulatedAmortization,otherNonCurrrentAssets,deferredLongTermAssetCharges,totalNonCurrentAssets,capitalLeaseObligations,totalLongTermDebt,otherNonCurrentLiabilities,totalNonCurrentLiabilities,negativeGoodwill,warrants,preferredStockRedeemable,capitalSurplus,liabilitiesAndShareholderEquity,cashAndShortTermInvestments,accumulatedDepreciation,commonStockSharesOutstanding,reportedCurrency,investments,changeInLiabilities,cashflowFromInvestment,otherCashflowFromInvestment,netBorrowings,cashflowFromFinancing,otherCashflowFromFinancing,changeInOperatingActivities,netIncome_y,changeInCash,operatingCashflow,otherOperatingCashflow,depreciation,dividendPayout,stockSaleAndPurchase,changeInInventory,changeInAccountReceivables,changeInNetIncome,capitalExpenditures,changeInReceivables,changeInExchangeRate,changeInCashAndCashEquivalents,clossingVal,nextClossingVal
0,2020-06-30,USD,3554000,None,None,None,None,39000,None,None,39000,None,1774000,None,None,None,917000,None,10525000,9608000,None,None,None,None,None,None,39000,39000,None,USD,570674000,None,None,None,209805000,360869000,863000,None,33000,2722000,3938000,None,463600000,1773000,None,None,None,None,None,None,561342000,360869000,None,None,None,None,1417000,None,None,None,None,None,None,None,None,None,None,None,None,None,None,None,None,None,None,None,None,None,None,USD,None,185000,None,None,10300000,None,-316000,-11163000,39000,-991000,-5130000,None,None,-9938000,None,None,None,4523000,0,None,None,None,10.24,
1,2020-03-31,USD,-25292000,2050000,-4461000,5564000,None,-37602000,None,None,-27342000,None,1376000,None,-6373000,10260000,728000,None,11410000,10682000,None,None,None,None,None,None,-37602000,-37602000,None,USD,576377000,None,None,None,207346000,369031000,991000,None,33000,6370000,14908000,None,503123000,2778000,None,None,None,None,None,None,565924000,369031000,None,3429000,178360000,None,1222000,None,None,None,None,None,None,None,None,None,None,None,178360000,None,None,None,None,None,401023000,None,2778000,None,33000000,USD,None,-833000,None,None,45000000,-34854000,-132000,-7210000,-37602000,-9968000,-51027000,None,None,-6940000,0,None,None,-4976000,0,None,None,None,7.85,10.24
2,2019-12-31,USD,16349000,3031000,7180000,42821000,9584000,13318000,None,None,13318000,None,1386000,None,40163000,10260000,964000,None,12126000,11162000,None,None,None,None,3734000,None,13318000,13318000,None,USD,582836000,None,None,2614000,172338000,410498000,1195000,None,33000,2113000,5081000,None,503995000,12314000,28961000,None,None,None,None,20105000,560836000,410498000,None,2650000,138296000,None,2100000,None,None,None,None,None,None,None,None,None,None,None,138296000,None,None,None,None,None,365036000,None,12314000,None,33000000,USD,None,302000,None,None,-42600000,-75913000,-132000,661000,13318000,10089000,62339000,None,None,-9650000,0,None,79000,47606000,0,None,None,None,13.25,7.85
3,2019-09-30,USD,15106000,4102000,6324000,31456000,10253000,11004000,None,None,11004000,None,2247000,None,27727000,10260000,1207000,None,14143000,12936000,None,None,None,None,751000,None,11004000,11004000,None,USD,619763000,None,None,2470000,212933000,406830000,1398000,None,33000,651000,5136000,None,565539000,2169000,26916000,None,None,None,None,9188000,608336000,406830000,None,2729000,180881000,None,1753000,None,None,None,None,None,None,None,None,None,None,None,180881000,None,None,None,None,None,365148000,None,2169000,None,33000000,USD,None,1004000,None,None,-26700000,-23663000,-8000,-898000,11004000,-79000,34309000,None,-131000,-7680000,None,None,371000,22455000,0,None,None,None,12.34,13.25
4,2019-06-30,USD,8702000,2656000,6172000,11671000,12377000,6046000,None,None,6046000,None,1415000,None,9388000,10260000,1059000,None,11875000,10816000,None,None,None,None,-6331000,None,6046000,6046000,None,USD,641946000,None,None,2558000,238440000,403506000,1602000,None,33000,-3151000,5223000,None,3660000,1960000,25674000,None,None,None,None,8202000,631186000,403506000,None,2758000,207543000,None,766000,None,None,None,None,None,None,None,None,None,None,None,207543000,None,None,None,None,None,366083000,None,1960000,None,33000000,USD,None,-143000,None,None,20500000,10725000,-125000,-9453000,6046000,413000,-10312000,None,295000,-9650000,None,None,-292000,-6843000,0,None,None,None,11.23,12.34
5,2019-03-31,USD,3397000,2984000,8037000,-11434000,-4462000,2408000,None,None,2408000,None,1188000,None,-27545000,13500000,1120000,None,29953000,10843000,None,None,None,None,6870000,None,2408000,2408000,None,USD,635100000,None,None,2403000,227990000,407110000,1730000,None,33000,6172000,15452000,None,3633000,1702000,25960000,None,None,None,None,8210000,624172000,407110000,None,2808000,186578000,None,892000,None,None,None,None,None,None,None,None,None,None,None,186578000,None,None,None,None,None,366422000,None,1702000,None,33000000,USD,None,-385000,None,None,2900000,-93977000,-86084000,18121000,81590000,-362000,93615000,None,0,-30516000,76623000,None,-182000,-17232000,0,None,None,None,11.6,11.23
6,2018-12-31,USD,14965000,4722000,9497000,14965000,10243000,16491000,None,None,16491000,None,4722000,None,10243000,13500000,-4221000,None,None,None,None,None,None,0,6248000,None,16491000,16491000,None,USD,619608000,None,None,2661000,208209000,411399000,1934000,None,33000,81409000,2272000,None,537245000,2242000,22427000,None,None,None,None,10239000,72124000,411399000,None,5336000,183510000,None,1278000,None,None,None,None,None,None,None,None,None,None,None,183510000,None,None,None,None,None,329957000,None,2242000,None,33000000,USD,None,-241000,None,None,-65600000,-74385000,-119000,1348000,16491000,1002000,75387000,None,None,-6696900,76623000,None,-539000,57955000,0,None,None,None,9.32,11.6
7,2018-09-30,USD,13091000,12745000,12745000,13091000,346000,30364000,None,None,30364000,None,12745000,None,346000,13500000,-6027000,None,None,None,None,None,None,0,30018000,None,30364000,30364000,None,USD,675398000,None,None,1533000,271824000,403574000,2137000,None,33000,73759000,1411000,None,576777000,2168000,21473000,None,None,None,None,7704000,90917000,403574000,1133000,4003000,248940000,None,1619000,None,None,None,None,None,None,None,None,None,None,None,248940000,None,None,None,None,None,329782000,None,2168000,None,33000000,USD,None,729000,None,None,13200000,-4455000,-4157000,6198000,30364000,-13000,4442000,None,None,-6596747,76623000,None,67000,-33413000,0,None,None,None,11.43,9.32
8,2018-06-30,USD,15504000,11086000,11086000,15504000,4418000,32327000,None,None,32327000,None,11086000,None,4418000,13500000,-4360000,None,None,None,None,None,None,0,27909000,None,32327000,32327000,None,USD,639038000,None,None,1534000,259230000,379808000,879000,None,33000,47474000,1513000,None,539317000,2080000,13903000,243814000,243814000,32369000,None,8503000,91218000,379808000,1234000,4889000,243814000,None,832000,None,None,None,None,None,None,None,None,None,None,None,243814000,None,None,None,None,None,332301000,None,2080000,None,33000000,USD,None,-127000,None,None,-4500000,-11336000,-154000,7762000,32327000,-653000,10683000,None,None,-6588333,1873000,None,367000,-30013000,0,None,None,None,11.77,11.43
9,2018-03-31,USD,15419000,8039000,8039000,15419000,7380000,21846000,0,0,21846000,0,8039000,None,7380000,1014000,-4136000,None,None,None,0,-4501000,0,0,14466000,0,21846000,21846000,None,USD,610899000,None,None,828000,256699000,354200000,976000,None,33000,23506000,584000,None,510513000,3639000,7904000,248211000,248211000,23506000,None,10339000,90047000,354200000,328000,5872000,248211000,None,916000,None,None,None,None,None,None,None,None,None,None,None,248211000,None,None,None,None,None,330661000,None,3639000,None,32000000,USD,None,-396000,None,None,10400000,5291000,-92000,7133000,21846000,906000,-4385000,None,1453000,-6341516,22485000,None,-630000,-32706000,0,None,None,None,10.1,11.77
10,2017-12-31,USD,16184000,991000,5001000,3052000,2061000,17144000,0,0,17144000,0,991000,None,11183000,-16178000,3652000,None,None,None,0,22510000,0,0,1527000,0,3588000,17144000,None,USD,580615000,None,None,1128000,243218000,337397000,1148000,None,33000,7816000,959000,None,567915000,2733000,4885000,237374000,237374000,7816000,None,12724000,76679000,337397000,428000,8863000,237374000,None,4885000,None,None,None,None,None,None,None,None,None,None,None,None,None,None,None,None,None,None,None,None,None,33000000,USD,None,2340000,None,None,39900000,24307000,-92000,-2345000,17144000,300000,-31305000,None,361000,-22582000,1331000,None,-527000,-46220000,0,None,None,None,11.16,10.1
11,2017-09-30,USD,13132000,4010000,4010000,-1871000,252000,13556000,0,0,13556000,0,-5191000,None,9122000,8426000,3372000,None,None,None,0,-11255000,0,0,1728000,0,5415000,13556000,None,USD,529718000,None,None,922000,201170000,328548000,1319000,None,33000,-1216000,1206000,None,521945000,2433000,2943000,197021000,197021000,-1216000,None,7827000,63274000,328548000,422000,4472000,197021000,None,2943000,None,None,None,None,None,None,None,None,None,None,None,None,None,None,None,None,None,None,None,None,None,33000000,USD,None,398000,None,None,22700000,16449000,-6000,246000,13556000,-3667000,6863000,None,363000,-14287000,1331000,None,-759000,-33406000,0,None,None,None,9.49,11.16
12,2017-06-30,USD,13620000,0,4838000,15003000,8870000,8141000,0,0,8141000,0,9201000,None,8782000,-1745000,3347000,None,None,None,0,2251000,0,0,2706000,0,8141000,8141000,None,USD,500348000,None,None,1396000,179113000,321235000,1491000,None,33000,-8810000,1634000,None,488563000,6100000,3353000,174126000,174126000,-8810000,None,11823000,486770000,321235000,596000,4289000,174126000,None,3353000,None,None,None,None,None,None,None,None,None,None,None,None,None,None,None,None,None,None,None,None,None,31000000,USD,None,800000,None,None,-35775000,-23747000,-1159000,2927000,8141000,3232000,26979000,None,365000,-8042000,20070000,None,-200000,15131000,0,None,None,None,9.4,9.49
13,2017-03-31,USD,12364000,15355000,3660000,-54152000,-226055000,9376000,0,0,9376000,0,-39957000,None,8704000,2025000,3410000,None,None,None,0,-3643000,0,0,-200798000,0,-212042000,9376000,None,USD,515195000,None,None,2131000,214113000,301082000,1588000,None,30000,-9280000,1937000,None,505653000,2868000,2545000,209631000,209631000,-9280000,None,9569000,48479000,301082000,1231000,4570000,209631000,None,2545000,None,None,None,None,None,None,None,None,None,None,None,None,None,None,None,None,None,None,None,None,None,30000000,USD,None,-476000,None,None,-25300000,-34092000,-3589000,1452000,9376000,-1613000,32479000,None,1875000,-22703000,22485000,None,-253000,-14882000,0,None,None,None,9.07,9.4
14,2016-12-31,USD,13374000,0,4548000,172100000,389249000,10955000,0,0,10955000,0,90513000,None,8826000,-18092000,3622000,None,None,None,0,20536000,0,0,302865000,0,379577000,10955000,None,USD,486009000,None,None,None,188627000,297382000,None,None,30000,None,2091000,None,475832000,3993000,None,None,None,-13159000,None,None,471440000,297382000,1050000,4334000,183435000,None,3101000,None,None,None,None,None,None,None,None,None,None,None,None,None,None,None,None,None,None,None,None,None,30000000,USD,None,1578000,None,None,-21503000,-27178000,None,-670000,10955000,-1104000,53928000,None,546000,-17027000,20070000,None,-243000,13908000,0,None,None,None,8.46,9.07
15,2016-09-30,USD,11744000,0,3083000,-82013000,-152179000,-147306000,0,0,-147306000,0,-43848000,None,8661000,9867000,3549000,None,None,None,0,-10275000,0,0,-111546000,0,-147306000,-147306000,None,USD,499062000,None,None,None,206960000,292102000,None,None,30000,None,1734000,None,487569000,5097000,None,None,None,-18721000,None,None,485972000,292102000,1035000,4661000,203055000,None,2171000,None,None,None,None,None,None,None,None,None,None,None,None,None,None,None,None,None,None,None,None,None,30000000,USD,None,-2166000,None,None,-17911000,-6087000,None,3469000,-102000,-136000,27854000,None,481000,-11352000,17500000,None,-746000,5015000,0,None,None,None,8.89,8.46
16,2016-06-30,USD,14393000,0,4064000,15940000,25505000,24534000,0,0,24534000,0,8647000,None,10329000,-2037000,3517000,None,None,None,0,2065000,0,0,17722000,0,24534000,24534000,None,USD,507039000,None,None,None,209159000,297880000,None,None,30000,None,2542000,None,496007000,5233000,None,None,None,-13643000,None,None,490981000,297880000,1384000,3915000,163379000,None,3238000,None,None,None,None,None,None,None,None,None,None,None,None,None,None,None,None,None,None,None,None,None,30000000,USD,None,288000,None,None,-15475000,-21151000,None,-120000,24534000,752000,21903000,None,481000,-5676000,17500000,None,513000,-3793000,0,None,None,None,7.16,8.89
17,2016-03-31,USD,12441000,16214000,3962000,50955000,34741000,22618000,0,0,22618000,0,16214000,None,8479000,-7915000,3580000,None,None,None,0,7963000,0,0,-9887000,0,24854000,22618000,None,USD,506260000,None,None,1707000,227238000,279022000,1147000,19000,30000,-32616000,2215000,None,495644000,4481000,3296000,218561000,218561000,-32616000,None,10616000,21156000,279022000,1107000,4428000,181746000,None,3277000,None,None,None,None,None,None,None,None,None,None,None,None,None,None,None,None,None,None,None,None,None,30000000,USD,None,242000,None,None,-23800000,-4522000,-1932000,6000,22618000,-440000,4082000,None,1908000,-22703000,3663000,None,1741000,-21336000,0,None,None,None,7.02,7.16
18,2015-12-31,USD,12068000,0,3912000,0,0,0,0,0,0,0,0,None,8156000,0,3525000,None,None,None,0,0,0,0,0,0,0,0,None,USD,491293000,None,None,None,229213000,262080000,None,None,30000,None,10620000,None,480305000,5645000,None,None,None,None,None,None,None,None,357000,None,215946000,None,2647000,None,None,None,None,None,None,None,None,None,None,None,None,None,None,None,None,None,None,None,None,None,30000000,USD,None,None,None,None,None,None,None,None,None,None,5371000,None,None,-17027000,None,None,1583000,None,0,None,None,None,7.67,7.02
19,2015-09-30,USD,13740000,0,4088000,0,0,-8559000,0,0,-8559000,0,0,None,9652000,0,3629000,None,None,None,0,0,0,0,0,0,0,-8559000,None,USD,508192000,None,None,None,234224000,273968000,None,None,30000,None,870000,None,496411000,5694000,None,None,None,None,None,None,None,None,648000,None,230246000,None,3108000,None,None,None,None,None,None,None,None,None,None,None,None,None,None,None,None,None,None,None,None,None,30000000,USD,None,73000,None,None,None,15329000,None,None,None,None,None,None,None,-11352000,None,None,1940000,None,0,None,None,None,7.04,7.67
