,fiscalDateEnding,reportedCurrency_x,totalRevenue,totalOperatingExpense,costOfRevenue,grossProfit,ebit,netIncome_x,researchAndDevelopment,effectOfAccountingCharges,incomeBeforeTax,minorityInterest,sellingGeneralAdministrative,otherNonOperatingIncome,operatingIncome,otherOperatingExpense,interestExpense,taxProvision,interestIncome,netInterestIncome,extraordinaryItems,nonRecurring,otherItems,incomeTaxExpense,totalOtherIncomeExpense,discontinuedOperations,netIncomeFromContinuingOperations,netIncomeApplicableToCommonShares,preferredStockAndOtherAdjustments,reportedCurrency_y,totalAssets,intangibleAssets,earningAssets,otherCurrentAssets,totalLiabilities,totalShareholderEquity,deferredLongTermLiabilities,otherCurrentLiabilities,commonStock,retainedEarnings,otherLiabilities,goodwill,otherAssets,cash,totalCurrentLiabilities,shortTermDebt,currentLongTermDebt,otherShareholderEquity,propertyPlantEquipment,totalCurrentAssets,longTermInvestments,netTangibleAssets,shortTermInvestments,netReceivables,longTermDebt,inventory,accountsPayable,totalPermanentEquity,additionalPaidInCapital,commonStockTotalEquity,preferredStockTotalEquity,retainedEarningsTotalEquity,treasuryStock,accumulatedAmortization,otherNonCurrrentAssets,deferredLongTermAssetCharges,totalNonCurrentAssets,capitalLeaseObligations,totalLongTermDebt,otherNonCurrentLiabilities,totalNonCurrentLiabilities,negativeGoodwill,warrants,preferredStockRedeemable,capitalSurplus,liabilitiesAndShareholderEquity,cashAndShortTermInvestments,accumulatedDepreciation,commonStockSharesOutstanding,reportedCurrency,investments,changeInLiabilities,cashflowFromInvestment,otherCashflowFromInvestment,netBorrowings,cashflowFromFinancing,otherCashflowFromFinancing,changeInOperatingActivities,netIncome_y,changeInCash,operatingCashflow,otherOperatingCashflow,depreciation,dividendPayout,stockSaleAndPurchase,changeInInventory,changeInAccountReceivables,changeInNetIncome,capitalExpenditures,changeInReceivables,changeInExchangeRate,changeInCashAndCashEquivalents,clossingVal,nextClossingVal
0,2020-06-30,USD,36251844,24995662,23157643,13094201,10672434,8923308,None,None,6981789,None,1838019,None,11256182,None,3690645,None,38528,-3652117,None,None,None,None,-622276,None,8923308,8923308,None,USD,947839956,None,None,98177,384040302,563799654,403831,78868,431836,94878236,5978573,None,23434704,36637082,77146081,None,56189137,-5701125,836047896,45359419,42997937,563799654,None,2836752,300915648,2921908,9612786,None,None,None,None,None,None,None,13559697,None,902480537,44965,None,None,306894221,None,None,None,None,None,None,None,None,USD,None,-1351999,-103837,None,1603015,None,-2021097,-3627352,8923308,None,12294318,None,None,None,None,None,None,-1333091,0,None,None,None,2.75,
1,2020-03-31,USD,34376760,None,16048000,18328760,None,3012720,None,None,3012720,None,2394850,None,6611950,None,None,None,-3599240,None,None,None,None,None,None,None,None,3012718,None,USD,946563100,None,None,1220500,388550360,558012740,None,None,445496,85954928,None,None,16621131,28034260,75308260,None,None,-5433425,825896497,36208060,None,558012741,None,4326050,307457920,1786860,None,None,None,None,None,None,-25373380,None,None,None,None,None,307457920,None,None,None,None,None,502419120,None,28034260,None,None,USD,None,2636282,-41113986,-41080780,-8971389,-14159300,-4175673,-108005,3012720,-39540420,15732866,None,9321960,None,-1012240,None,None,-514427,33210,None,None,None,1.97,2.75
2,2019-12-31,USD,35164698,29601819,27614944,7549754,14493396,531281,None,None,298059,None,1986875,None,5562879,None,4471693,None,171115,-4300578,None,None,None,None,-964242,None,531281,522359,None,USD,954188931,None,None,118246,395002291,559186640,None,37567,445496,82942210,None,None,15341040,68465342,67136139,40735556,40735556,-2259043,835625535,77932439,25250173,559186640,None,4217101,325247902,2447703,9032690,None,None,None,None,None,-24361150,None,12065222,None,876256492,473132,325247900,None,327866152,None,None,None,502419120,None,68465340,None,40000000,USD,360976,-1352652,360976,-7052826,-5125837,-8520823,-2604223,2642018,531281,2560890,10720737,None,9723644,None,-790763,-464884,-1297486,757890,40600,None,None,None,3.43,1.97
3,2019-09-30,USD,36568295,31205067,28694000,7874295,14920600,-227767,None,None,-21749,None,2511067,None,5363228,None,5123454,None,226577,-4896877,None,None,None,None,-488100,None,-227767,-227767,None,USD,961768364,None,None,56630,402922970,558845394,None,50166,445496,82410929,None,None,15156719,66147291,64491772,40713898,40713898,-2859771,846342872,75918699,24265451,558845394,None,3191553,335172721,1982819,9649636,None,None,None,None,None,-23570380,None,12193439,None,885849665,874632,335172720,None,338431198,None,None,None,502419120,None,66147290,None,40000000,USD,5702846,-3039014,5702846,7728436,-16097461,-14502892,2381923,491103,-227767,-496976,8303070,None,9818895,None,-787354,1137302,-982731,877266,40239,None,None,None,3.03,3.43
4,2019-06-30,USD,34083501,29147529,26845813,7237688,14833993,-179256,None,None,-430792,None,2301716,None,4935972,None,5400047,None,144146,-5255901,None,None,None,None,-110863,None,-179256,-179256,None,USD,981274148,None,None,330935,420915023,560359125,None,6842165,445496,82638696,368000,None,15566958,65836973,66496762,40685828,40685828,-2220613,867073427,76146150,22285516,560359125,None,2110763,351292536,3120121,11705775,None,None,None,None,None,-22783030,None,12545858,None,905127998,1270087,351292540,None,354418261,None,None,None,502278570,None,65836970,None,40000000,USD,-1143357,1359704,-1143357,317936,-10270316,-10999966,-470150,-7518055,-179256,-7584613,4558710,None,9864738,None,-259500,-494127,1194994,132507,2908060,None,None,None,3.44,3.03
5,2019-03-31,USD,38442820,31116457,16721530,21721290,17603181,1968870,None,None,1968870,None,4920750,None,7478840,None,5982871,None,-5509970,-5678438,None,None,None,None,112988,None,1968866,1968870,None,USD,994319320,None,None,1105150,432004750,562314570,None,1595197,445500,82817950,368000,None,12499610,74797180,79272350,51101691,51101691,-467080,876938380,83766660,21011980,562314570,None,4243010,351050930,2625990,10982689,None,None,None,None,None,-22523530,None,11863437,None,910552662,1660862,351050930,65665,352732397,None,None,None,502041730,None,74797180,None,40000000,USD,28566823,-632366,28566820,28566820,-27440114,-27592870,-152750,-4203039,1968870,8210040,7236080,None,9474190,None,None,439177,-421367,-52632,2908064,None,None,None,3.5,3.44
6,2018-12-31,USD,38529759,35434741,21981059,16548700,3095018,-5318175,0,0,-5318175,0,2719339,None,3095018,600000,-5682304,None,None,None,0,0,0,0,-8413193,0,-5318175,-5318175,None,USD,1036722488,None,None,69132778,475469977,561252511,None,14458296,445496,80849086,None,None,12038989,64498442,103490335,71803193,71803193,673979,884748691,138866439,1068369,561252511,None,2888496,371979642,2346723,10349358,None,None,None,None,None,-22523530,None,None,None,None,None,371514250,None,None,None,None,None,501807480,None,64498440,None,40000000,USD,-456610,-3065354,3064141,317936,-11557114,-11616049,-58935,-752719,-5318175,-683177,7868731,None,10134343,None,None,1603097,1569349,3499080,110272,None,None,None,2.76,3.5
7,2018-09-30,USD,42724098,36464608,23940872,18783226,6259490,-787292,0,0,-787292,0,2383878,None,6259490,600000,-6078811,None,None,None,0,0,0,0,-7046782,0,-787292,-787292,None,USD,1058758497,None,None,17079873,490789065,567969432,None,15191389,442850,86167261,44207,None,12522316,64792513,84626175,48615702,48615702,2411081,953302887,90578138,2355156,567969432,2902000,4464190,406118683,4241562,13736877,None,None,None,None,None,-22524000,None,None,None,None,None,None,None,None,None,None,None,None,None,None,None,40000000,USD,-456610,1587022,17665343,317936,-18056841,-18056841,-58935,-2121852,-787292,9145072,9536570,None,10139858,None,None,-1290089,724669,1063498,172512,None,None,None,3.56,2.76
8,2018-06-30,USD,43380863,34583984,21475589,21905274,8796879,-397816,0,0,-397816,0,2654813,None,8796879,600000,-6054999,None,None,None,0,0,0,0,-9194695,0,-397816,-397816,None,USD,1077103525,None,None,13053321,508842643,568260882,None,18959172,442850,86954553,93368,None,12550364,55669369,85547725,49368920,49368920,1915239,985483404,77209817,1859940,568260882,2888000,5152585,423201550,3334542,11020866,None,None,None,None,None,-22524000,None,None,None,None,None,None,None,None,None,None,None,None,None,None,None,40000000,USD,-456610,-875408,-27402942,None,18503477,18503477,-58935,884422,-397816,5395243,14294708,None,10453582,None,None,413155,-319294,3921522,36133462,None,None,None,3.97,3.56
9,2018-03-31,USD,39695482,36485943,23492790,16202692,3209539,-5773237,0,0,-5773237,0,2316127,None,3209539,146667,-5204835,None,None,None,0,0,0,0,-8982776,0,-5773237,-5773237,None,USD,1059832206,None,None,10353594,491771590,568060616,342090,18092997,442850,87352369,141995,None,32577597,52687631,85400745,48104373,48104373,1317157,954274911,71604594,1375104,568060616,3403000,4797046,406228850,3766323,13001504,None,None,None,None,None,-22524000,None,None,None,None,None,None,None,None,None,None,None,None,None,None,None,40000000,USD,None,3491244,-71879444,None,70105919,68440889,-1665030,-3643020,-5773237,2670661,6109216,None,10530359,None,None,-1029036,-1442928,3751663,71879444,None,None,None,4.03,3.97
10,2017-12-31,USD,38428000,35575129,20817000,18111694,5271525,749000,0,0,749000,0,2403000,None,5546000,766980,4486000,None,None,None,0,6461273,0,0,-11948370,0,-6676845,749000,None,USD,996226000,None,None,1221000,422747000,573479000,941760,12063000,443000,94088000,1056000,None,9748000,51754000,78749000,41966607,41966607,617895,923639000,62838725,645169,573478772,3231000,3869943,342942000,2763000,24719000,None,None,None,None,None,-22524000,None,None,None,None,None,None,None,None,None,None,None,None,None,None,None,40000000,USD,None,809655,-48913177,220000,-13254073,-14069329,-815256,6836913,749000,-10628453,52354000,None,38921672,None,None,47000,-179036,6445421,60613000,None,None,None,4.36,4.03
11,2017-09-30,USD,38547000,192804218,20299000,107778471,33644040,15182295,0,0,15182295,0,2685000,None,5751000,495893,4420000,None,None,None,0,0,0,0,-18461745,0,15182295,15182295,None,USD,1001640000,None,None,7351000,429460000,572180000,851760,11709000,443000,92810000,1283000,None,8151000,41298000,109832000,79856983,79856983,87881,927613000,65876448,274370,572180109,10075000,4163896,318345000,2989000,18266000,None,None,None,None,None,-22524000,None,None,None,None,None,None,None,None,None,None,None,None,None,None,None,40000000,USD,None,16460,4801006,181000,-10205331,-10205331,-168750,-3710592,-2261375,4797444,34686000,None,9812055,None,None,660512,2232788,3288513,55387000,None,None,None,3.31,4.36
12,2017-06-30,USD,39273000,-128542505,21016000,-71774057,-22504577,-11727687,0,0,-11727687,0,2491000,None,6023000,-354010,4144000,None,None,None,0,0,0,0,10777186,0,-11727391,-11727687,None,USD,1018210000,None,None,7250000,443925000,574285000,851760,11528000,443000,94951000,1366000,None,8077000,43350000,106226000,408580702,408580702,-32027,946375000,63757621,194951,574284877,3236000,6381517,336333000,3541000,22787000,None,None,None,None,None,-22524000,None,None,None,None,None,None,None,None,None,None,None,None,None,None,None,40000000,USD,None,-618002,-38052065,166000,20244170,9700000,-167580,3458968,-1708871,-6619002,24484000,None,9743366,None,None,-680214,-2220030,3206227,54537000,None,None,None,3.25,3.31
13,2017-03-31,USD,38064000,32437929,20059000,18006025,5626162,2004000,0,0,2004000,0,2525000,None,5775000,150000,3611000,None,None,None,0,0,0,0,-3622458,0,2003704,2004000,None,USD,996278000,None,None,1176000,420102000,576176000,1019340,10300000,443000,96878000,3177000,None,6556000,50142000,91978000,388442834,388442834,186141,926192000,63530019,351954,576175616,4636000,4492567,324947000,3083000,18466000,None,None,None,None,None,-22524000,None,None,None,None,None,None,None,None,None,None,None,None,None,None,None,40000000,USD,None,1107086,-16318551,165618,-9897581,-10376507,-478926,894885,2004000,-13567371,13128000,None,9704454,None,None,-273705,-458937,-21434,16318000,None,None,None,3.99,3.25
14,2016-12-31,USD,37473000,98291555,19623000,48442491,11400653,-5296897,0,0,-7798300,0,2665000,None,5303000,1058863,3731000,None,None,None,0,5735086,0,0,-20496587,0,-7798300,-7798300,None,USD,1001942000,None,None,1278000,427967000,573975000,540414,10153000,443000,94713000,3309000,None,5979000,64994000,81367000,54593715,54593715,25435,919485000,76478045,263635,573975304,3363000,4033630,343291000,2809000,16619000,None,None,None,None,None,-22524000,None,None,None,None,None,None,None,None,None,None,None,None,None,None,None,40000000,USD,None,-105196,-54074771,10676000,-24430352,-27213272,-712614,-2128249,-7798300,-45133955,36154000,None,39096589,None,-2070306,118000,825838,5430075,56216000,None,None,None,3.38,3.99
15,2016-09-30,USD,34440000,-857659,20631000,-191026,-702366,-501403,0,0,0,0,2630000,None,1298000,0,3686000,None,None,None,0,0,0,0,0,0,0,0,None,USD,1018819000,None,None,1231000,441875000,576944000,540414,9896000,443000,97750000,4447000,None,5717000,60715000,70899000,411426325,411426325,None,929616000,83486396,None,None,14235000,4214832,366529000,3090000,17562000,None,None,None,None,None,-22524000,None,None,None,None,None,None,None,None,None,None,None,None,None,None,None,40000000,USD,None,None,-6744049,None,None,-12365054,-485574,489305,-2501403,-10860573,25214000,None,9881182,None,None,72366,46740,None,50196000,None,None,None,3.47,3.38
16,2016-06-30,USD,35745000,34000000,21394000,14000000,2000000,-2636000,0,0,-636000,0,2614000,None,2042000,0,3495000,None,None,None,0,0,0,0,0,0,0,-636000,None,USD,1033206000,None,None,1582000,454390000,578816000,1000000,10954000,443000,99713000,5043000,None,5712000,71576000,92294000,424000000,424000000,None,933657000,94000000,None,None,13467000,4000000,357053000,3162000,16249000,None,None,None,None,None,-22524000,None,None,None,None,None,None,None,None,None,None,None,None,None,None,None,40000000,USD,None,None,-19000000,None,None,2000000,1000000,-3000000,-2000000,-12000000,16965000,None,10000000,None,None,None,1000000,None,43938000,None,None,None,3.78,3.47
17,2016-03-31,USD,36474000,0,20232000,0,0,636000,0,0,636000,0,2547000,None,4056000,0,3356000,None,None,None,0,0,0,0,0,0,0,636000,None,USD,1036500000,None,None,1337000,455845000,580655000,None,10330000,443000,101595000,4785000,None,5480000,83911000,97612000,None,None,None,923193000,None,None,None,14835000,None,353448000,2698000,21023000,None,None,None,None,None,-22476000,None,None,None,None,None,None,None,None,None,None,None,None,None,None,None,40000000,USD,None,None,None,None,None,None,None,None,636000,None,12581000,None,None,None,None,229000,None,None,24047000,None,None,None,3.53,3.78
18,2015-12-31,USD,37410000,120094996,20228000,67185853,21220885,1520678,0,0,1520678,0,2559000,None,4918000,1058863,3076000,None,None,None,0,8238987,0,0,-18654207,0,2566678,1507221,None,USD,1037874000,None,None,2080000,454823000,583051000,390000,11268000,443000,102093000,3875000,None,5780000,100063000,103714000,75226107,75226107,-393288,908722000,123372369,127555,583051160,13456000,4856764,347234000,2916000,17518000,None,None,None,None,None,-20487000,None,None,None,None,None,None,None,None,None,None,None,None,None,None,None,41000000,USD,None,-1825119,-151799747,1262695,99156412,87899000,2173000,4995523,2566678,-15845880,48055000,None,35857507,None,-13429891,-39991,-1532306,7445147,155073000,None,None,None,3.43,3.53
19,2015-09-30,USD,35792000,0,20149000,0,0,1046000,0,0,1046000,0,2691000,None,3785000,0,2754000,None,None,None,0,0,0,0,0,0,0,1046000,None,USD,1029686000,None,None,1109000,442800000,586886000,None,11301000,443000,104398000,3756000,None,8140000,76820000,100452000,None,None,None,920558000,None,None,None,14261000,None,338592000,3039000,14010000,None,None,None,None,None,-18743000,None,None,None,None,None,None,None,None,None,None,None,None,None,None,None,41000000,USD,None,None,None,None,None,78126000,1616000,None,1046000,None,31908000,None,None,None,None,None,None,None,151935000,None,None,None,4.49,3.43
