,fiscalDateEnding,reportedCurrency_x,totalRevenue,totalOperatingExpense,costOfRevenue,grossProfit,ebit,netIncome_x,researchAndDevelopment,effectOfAccountingCharges,incomeBeforeTax,minorityInterest,sellingGeneralAdministrative,otherNonOperatingIncome,operatingIncome,otherOperatingExpense,interestExpense,taxProvision,interestIncome,netInterestIncome,extraordinaryItems,nonRecurring,otherItems,incomeTaxExpense,totalOtherIncomeExpense,discontinuedOperations,netIncomeFromContinuingOperations,netIncomeApplicableToCommonShares,preferredStockAndOtherAdjustments,reportedCurrency_y,totalAssets,intangibleAssets,earningAssets,otherCurrentAssets,totalLiabilities,totalShareholderEquity,deferredLongTermLiabilities,otherCurrentLiabilities,commonStock,retainedEarnings,otherLiabilities,goodwill,otherAssets,cash,totalCurrentLiabilities,shortTermDebt,currentLongTermDebt,otherShareholderEquity,propertyPlantEquipment,totalCurrentAssets,longTermInvestments,netTangibleAssets,shortTermInvestments,netReceivables,longTermDebt,inventory,accountsPayable,totalPermanentEquity,additionalPaidInCapital,commonStockTotalEquity,preferredStockTotalEquity,retainedEarningsTotalEquity,treasuryStock,accumulatedAmortization,otherNonCurrrentAssets,deferredLongTermAssetCharges,totalNonCurrentAssets,capitalLeaseObligations,totalLongTermDebt,otherNonCurrentLiabilities,totalNonCurrentLiabilities,negativeGoodwill,warrants,preferredStockRedeemable,capitalSurplus,liabilitiesAndShareholderEquity,cashAndShortTermInvestments,accumulatedDepreciation,commonStockSharesOutstanding,reportedCurrency,investments,changeInLiabilities,cashflowFromInvestment,otherCashflowFromInvestment,netBorrowings,cashflowFromFinancing,otherCashflowFromFinancing,changeInOperatingActivities,netIncome_y,changeInCash,operatingCashflow,otherOperatingCashflow,depreciation,dividendPayout,stockSaleAndPurchase,changeInInventory,changeInAccountReceivables,changeInNetIncome,capitalExpenditures,changeInReceivables,changeInExchangeRate,changeInCashAndCashEquivalents,clossingVal,nextClossingVal
0,2020-06-30,USD,175891000,98141000,None,175891000,77750000,63444000,None,None,77750000,None,98141000,None,77750000,10802000,7185000,14306000,155404000,148219000,None,None,None,14306000,None,None,63444000,63444000,None,USD,16906648000,60733000,4321479000,None,14702933000,2203715000,25213000,13381532000,954000,580035000,177730000,513355000,11467365000,547610000,13385743000,None,None,129909000,326005000,624973000,15143439000,1629627000,3533950000,77363000,172463000,None,4211000,None,None,954000,None,580035000,None,None,238143000,None,16281675000,None,172463000,1119514000,1317190000,None,None,None,1492817000,16906648000,547610000,None,95409061,USD,-1455783000,17702000,-1459379000,325000,-174145000,1622136000,1823792000,12447000,63444000,274169000,111412000,30609000,11281000,-27672000,161000,None,-8839000,-2785000,3921000,-8839000,None,274169000,35.29,
1,2020-03-31,USD,144897000,91928000,None,144897000,52969000,43339000,None,None,52969000,None,91928000,None,52969000,10265000,8496000,9630000,142865000,134369000,None,None,None,9630000,None,None,43339000,43339000,None,USD,15158384000,63346000,3949673000,None,13021740000,2136644000,15210000,11557837000,954000,544315000,147418000,513355000,10108445000,273441000,11562550000,None,None,99724000,324230000,341966000,13666339000,1559943000,3429890000,68525000,172415000,None,4713000,None,None,954000,None,544315000,None,None,249148000,None,14816418000,None,172415000,1271565000,1459190000,None,None,None,1491651000,15158384000,273441000,None,95408274,USD,-764101000,-13312000,-720130000,44911000,477711000,636848000,177155000,-23105000,43339000,-57520000,25762000,-7355000,10603000,-18652000,634000,None,-10690000,3177000,940000,-10690000,None,-57520000,34.01,35.29
2,2019-12-31,USD,164865000,95252000,None,164865000,69613000,57410000,None,None,69613000,None,95252000,None,69613000,13964000,8833000,12203000,145281000,136448000,None,None,None,12203000,-7620000,None,57410000,57410000,None,USD,13683999000,63286000,3122430000,175296000,11723266000,1960733000,None,10776457000,923000,541050000,121050000,456418000,9539635000,330961000,10781143000,31492000,31492000,40226000,310309000,387008000,12257377000,1441029000,2575252000,56047000,168734000,5142000,4686000,None,None,923000,None,541050000,None,None,207564000,None,2037000,None,168734000,773389000,942123000,None,None,None,1378534000,13683999000,330961000,None,92289750,USD,-98423000,2235000,-98882000,1709000,54998000,-88750000,-93146000,7680000,57410000,-75423000,112209000,7346000,8743000,-53498000,2896000,None,7247000,29228000,2168000,7247000,None,-75423000,45.99,34.01
3,2019-09-30,USD,174497000,110675000,None,174497000,63822000,51610000,None,None,63822000,None,110675000,None,63822000,25897000,10947000,12212000,142395000,131448000,None,None,None,12212000,-10577000,None,51610000,51610000,None,USD,13718792000,65852000,3086471000,163735000,11765391000,1953401000,None,10868625000,922000,528599000,126104000,456422000,9607206000,406384000,10873060000,None,None,48095000,307590000,469678000,12210022000,1431127000,2459036000,63294000,154721000,7148000,4435000,None,None,922000,None,528599000,None,None,209228000,None,13249114000,None,154721000,737610000,892331000,None,None,None,1375785000,13718792000,406384000,None,92180618,USD,62141000,7100000,128340000,68547000,-250943000,18085000,292438000,13253000,51610000,175175000,28750000,8542000,13847000,-23410000,None,None,-2135000,-50214000,2348000,-2135000,None,175175000,40.46,45.99
4,2019-06-30,USD,151130000,86170000,None,151130000,64960000,52392000,None,None,64960000,None,86170000,None,64960000,12330000,12089000,12568000,132385000,120296000,None,None,None,12568000,-5735000,None,52392000,52392000,None,USD,12676361000,54646000,2943699000,113278000,10988985000,1687376000,None,9854875000,866000,503773000,107176000,330887000,3371000,231209000,9859966000,None,None,43448000,296915000,289776000,11490165000,1301843000,2470634000,58567000,154677000,7281000,5091000,None,None,866000,None,503773000,None,None,210601000,None,3371000,None,154677000,974342000,1129019000,None,None,None,1139289000,12676361000,231209000,None,86637394,USD,-153819000,5299000,-149353000,12539000,168557000,138652000,-7907000,415000,52392000,28682000,39383000,-3042000,10043000,-21998000,None,None,-254000,-25055000,8073000,-254000,None,28682000,40.55,40.46
5,2019-03-31,USD,143629000,82830000,None,143629000,60799000,49132000,None,None,60799000,None,82830000,None,60799000,11163000,10904000,11667000,126116000,115212000,None,None,None,11667000,-3332000,None,49132000,49132000,None,USD,12073779000,47548000,2969731000,86756000,10522929000,1550850000,None,9588115000,846000,474818000,98627000,289586000,8367289000,202527000,9592824000,1920000,1920000,23887000,277619000,259894000,11003567000,1213716000,2522322000,57367000,148786000,8125000,4709000,None,None,846000,None,474818000,None,None,183011000,None,12554000,None,148786000,781319000,930105000,None,None,None,1051299000,12073779000,202527000,None,84588199,USD,79814000,-14068000,77213000,1208000,-192399000,-124783000,93178000,-15704000,49132000,-1263000,46307000,-1780000,12059000,-25562000,None,None,-2959000,3923000,3809000,-2959000,None,-1263000,40.07,40.55
6,2018-12-31,USD,143122000,81876000,10682000,143122000,61246000,49599000,0,0,61246000,0,81876000,None,61246000,11054000,9436000,None,None,None,0,0,0,11647000,-3778000,0,49599000,49599000,None,USD,12115484000,49242000,None,141190000,10599630000,1515854000,None,9493767000,845000,473183000,112757000,289586000,8327361000,203790000,9498019000,285847000,285847000,-9427000,241528000,258198000,11059044000,1177026000,42008000,54408000,148759000,7480000,4252000,None,None,845000,None,473183000,None,None,194322000,None,23564000,None,148759000,952852000,1101611000,None,None,None,1051253000,12115484000,203790000,None,84521692,USD,-343088000,1361000,-341726000,6015000,276604000,125213000,-107440000,8529000,49599000,-103314000,113199000,8736000,9626000,-43951000,None,None,None,36037000,4653000,7840000,None,-103314000,39.62,40.07
7,2018-09-30,USD,142967000,82829000,12354000,142967000,60138000,49336000,0,0,60138000,0,82829000,None,60138000,11110000,9160000,None,None,None,0,0,0,10802000,-7022000,0,49336000,49336000,None,USD,11909102000,50973000,None,112897000,10416490000,1492612000,0,9601182000,845000,471021000,103020000,289535000,8186152000,307104000,9605247000,708081000,708081000,-29717000,239006000,369352000,10735893000,1152104000,0,62248000,143999000,12399000,4065000,0,0,845000,0,471021000,0,None,187079000,None,37264000,None,143999000,667244000,811243000,None,None,None,1050463000,11909102000,307104000,None,84521093,USD,-91964000,12664000,-91942000,2709000,-152847000,-37361000,137477000,4796000,49336000,-61028000,68275000,-7246000,9399000,-21991000,0,21412000,0,10397000,2687000,-6275000,None,-61028000,43.09,39.62
8,2018-06-30,USD,135664000,81795000,13879000,135664000,53869000,44384000,0,0,53869000,0,81795000,None,53869000,11483000,9161000,None,None,None,0,0,0,9485000,-6214000,0,44384000,44384000,None,USD,11897644000,52708000,None,109761000,10423652000,1473992000,0,9423575000,845000,443705000,93754000,289535000,7999651000,368132000,9427527000,903757000,903757000,-20282000,240373000,3221866000,7870896000,1131749000,2797761000,55973000,143975000,13616000,3952000,0,0,845000,0,443705000,0,None,188055000,None,34211000,None,143975000,852150000,996125000,None,None,None,1049724000,11897644000,3165893000,None,84516650,USD,-321960000,1724000,-326462000,1237000,-32991000,192245000,244680000,2483000,44384000,-82916000,51301000,-209000,9353000,-19444000,0,9931000,0,-2354000,5739000,-1597000,None,-82916000,38.68,43.09
9,2018-03-31,USD,120583000,73627000,8569000,120583000,46956000,38559000,0,0,46956000,0,73627000,None,46956000,9857000,7774000,None,None,None,0,0,0,8397000,-4170000,0,38559000,38559000,None,USD,11658778000,54456000,None,91434000,10204754000,1454024000,0,9418845000,845000,421342000,92793000,289535000,3375627000,451048000,9422585000,697226000,697226000,-17023000,238491000,3294682000,7579480000,1110033000,2789258000,54376000,142265000,51190000,3740000,0,0,845000,0,421342000,0,None,169205000,None,32929000,None,142265000,639904000,782169000,None,None,None,1048860000,11658778000,3240306000,None,84511472,USD,-208755000,-3737000,-112290000,102023000,-7625000,315398000,323130000,-3448000,38559000,251044000,47936000,2743000,8655000,-107000,0,8682000,0,4425000,5558000,-2709000,None,251044000,38.38,38.68
10,2017-12-31,USD,114649000,68366000,9958000,114649000,46283000,14956000,0,0,46283000,0,68366000,None,46283000,57808000,22212000,None,None,None,0,0,0,31327000,-10964000,0,14956000,14956000,None,USD,9706349000,14184000,None,83295000,8507292000,1199057000,0,7579747000,780000,402259000,76618000,177811000,2827639000,200004000,7583197000,200869000,200869000,-1979000,177348000,2671022000,6487089000,1007062000,2426556000,44462000,134359000,53102000,3450000,0,0,780000,0,402259000,0,None,140551000,None,38344000,None,134359000,789736000,924095000,None,None,None,797997000,9706349000,2626560000,None,78006956,USD,380000,-8871000,-1543000,523000,-91137000,-94953000,12572000,-3554000,14956000,-20206000,76290000,-4494000,8615000,-16388000,0,95294000,2466000,60054000,2446000,6030000,None,-20206000,39.39,38.38
11,2017-09-30,USD,116670000,68552000,10979000,116670000,48118000,36479000,0,0,48118000,0,68552000,None,48118000,-17613000,-122000,None,None,None,0,0,0,11639000,0,0,36479000,36479000,None,USD,9798602000,14798000,None,99201000,8592401000,1206201000,0,7767154000,780000,403373000,83624000,177811000,2956795000,220210000,7770308000,754371000,754371000,4667000,178672000,2812347000,6428566000,1013592000,2541645000,50492000,134342000,63068000,3154000,0,0,780000,0,403373000,0,None,127492000,None,58916000,None,134342000,687751000,822093000,None,None,None,797381000,9798602000,2761855000,None,78006956,USD,78259000,4420000,80809000,5053000,-52898000,-139965000,-30874000,4031000,36479000,-17380000,41776000,1645000,9328000,-56193000,0,58027000,0,-6525000,2503000,-3571000,None,-17380000,37.76,39.39
12,2017-06-30,USD,110901000,65309000,10787000,110901000,45592000,33687000,0,0,45592000,0,65309000,None,45592000,-812000,408000,None,None,None,0,0,0,11905000,0,0,33687000,33687000,None,USD,9899494000,15438000,None,84647000,8689537000,1209957000,0,7797963000,780000,406771000,97139000,177811000,3209970000,237590000,7801498000,808410000,808410000,5699000,179823000,3086330000,6253611000,1016708000,2801819000,46921000,131880000,56226000,3535000,0,0,780000,0,406771000,0,None,127295000,None,59186000,None,131880000,756159000,888039000,None,None,None,796707000,9899494000,3039409000,None,78001890,USD,31821000,535000,27959000,-1488000,-49327000,-67291000,-1867000,5978000,33687000,3586000,42918000,3120000,9655000,-16097000,0,57946000,7000,-6297000,2374000,2218000,None,3586000,36.61,37.76
13,2017-03-31,USD,104353000,63344000,8964000,104353000,41009000,31255000,0,0,41009000,0,63344000,None,41009000,2199000,7366000,None,None,None,0,0,0,9754000,0,0,31255000,31255000,None,USD,9553908000,11746000,None,73692000,8418668000,1135240000,0,7480157000,766000,389505000,94776000,147053000,3353453000,234004000,7483624000,717708000,717708000,-4412000,175283000,3263956000,5773397000,976441000,2981909000,48043000,134921000,43420000,3467000,0,0,766000,0,389505000,0,None,117898000,None,64575000,None,134921000,800123000,935044000,None,None,None,749381000,9553908000,3215913000,None,76619952,USD,-85358000,-777000,-83570000,4593000,27877000,71276000,66441000,1093000,31255000,81463000,93757000,429000,10151000,-23042000,0,60208000,0,54910000,2805000,-2211000,None,81463000,33.93,36.61
14,2016-12-31,USD,107420000,66717000,8353000,107420000,40703000,31041000,0,0,40703000,0,66717000,None,40703000,44301000,22313000,None,None,None,0,0,0,9662000,-12377000,0,31041000,31041000,None,USD,9450600000,12347000,None,118759000,8333731000,1116869000,0,7372279000,765000,374379000,105622000,147053000,3473089000,152541000,7375863000,41099000,41099000,-7382000,176198000,3299524000,5627818000,957469000,3101151000,45832000,130431000,93881000,3584000,0,0,765000,0,374379000,0,None,120539000,None,67121000,None,130431000,827437000,957868000,None,None,None,749107000,9450600000,3253692000,None,76525402,USD,-304620000,-6265000,-304681000,1352000,70842000,143155000,102960000,-49000,31041000,-98872000,62654000,-565000,10682000,-30647000,0,56322000,0,23455000,1413000,4306000,None,-98872000,36.23,33.93
15,2016-09-30,USD,106293000,65180000,7944000,106293000,41113000,30957000,0,0,41113000,0,65180000,None,41113000,-2537000,-106000,None,None,None,0,0,0,10156000,0,0,30957000,30957000,None,USD,9316875000,12955000,None,None,8169096000,1147779000,0,7309319000,765000,381713000,114789000,147053000,3329665000,251413000,7312758000,619032000,619032000,16838000,178638000,3273337000,5534497000,987771000,2971786000,50138000,131912000,93731000,3439000,0,0,765000,0,381713000,0,None,118638000,None,51757000,None,131912000,724426000,856338000,None,None,None,748463000,9316875000,3223199000,None,76525402,USD,5566000,8292000,13583000,9858000,-32277000,13998000,61532000,-12026000,30957000,91080000,63499000,-2913000,11252000,-15257000,0,26631000,0,18347000,1841000,-2436000,None,91080000,28.52,36.23
16,2016-06-30,USD,105404000,64461000,7424000,105404000,40943000,30451000,0,0,40943000,0,64461000,None,40943000,788000,-251000,None,None,None,0,0,0,10492000,0,0,30451000,30451000,None,USD,9199442000,12970000,None,None,8074783000,1124659000,0,7088816000,762000,366105000,111962000,140638000,3516457000,160333000,7092302000,748085000,748085000,20413000,177911000,3376416000,5320371000,971051000,3168529000,47554000,130846000,98510000,3486000,0,0,762000,0,366105000,0,None,124648000,None,46488000,None,130846000,851635000,982481000,None,None,None,737379000,9199442000,3328862000,None,76171580,USD,-38326000,-11477000,-25970000,1179000,-58441000,38923000,112617000,-3386000,30451000,9472000,-3481000,-3679000,11419000,-15253000,0,820000,0,-30004000,11177000,-191000,None,9472000,26.58,28.52
17,2016-03-31,USD,100390000,62356000,8243000,100390000,38034000,28682000,0,0,38034000,0,62356000,None,38034000,0,7675000,None,None,None,0,0,0,9352000,0,0,28682000,28682000,None,USD,9120742000,13758000,None,None,8027062000,1093680000,0,7016194000,762000,350933000,118422000,140638000,3647239000,150861000,7019802000,None,None,5321000,192951000,3494512000,5107606000,939284000,3296288000,47363000,132517000,62569000,3608000,0,0,762000,0,350933000,0,None,115504000,None,55773000,None,132517000,874743000,1007260000,None,None,None,736664000,9120742000,3447149000,None,76168388,USD,-92627000,2894000,-90896000,4457000,22451000,-9226000,-8794000,None,28682000,-42392000,57730000,195000,11121000,-22883000,0,23134000,0,17677000,2726000,-2839000,None,-42392000,25.42,26.58
18,2015-12-31,USD,100052000,62203000,7626000,100052000,37849000,29508000,0,0,37849000,0,62203000,None,37849000,41062000,21966000,None,None,None,0,0,0,8341000,-14399000,0,29508000,29508000,None,USD,9089232000,14555000,None,101038000,8012582000,1076650000,0,6945008000,761000,337532000,117579000,140638000,3669636000,193253000,6948525000,185091000,185091000,1989000,194030000,3550609000,5005498000,921457000,3312832000,44524000,132450000,83329000,3517000,0,0,761000,0,337532000,0,None,125427000,None,58475000,None,132450000,931607000,1064057000,None,None,None,736368000,9089232000,3506085000,None,76086288,USD,-136166000,-1827000,-140067000,4224000,-92776000,52847000,174503000,4453000,29508000,-49582000,37638000,6303000,11572000,-28880000,0,36677000,0,-10938000,8125000,3020000,None,-49582000,26.53,25.42
19,2015-09-30,USD,98031000,59112000,8135000,98031000,38919000,29614000,0,0,38919000,0,59112000,None,38919000,0,-60000,None,None,None,0,0,0,9305000,0,0,29614000,29614000,None,USD,8764299000,10781000,None,None,7689491000,1074808000,0,6673179000,755000,345407000,113541000,130843000,3522884000,242835000,6676820000,None,None,8007000,185864000,3472437000,4786107000,933184000,3182816000,46786000,132431000,67065000,3641000,0,0,755000,0,345407000,0,None,123172000,None,55095000,None,132431000,880240000,1012671000,None,None,None,720639000,8764299000,3425651000,None,75532082,USD,-300942000,8803000,-302157000,1481000,31925000,132375000,114522000,None,29614000,-112884000,56898000,-11181000,10946000,-14388000,316000,38163000,0,20940000,2696000,-2224000,None,-112884000,26.39,26.53
