,fiscalDateEnding,reportedCurrency_x,totalRevenue,totalOperatingExpense,costOfRevenue,grossProfit,ebit,netIncome_x,researchAndDevelopment,effectOfAccountingCharges,incomeBeforeTax,minorityInterest,sellingGeneralAdministrative,otherNonOperatingIncome,operatingIncome,otherOperatingExpense,interestExpense,taxProvision,interestIncome,netInterestIncome,extraordinaryItems,nonRecurring,otherItems,incomeTaxExpense,totalOtherIncomeExpense,discontinuedOperations,netIncomeFromContinuingOperations,netIncomeApplicableToCommonShares,preferredStockAndOtherAdjustments,reportedCurrency_y,totalAssets,intangibleAssets,earningAssets,otherCurrentAssets,totalLiabilities,totalShareholderEquity,deferredLongTermLiabilities,otherCurrentLiabilities,commonStock,retainedEarnings,otherLiabilities,goodwill,otherAssets,cash,totalCurrentLiabilities,shortTermDebt,currentLongTermDebt,otherShareholderEquity,propertyPlantEquipment,totalCurrentAssets,longTermInvestments,netTangibleAssets,shortTermInvestments,netReceivables,longTermDebt,inventory,accountsPayable,totalPermanentEquity,additionalPaidInCapital,commonStockTotalEquity,preferredStockTotalEquity,retainedEarningsTotalEquity,treasuryStock,accumulatedAmortization,otherNonCurrrentAssets,deferredLongTermAssetCharges,totalNonCurrentAssets,capitalLeaseObligations,totalLongTermDebt,otherNonCurrentLiabilities,totalNonCurrentLiabilities,negativeGoodwill,warrants,preferredStockRedeemable,capitalSurplus,liabilitiesAndShareholderEquity,cashAndShortTermInvestments,accumulatedDepreciation,commonStockSharesOutstanding,reportedCurrency,investments,changeInLiabilities,cashflowFromInvestment,otherCashflowFromInvestment,netBorrowings,cashflowFromFinancing,otherCashflowFromFinancing,changeInOperatingActivities,netIncome_y,changeInCash,operatingCashflow,otherOperatingCashflow,depreciation,dividendPayout,stockSaleAndPurchase,changeInInventory,changeInAccountReceivables,changeInNetIncome,capitalExpenditures,changeInReceivables,changeInExchangeRate,changeInCashAndCashEquivalents,clossingVal,nextClossingVal
0,2020-06-30,USD,178761000,62196000,67297000,111464000,49268000,37551000,None,None,44556000,None,8618000,None,49268000,None,4712000,7005000,None,-4712000,None,53578000,None,7005000,766000,None,37551000,37551000,None,USD,2113148000,21227000,None,None,1377954000,735194000,None,None,2000,256442000,722666000,6521000,85599000,76393000,None,None,None,33577000,None,335399000,1535763000,707446000,1280116000,259006000,297730000,None,None,None,None,2000,None,256442000,None,None,110152000,None,104086000,None,297730000,1080224000,1377954000,None,None,None,445173000,2113148000,76393000,None,None,USD,3607000,8322000,-14299000,-17906000,2880000,-685000,None,12761000,37551000,16642000,31626000,17988000,3296000,-3565000,0,None,-17984000,-17772000,0,-17759000,None,16642000,23.94,
1,2020-03-31,USD,86600000,60635000,77647000,8953000,-51682000,-44578000,None,None,-56547000,None,4223000,None,-51682000,None,4865000,-11969000,-4865000,-4865000,None,56412000,None,-11969000,165000,None,-44578000,-44578000,None,USD,2028504000,21359000,None,None,1353868000,674637000,None,None,2000,222549000,684047000,6521000,67864000,59751000,2585000,None,None,8444000,22071000,279178000,1493400000,646756000,1271706000,219427000,294784000,None,2585000,None,None,2000,None,222549000,-4116000,None,116314000,None,111732000,None,294784000,1056499000,1351283000,None,None,None,443641000,2028504000,59751000,None,14000000,USD,-38420000,-3640000,316000,38736000,-1922000,-5620000,None,3778000,-44578000,15480000,20784000,4087000,3240000,-3555000,-143000,None,3568000,56721000,0,4954000,None,15480000,25.5,23.94
2,2019-12-31,USD,175913000,61946000,73423000,102490000,40544000,29031000,None,None,35610000,None,7186000,None,40544000,None,4934000,6579000,-4934000,-4934000,None,54760000,None,6579000,542000,None,29031000,29031000,None,USD,2075885000,21491000,None,148018000,1349076000,726810000,None,315161000,2000,270768000,409558000,6521000,51464000,44271000,850000,10275000,10275000,13636000,22761000,273949000,1563542000,698797000,1253159000,229678000,296640000,None,850000,None,None,2000,None,270768000,-3973000,None,108628000,None,101754000,None,296640000,1051586000,1348226000,None,None,None,442403000,2075885000,44271000,None,14000000,USD,-27910000,-15923000,-12514000,15396000,-750000,-7842000,None,-23026000,29031000,-33910000,-13554000,-9155000,3032000,-7092000,0,None,-5969000,-15759000,0,-4780000,None,-33910000,29.63,25.5
3,2019-09-30,USD,142234000,57224000,73583000,68651000,11427000,6721000,None,None,6404000,None,3858000,None,11427000,None,5023000,-317000,-5023000,-5023000,None,53366000,None,-317000,264000,None,6721000,6721000,None,USD,2084156000,21623000,None,149763000,1376772000,707385000,None,320597000,2000,245346000,685877000,6521000,55102000,78181000,848000,12422000,12422000,25314000,23360000,303084000,1536854000,679240000,1234435000,224903000,297324000,None,848000,None,None,2000,None,245346000,-3973000,None,108734000,None,107340000,None,297324000,1078600000,1375924000,None,None,None,440695000,2084156000,78181000,None,14000000,USD,-30442000,24941000,-32246000,-1804000,5152000,5147000,None,24431000,6721000,21966000,49065000,25623000,3272000,-5000,0,None,-8957000,2947000,0,-14439000,None,21966000,24.97,29.63
4,2019-06-30,USD,146139000,55173000,70075000,76064000,20891000,14663000,None,None,15849000,None,4639000,None,20891000,None,5042000,1186000,-5042000,-5042000,None,50534000,None,1186000,522000,None,14663000,14663000,None,USD,2015472000,21755000,None,121986000,1320960000,694513000,None,312958000,2000,242234000,662968000,6521000,54701000,56215000,9849000,10898000,10898000,16542000,24143000,273640000,1509777000,666236000,1196276000,217425000,292106000,None,9849000,None,None,2000,None,242234000,-3973000,None,97307000,None,106472000,None,292106000,1019005000,1311111000,None,None,None,439707000,2015472000,56215000,None,14000000,USD,119676000,34828000,4355000,-115321000,-2541000,-6069000,None,4731000,14663000,18341000,20055000,-38084000,2912000,-3530000,2000,None,7776000,-5088000,0,10824000,None,18341000,30.96,24.97
5,2019-03-31,USD,140186000,52948000,58321000,81865000,28917000,19600000,None,None,23894000,None,3205000,None,28917000,None,5023000,4294000,-5023000,-5023000,None,49743000,None,4294000,488000,None,19600000,19600000,None,USD,1984908000,21888000,None,157148000,1317253000,667655000,None,281784000,2000,231176000,692876000,6521000,40943000,37874000,5252000,6423000,6423000,1669000,24803000,262807000,1485794000,639246000,1294555000,224933000,294581000,None,5252000,None,None,2000,None,231176000,-3975000,None,104101000,None,103797000,None,294581000,1017420000,1312001000,None,None,None,438783000,1984908000,37874000,None,14000000,USD,-37204000,-4318000,-39839000,-2635000,5950000,1406000,None,-39161000,19600000,-61623000,-23190000,-53397000,3038000,-3595000,-949000,None,7274000,-1438000,0,13325000,None,-61623000,30.38,30.96
6,2018-12-31,USD,113261000,55695000,139199000,-25938000,-81633000,-73317000,0,0,-86602000,0,6113000,None,-81633000,0,4969000,None,None,None,0,49582000,0,-13285000,-5179000,0,-73317000,-73317000,None,USD,1960266000,22020000,None,169924000,1331207000,629060000,None,282112000,2000,215132000,443620000,6521000,69419000,99497000,664840000,4062000,4062000,-21231000,None,333069000,1410655000,600518000,None,233572000,288565000,None,312848000,None,None,2000,None,215132000,-3026000,None,77736000,None,110265000,None,288565000,1042642000,1331207000,None,None,None,438182000,1960266000,99497000,None,14000000,USD,65640000,-14884000,59811000,-5829000,6413000,2842000,None,72777000,-73317000,58851000,-3802000,86069000,3088000,-3517000,-54000,None,-3038000,12514000,0,-17272000,None,58851000,36.23,30.38
7,2018-09-30,USD,138008000,52155000,80493000,57515000,5360000,3728000,0,0,436000,0,3475000,None,5360000,0,4924000,None,None,None,0,48680000,0,-3292000,-4924000,0,3728000,3728000,None,USD,1958046000,22152000,None,150739000,1255720000,702326000,0,297730000,2000,292001000,659092000,6521000,58083000,40646000,4942000,None,None,-23829000,0,255555000,1496503000,673653000,83626000,214909000,282086000,0,4942000,0,0,2000,0,292001000,-2972000,None,77102000,None,100213000,None,282086000,968692000,1250778000,None,None,None,437124000,1958046000,40646000,None,14000000,USD,10200000,-10981000,15410000,5210000,-5304000,-8813000,None,-13832000,3728000,-6492000,-13089000,-13322000,3266000,-3509000,0,0,7926000,-6852000,0,11072000,None,-6492000,37.7,36.23
8,2018-06-30,USD,128025000,58431000,58861000,69164000,10733000,7192000,0,0,5793000,0,10918000,None,10733000,0,4940000,None,None,None,0,47513000,0,-1399000,-4940000,0,7192000,7192000,None,USD,1981819000,22285000,None,153578000,1279402000,702417000,0,304288000,2000,291827000,656941000,6521000,53840000,47138000,553000,1201000,1201000,-22475000,0,271501000,1505158000,673611000,76088000,224363000,287324000,0,553000,0,0,2000,0,291827000,-2972000,None,78007000,None,98347000,None,287324000,991525000,1278849000,None,None,None,436035000,1981819000,47138000,None,14000000,USD,-41306000,35816000,-41306000,1112000,691000,-2811000,None,2599000,7192000,-26384000,17733000,-6667000,3454000,-3502000,0,0,-15293000,-3511000,0,-18551000,None,-26384000,38.98,37.7
9,2018-03-31,USD,119644000,54263000,56072000,63572000,9309000,5701000,0,0,4448000,0,9260000,None,9309000,0,4861000,None,None,None,0,45003000,0,-1253000,-4861000,0,5701000,5701000,None,USD,1963714000,22417000,None,153243000,1259962000,703753000,0,281112000,2000,288187000,48512000,6521000,55447000,73522000,10729000,3168000,3168000,-16531000,0,283242000,1479066000,674814000,68736000,209720000,286567000,0,10729000,0,0,2000,0,288187000,-2972000,None,80541000,None,91927000,None,286567000,962666000,1249233000,None,None,None,435066000,1963714000,73522000,None,14000000,USD,-25080000,-7175000,-28595000,-3515000,-8212000,-13524000,None,30520000,5701000,-892000,41227000,26081000,3400000,-3499000,-1813000,0,7112000,-1346000,0,14566000,None,-892000,34.52,38.98
10,2017-12-31,USD,122164000,764704000,128256000,32354000,-48827000,9462000,0,0,-10050000,0,25714000,None,6640000,0,4841000,None,None,None,0,-109494000,0,12694000,-16690000,0,-83091000,-83091000,None,USD,2001669000,22549000,None,162960000,1283275000,718395000,0,285397000,2000,275838000,977711000,6521000,1614269000,74414000,383246000,7968000,7968000,8983000,0,304586000,1459486000,689324000,70165000,230172000,294713000,0,10851000,0,0,2000,0,275838000,-1159000,None,120684000,None,87843000,None,294713000,988562000,1283275000,None,None,None,434730000,2001669000,74414000,None,17000000,USD,-30415000,-1587000,-28951000,18504000,135584000,47164000,-4246000,-31668000,-9551000,-696000,-18909000,None,6505000,-14027000,0,0,46422000,9046000,0,None,None,None,42.02,34.52
11,2017-09-30,USD,120084000,49632000,82395000,37689000,-11943000,-8924000,0,0,-16779000,0,4630000,None,-11943000,0,4836000,None,None,None,0,45002000,0,-7855000,0,0,-8924000,-8924000,None,USD,2130690000,22682000,None,181543000,1306777000,823914000,0,11852000,2000,381731000,982590000,6521000,1775072000,60087000,533000,10702000,10702000,10085000,0,299930000,1567178000,794710000,86515000,239843000,298935000,0,533000,0,0,2000,0,381731000,-1159000,None,121533000,None,112846000,None,298935000,1007309000,1306244000,None,None,None,433254000,2130690000,60087000,None,17000000,USD,-30574000,-1594000,-30574000,10490000,2630000,2630000,-30574000,2374000,-8924000,-36377000,-8433000,20147000,3617000,0,0,0,27637000,-6718000,0,-14961000,None,-36377000,42.4,42.02
12,2017-06-30,USD,117033000,46818000,57700000,59333000,12515000,10089000,0,0,7753000,0,3361000,None,12515000,0,4762000,None,None,None,0,43457000,0,-2336000,0,0,10089000,10089000,None,USD,2104354000,22814000,None,162519000,1276680000,827675000,0,10363000,2000,390655000,948660000,6521000,1715455000,96464000,6624000,307426000,307426000,5986000,0,322199000,1541788000,798339000,98748000,225735000,296238000,0,6624000,0,0,2000,0,390655000,-1159000,None,105289000,None,105743000,None,296238000,973818000,1270056000,None,None,None,432190000,2104354000,96464000,None,18000000,USD,-40896000,24099000,-40896000,11107000,-281000,-303000,-26000,-12615000,10089000,-31079000,10120000,-14723000,3461000,0,-22000,0,42181000,-1051000,0,-11755000,None,-31079000,38.77,42.4
13,2017-03-31,USD,123913000,49605000,62561000,61352000,11747000,12282000,0,0,9280000,0,3054000,None,11747000,0,2467000,None,None,None,0,46551000,0,-3002000,0,0,12282000,12282000,None,USD,2072385000,22946000,None,154994000,1257218000,815168000,0,8753000,2000,380566000,935854000,6521000,1757683000,127543000,8607000,306741000,306741000,4332000,0,347810000,1502671000,785700000,96991000,220267000,296454000,0,8607000,0,0,2000,0,380566000,-1137000,None,92358000,None,100079000,None,296454000,952157000,1248611000,None,None,None,431404000,2072385000,127543000,None,18000000,USD,-64413000,-24125000,-64413000,3714000,133277000,132140000,-4220000,-68354000,12282000,52433000,-15294000,-42578000,4038000,0,-1137000,0,48709000,-4444000,0,39533000,None,52433000,38.49,38.77
14,2016-12-31,USD,148446000,352694000,99554000,67228000,-43944000,38373000,0,0,46535000,0,17338000,None,47337000,0,2228000,None,None,None,0,-129669000,0,8162000,-2272000,0,-56742000,38373000,None,USD,1972946000,23079000,None,174788000,1174995000,797952000,0,14054000,2000,368284000,979187000,6521000,1580986000,75110000,3936000,11524000,11524000,-618000,0,353561000,1426709000,768351000,80982000,278451000,163143000,0,3936000,0,0,2000,0,368284000,0,None,64218000,None,98858000,None,163143000,1007916000,1171059000,None,None,None,430283000,1972946000,75110000,None,18000000,USD,21059000,8471000,42161000,25362000,-9000000,-9692000,113000,-60460000,38373000,8073000,-19206000,None,6312000,-14027000,0,0,-2849000,-17946000,0,None,None,None,38.21,38.49
15,2016-09-30,USD,130254000,53135000,72162000,0,12831000,9535000,0,0,10598000,0,0,None,12831000,0,2233000,None,None,None,0,48129000,0,1063000,0,0,9535000,9535000,None,USD,1981815000,23211000,None,157408000,1199372000,782443000,0,13492000,3000,353190000,999079000,6521000,1636329000,63779000,0,197550000,197550000,23279000,0,0,1466371000,752711000,82130000,237978000,173162000,0,1921000,0,0,0,0,0,-103248000,None,89477000,None,94478000,None,173162000,1024289000,1197451000,None,None,None,532498000,1981815000,63779000,None,18000000,USD,-9363000,-16455000,7574000,16937000,-1080000,-1080000,-9363000,-6886000,9535000,-6868000,-13362000,-24958000,0,0,0,0,9918000,-8013000,0,22652000,None,-6868000,29.7,38.21
16,2016-06-30,USD,120956000,0,78111000,0,-9239000,-5165000,0,0,-11468000,0,0,None,-9239000,0,2229000,None,None,None,0,48542000,0,-6303000,0,0,-5165000,-5165000,None,USD,2006094000,23342000,None,167000000,1235345000,770749000,0,13098000,3000,342452000,1035650000,6521000,1724406000,70647000,0,201000000,201000000,22076000,0,0,1461761000,740886000,62746000,260804000,174211000,0,12386000,0,0,0,0,0,-103248000,None,85940000,None,97079000,None,174211000,1061134000,1235345000,None,None,None,531542000,2006094000,70647000,None,17000000,USD,1632000,15009000,1632000,0,7444000,7428000,2000,15421000,-5165000,23343000,14283000,11442000,0,0,-18000,0,0,-2632000,0,-8512000,None,23343000,27.53,29.7
17,2016-03-31,USD,124845000,55893000,64784000,60061000,4168000,7125000,0,0,1953000,0,3803000,None,4168000,0,2215000,None,None,None,0,52090000,0,-5172000,0,0,7125000,7125000,None,USD,1966649000,23475000,None,None,1200543000,766107000,0,11170000,3000,325541000,1016781000,6521000,1626895000,47304000,94000,None,None,13236000,0,301772000,1458933000,736110000,88387000,254468000,166737000,0,94000,0,0,3000,0,325541000,-103230000,None,83286000,None,92662000,None,166737000,1033712000,1200449000,None,None,None,530556000,1966649000,47304000,None,17000000,USD,-3476000,-654000,-3476000,0,-5328000,-5990000,125000,-20193000,7125000,-19733000,-10267000,-20121000,4229000,0,-787000,0,5707000,733000,0,-1579000,None,-19733000,31.13,27.53
18,2015-12-31,USD,135346000,492819000,100490000,62200000,46052000,27304000,0,0,29463000,0,16148000,None,30656000,0,2278000,None,None,None,0,201303000,0,2159000,-13306000,0,41469000,27304000,None,USD,1957294000,23607000,None,153431000,1207368000,749928000,0,13669000,3000,318416000,1017076000,6521000,1572836000,67037000,384376000,15256000,15256000,4078000,0,321239000,1449056000,719798000,107582000,254202000,172034000,0,4589000,0,0,3000,0,318416000,-102443000,None,65667000,None,91204000,None,172034000,1035334000,1207368000,None,None,None,529872000,1957294000,67037000,None,25000000,USD,182487000,-6764000,197243000,107092000,973000,-192779000,-3649000,-102976000,27304000,8214000,3750000,None,5284000,-14027000,0,0,49291000,17554000,0,None,None,None,29.02,31.13
19,2015-09-30,USD,124060000,54501000,77691000,46369000,-8132000,-3746000,0,0,-9727000,0,3567000,None,-8132000,0,1595000,None,None,None,0,50934000,0,-5981000,0,0,-3746000,-3746000,None,USD,2318619000,26417000,None,None,1396907000,921714000,0,16497000,3000,480882000,1080030000,6936000,1793838000,146686000,4126000,None,None,13245000,0,420648000,1689106000,888359000,143283000,273962000,292144000,0,4126000,0,0,3000,0,480882000,-101737000,None,82305000,None,93207000,None,292144000,1100637000,1392781000,None,None,None,529319000,2318619000,146686000,None,25000000,USD,-3898000,-12549000,-3898000,0,104721000,104721000,None,None,-3746000,80400000,-20423000,-45816000,8892000,0,0,0,24344000,6263000,0,26533000,None,80400000,26.17,29.02
