,fiscalDateEnding,reportedCurrency_x,totalRevenue,totalOperatingExpense,costOfRevenue,grossProfit,ebit,netIncome_x,researchAndDevelopment,effectOfAccountingCharges,incomeBeforeTax,minorityInterest,sellingGeneralAdministrative,otherNonOperatingIncome,operatingIncome,otherOperatingExpense,interestExpense,taxProvision,interestIncome,netInterestIncome,extraordinaryItems,nonRecurring,otherItems,incomeTaxExpense,totalOtherIncomeExpense,discontinuedOperations,netIncomeFromContinuingOperations,netIncomeApplicableToCommonShares,preferredStockAndOtherAdjustments,reportedCurrency_y,totalAssets,intangibleAssets,earningAssets,otherCurrentAssets,totalLiabilities,totalShareholderEquity,deferredLongTermLiabilities,otherCurrentLiabilities,commonStock,retainedEarnings,otherLiabilities,goodwill,otherAssets,cash,totalCurrentLiabilities,shortTermDebt,currentLongTermDebt,otherShareholderEquity,propertyPlantEquipment,totalCurrentAssets,longTermInvestments,netTangibleAssets,shortTermInvestments,netReceivables,longTermDebt,inventory,accountsPayable,totalPermanentEquity,additionalPaidInCapital,commonStockTotalEquity,preferredStockTotalEquity,retainedEarningsTotalEquity,treasuryStock,accumulatedAmortization,otherNonCurrrentAssets,deferredLongTermAssetCharges,totalNonCurrentAssets,capitalLeaseObligations,totalLongTermDebt,otherNonCurrentLiabilities,totalNonCurrentLiabilities,negativeGoodwill,warrants,preferredStockRedeemable,capitalSurplus,liabilitiesAndShareholderEquity,cashAndShortTermInvestments,accumulatedDepreciation,commonStockSharesOutstanding,reportedCurrency,investments,changeInLiabilities,cashflowFromInvestment,otherCashflowFromInvestment,netBorrowings,cashflowFromFinancing,otherCashflowFromFinancing,changeInOperatingActivities,netIncome_y,changeInCash,operatingCashflow,otherOperatingCashflow,depreciation,dividendPayout,stockSaleAndPurchase,changeInInventory,changeInAccountReceivables,changeInNetIncome,capitalExpenditures,changeInReceivables,changeInExchangeRate,changeInCashAndCashEquivalents,clossingVal,nextClossingVal
0,2020-06-30,USD,75974000,88371000,49556000,26418000,-61953000,-78566000,None,None,-78360000,None,33952000,None,-61953000,31930000,16407000,206000,None,-16407000,None,22489000,None,206000,-22480000,None,-78566000,-78566000,None,USD,1623936000,121260000,None,20673000,1441896000,182040000,1717000,33703000,281000,-283364000,4140000,159053000,10041000,86159000,128424000,7173000,7173000,None,1018297000,127244000,None,-98273000,None,13763000,1140086000,6649000,87548000,None,None,281000,None,-283364000,None,None,198082000,None,1496692000,202949000,1140086000,171669000,1313472000,None,None,None,465123000,1623936000,86159000,None,28124000,USD,-3683000,-4790000,-3683000,None,-190018000,-190314000,-296000,2825000,-78566000,-215609000,-21612000,6317000,33053000,None,None,84000,-2245000,24535000,3683000,-2245000,None,-215609000,8.92,
1,2020-03-31,USD,207157000,94024000,126954000,80203000,-13822000,-32620000,None,None,-32568000,None,52737000,-1000,-13821000,31156000,18746000,52000,-18747000,-18746000,None,10131000,None,52000,-10027000,None,-32620000,-32620000,None,USD,1902268000,129468000,None,25658000,1643417000,258851000,1511000,33713000,281000,-204798000,4028000,177864000,10993000,301768000,132370000,8041000,8041000,None,1040974000,346535000,None,-48481000,None,11979000,1329555000,7130000,90616000,None,None,281000,None,-204798000,None,None,207427000,None,1555733000,211177000,1329555000,179981000,1511047000,None,None,None,463368000,1902268000,301768000,None,28051000,USD,-18188000,-2034000,-18188000,353000,198176000,197121000,-1057000,-2352000,-32620000,190090000,11157000,-1179000,32269000,None,2000,827000,4268000,9626000,18541000,4268000,None,190090000,6.61,8.92
2,2019-12-31,USD,242134000,90646000,140522000,101612000,10421000,-7672000,None,None,-7753000,None,60484000,-79000,10500000,29740000,18174000,-81000,-18253000,-18174000,None,422000,None,-81000,-792000,None,-7672000,-7672000,None,USD,1740917000,135151000,None,24267000,1451173000,289744000,1088000,33883000,279000,-172178000,3734000,184325000,10945000,111678000,132764000,8497000,8497000,None,1046536000,160429000,None,-29732000,None,16247000,1130374000,8237000,90384000,None,None,279000,None,-172178000,None,None,214476000,None,1580488000,218184000,1130374000,186947000,1318409000,None,None,None,461643000,1740917000,111678000,None,27879000,USD,-25925000,-4233000,-25925000,140000,-870000,-2087000,-1218000,1425000,-7672000,-12151000,15861000,-554000,30845000,None,1000,-2034000,-2307000,1816000,26065000,-2307000,None,-12151000,19.22,6.61
3,2019-09-30,USD,243314000,92436000,141463000,101851000,9529000,-9447000,None,None,-9247000,None,61921000,-352000,9881000,29611000,18776000,200000,-19128000,-18776000,None,904000,None,200000,-547000,None,-9447000,-9447000,None,USD,1690719000,141125000,None,22206000,1394508000,296211000,797000,25822000,278000,-164506000,2043000,182870000,11767000,123829000,125289000,6176000,6176000,None,1038692000,167354000,None,-27784000,None,13940000,1129072000,7379000,93291000,None,None,278000,None,-164506000,None,None,160678000,None,1523365000,163926000,1129072000,139350000,1269219000,None,None,None,460439000,1690719000,123829000,None,27813000,USD,-27750000,7403000,-27750000,231000,-1337000,-1785000,-448000,559000,-9447000,7140000,36675000,2460000,30567000,None,56000,1740000,1408000,2544000,27981000,1408000,None,7140000,13.29,19.22
4,2019-06-30,USD,248070000,93817000,140231000,107839000,3383000,-14408000,None,None,-15752000,None,61395000,-10639000,14022000,29976000,19135000,-1344000,-20624000,-19135000,None,2446000,None,-1344000,-12347000,None,-14408000,-14408000,None,USD,1694670000,146806000,None,24889000,1391581000,303089000,598000,29351000,278000,-155059000,1938000,182870000,11278000,116689000,122778000,1875000,1875000,None,1030148000,165483000,None,-26587000,None,15348000,1123439000,8557000,91552000,None,None,278000,None,-155059000,None,None,169363000,None,1529187000,172777000,1123439000,144766000,1268803000,None,None,None,457870000,1694670000,116689000,None,27800000,USD,-26310000,6738000,-26310000,-183000,543000,134000,-465000,-1663000,-14408000,8430000,34606000,1526000,31186000,None,56000,-1730000,781000,10513000,26127000,781000,None,8430000,14.0,13.29
5,2019-03-31,USD,239892000,93215000,134963000,104929000,9466000,-8018000,None,None,-8669000,None,63381000,-2248000,11714000,27265000,18135000,-651000,-20383000,-18135000,None,2569000,None,-651000,-4039000,None,-8018000,-8018000,None,USD,1690183000,151998000,None,24685000,1374861000,315322000,1942000,36050000,277000,-140651000,3424000,182870000,12936000,108259000,124032000,9907000,9907000,None,1023182000,156153000,None,-19546000,None,16129000,1099211000,7080000,78075000,None,None,277000,None,-140651000,None,None,175980000,None,1534030000,178494000,1104961000,143926000,1250829000,None,None,None,455696000,1690183000,108259000,None,27743000,USD,-176065000,2265000,-176065000,-148971000,142145000,141490000,-655000,1008000,-8018000,-7812000,26763000,1461000,28526000,None,None,527000,-1734000,3736000,27094000,-1734000,None,-7812000,14.16,14.0
6,2018-12-31,USD,210125000,78836000,125821000,84304000,845000,-25314000,0,0,-15569000,0,51910000,-4623000,5468000,23819000,16928000,None,None,None,-500000,3107000,0,9745000,-24615000,0,-25314000,-25314000,None,USD,1366569000,141128000,None,21150000,1051417000,315152000,2593000,15125000,268000,-120361000,7394000,158134000,10595000,116071000,83460000,10480000,8935000,None,894953000,156759000,5000000,15890000,None,12779000,960563000,6759000,72980000,None,None,268000,None,-120361000,None,None,15595000,None,1209810000,None,960563000,4801000,967957000,None,None,None,435245000,1366569000,116071000,None,26779000,USD,None,7086000,-19167000,69000,-2510000,-22058000,238000,782000,-25314000,-16296000,24929000,2461000,24298000,None,-19548000,-1300000,2367000,15331000,19236000,2367000,None,-16296000,16.02,14.16
7,2018-09-30,USD,210337000,76532000,124082000,86255000,10945000,-3124000,0,0,-5346000,0,51284000,1222000,9723000,23330000,16291000,None,None,None,0,1918000,0,-2222000,-16966000,0,-3124000,-3124000,None,USD,1390260000,144815000,None,19096000,1032823000,357437000,0,14242000,280000,-75461000,3277000,158134000,28316000,132367000,69076000,8859000,8859000,None,886534000,172461000,None,54488000,0,15146000,960470000,5852000,60217000,0,0,280000,0,-75461000,0,None,20423000,7893000,1217799000,None,960470000,3277000,963747000,None,None,None,432618000,1390260000,132367000,None,27952000,USD,None,-4450000,-22591000,-1128000,-2475000,-1202000,238000,-685000,-3124000,-7963000,15830000,-3612000,24578000,0,1273000,1225000,-1849000,3062000,21491000,-1849000,None,-7963000,24.01,16.02
8,2018-06-30,USD,216543000,71296000,126152000,90391000,20557000,3594000,0,0,4491000,0,47641000,1462000,19095000,22854000,16066000,None,None,None,0,801000,0,897000,-15016000,0,3594000,3594000,None,USD,1396904000,148912000,None,19120000,1040117000,356787000,0,16541000,274000,-72337000,3251000,158134000,25751000,140330000,75523000,9038000,9038000,None,884493000,179614000,None,49741000,0,13297000,961343000,6867000,66485000,0,0,274000,0,-72337000,0,None,18071000,7680000,1217290000,None,961343000,3251000,964594000,None,None,None,428850000,1396904000,140330000,None,27430000,USD,None,-1485000,-17234000,-28000,-2442000,-3262000,-820000,-1157000,3594000,6636000,27132000,-778000,24138000,0,25969000,-1756000,749000,2670000,17206000,749000,None,6636000,26.99,24.01
9,2018-03-31,USD,214789000,75263000,122845000,91944000,19892000,3930000,0,0,5149000,0,48389000,3211000,16681000,25237000,14743000,None,None,None,0,1637000,0,1219000,-12721000,0,3930000,3930000,None,USD,1390938000,153302000,None,18880000,1039643000,351295000,0,16493000,274000,-75931000,3163000,158134000,23541000,133694000,74175000,9235000,9235000,None,883978000,171983000,None,39859000,0,14046000,962305000,5363000,64940000,0,0,274000,0,-75931000,0,None,16127000,7414000,1218955000,None,962305000,3163000,965468000,None,None,None,426952000,1390938000,133694000,None,27388000,USD,None,-4615000,-10214000,28000,-2337000,23270000,-362000,3612000,3930000,43115000,30059000,503000,26504000,0,25607000,797000,646000,2294000,10242000,646000,None,43115000,23.23,26.99
10,2017-12-31,USD,184347000,65772000,113482000,70865000,3563000,-13439000,0,0,-10467000,0,44863000,-1530000,5093000,20713000,14030000,None,None,None,0,196000,0,2972000,-24148000,0,-13439000,-13439000,None,USD,1365175000,157692000,None,21996000,1044184000,320991000,0,48529000,264000,-78783000,3226000,158134000,336855000,90579000,77758000,9759000,9759000,None,895241000,133079000,None,5165000,0,14910000,963200000,5594000,67999000,0,0,264000,0,-78783000,0,None,13242000,7787000,1232096000,None,963200000,3226000,966426000,None,None,None,399510000,1365175000,90579000,None,26413000,USD,None,-25100000,-735141000,-724061000,793527000,792513000,-1015000,-983000,-13439000,47668000,-9704000,587000,20319000,0,1000,-113000,-1593000,8216000,11080000,-174000,None,47668000,32.65,23.23
11,2017-09-30,USD,108322000,30195000,75738000,32584000,2389000,8555000,0,0,504000,0,19091000,None,2389000,7539000,1885000,None,None,None,0,3565000,0,-8051000,115000,0,8555000,8555000,None,USD,435641000,92995000,None,13593000,205085000,230556000,0,13038000,223000,-65344000,2991000,105655000,219028000,42911000,43205000,13932000,13932000,None,148048000,68565000,None,31906000,0,9314000,158889000,2747000,29273000,0,0,223000,0,-65344000,0,None,9618000,10760000,367076000,None,158889000,2991000,161880000,None,None,None,295677000,435641000,42911000,None,22325000,USD,None,4325000,-7301000,0,-4473000,-4458000,-7187000,-6650000,8555000,-6898000,4861000,-6529000,7722000,0,15000,232000,1419000,-7755000,7301000,-1689000,None,-6898000,24.38,32.65
12,2017-06-30,USD,110493000,32961000,74954000,35539000,2578000,1713000,0,0,578000,0,22913000,None,2578000,7408000,2000000,None,None,None,0,2640000,0,-1135000,-317000,0,1713000,1713000,None,USD,422518000,94917000,None,6581000,202134000,220384000,0,11238000,223000,-73898000,3759000,105655000,214443000,49809000,36982000,15401000,176794000,None,142028000,66047000,None,19812000,0,6621000,161393000,3036000,21581000,0,0,223000,0,-73898000,0,None,11058000,2813000,356471000,None,161393000,3759000,165152000,None,None,None,294059000,422518000,49809000,None,22322000,USD,None,1625000,-7990000,-2588000,-3610000,-3615000,-8202000,2922000,1713000,4639000,16244000,4579000,7595000,0,-5000,33000,270000,1187000,5402000,-488000,None,4639000,20.71,24.38
13,2017-03-31,USD,106646000,28526000,72802000,33844000,5318000,5342000,0,0,3635000,0,21702000,None,5318000,6552000,1683000,None,None,None,0,272000,0,-1707000,-1683000,0,5342000,5342000,None,USD,418846000,13586000,None,11084000,202494000,216352000,0,10412000,223000,-75612000,4318000,105655000,212666000,45170000,34452000,15055000,15055000,None,140643000,65537000,None,97111000,0,6132000,163724000,3151000,19397000,0,0,223000,0,-75612000,0,None,35526000,1678000,297088000,None,163724000,4318000,168042000,None,None,None,291741000,418846000,45170000,None,22251000,USD,None,-2457000,-5755000,-75000,-6832000,-6674000,-8202000,1324000,5342000,-1728000,10701000,1324000,6743000,0,158000,-720000,758000,-289000,5680000,758000,None,-1728000,13.23,20.71
14,2016-12-31,USD,105386000,29913000,74308000,31078000,6559000,9959000,0,0,4873000,0,20256000,5394000,1165000,8681000,1668000,None,None,None,0,976000,0,-5086000,-1076000,0,9959000,9959000,None,USD,419078000,85333000,None,11107000,209652000,209426000,38000,10348000,223000,-80954000,4085000,105655000,211850000,46898000,37839000,15752000,15752000,None,137581000,69647000,None,18438000,0,9037000,167690000,2605000,22087000,0,0,223000,0,-80954000,0,None,35027000,None,363596000,None,167690000,4085000,171813000,None,None,None,290157000,419078000,46898000,None,22232000,USD,None,2573000,-3849000,2470000,1179000,1193000,-500000,-427000,9959000,6935000,9591000,-964000,7838000,-23529000,14000,102000,-3151000,-7637000,6426000,-2178000,None,6935000,12.11,13.23
15,2016-09-30,USD,104226000,26882000,74262000,29964000,3082000,1302000,0,0,1393000,0,19063000,None,3082000,7223000,1689000,None,None,None,0,596000,0,91000,1390000,0,1302000,1302000,None,USD,408328000,87274000,None,9923000,210244000,198084000,5136000,272000,222000,-90913000,4419000,105655000,212568000,39963000,33670000,14545000,14545000,None,136419000,59341000,None,5155000,0,6872000,167019000,2583000,18853000,0,0,222000,0,-90913000,0,None,34383000,None,363731000,None,167019000,4419000,176574000,None,None,None,288775000,408328000,39963000,None,22229000,USD,107000,-110000,-6037000,393000,-2635000,-26089000,None,-753000,1302000,-21742000,10384000,-469000,7415000,-23529000,75000,0,973000,1360000,6430000,886000,None,-21742000,12.47,12.11
16,2016-06-30,USD,102558000,25189000,72318000,30240000,5051000,2800000,0,0,3411000,0,17389000,None,5051000,6847000,1640000,None,None,None,0,953000,0,611000,-3079000,0,2800000,2800000,None,USD,429308000,89215000,None,8696000,234255000,195053000,5036000,410000,356000,-92215000,4024000,104730000,213140000,61705000,55258000,13288000,13288000,None,135410000,80758000,None,1108000,0,7663000,169937000,2694000,41560000,0,0,356000,0,-92215000,0,None,34519000,None,363874000,None,169937000,4024000,178997000,None,None,None,286912000,429308000,61705000,None,22213000,USD,107000,-506000,-34632000,-25360000,22437000,23250000,None,-3389000,2800000,-4749000,6633000,-3148000,7040000,0,813000,0,1859000,869000,9272000,-422000,None,-4749000,11.69,12.47
17,2016-03-31,USD,91034000,23419000,63878000,27156000,3755000,2239000,0,0,2298000,0,17013000,18000,3737000,5792000,1457000,None,None,None,0,614000,0,59000,0,0,2239000,2239000,None,USD,400619000,191863000,None,6600000,186100000,214519000,0,147551000,355000,-71486000,3912000,98222000,196642000,66454000,30488000,11610000,11610000,None,121372000,82605000,None,214519000,0,203703000,147170000,2490000,26939000,0,0,355000,0,-71486000,0,None,None,None,121372000,None,None,None,None,None,None,None,285650000,400619000,66454000,None,22071000,USD,-107000,3006000,-26602000,-17989000,12202000,13092000,None,570000,2239000,-2723000,10787000,611000,5945000,0,890000,0,0,423000,8506000,-1437000,None,-2723000,10.84,11.69
18,2015-12-31,USD,148947000,25965000,103294000,45653000,18557000,26424000,0,0,16283000,0,28989000,-1131000,19688000,-14551000,2274000,None,None,None,0,11946000,0,-10141000,8253000,0,24520000,26424000,None,USD,378784000,177112000,None,9356000,168299000,210485000,0,137046000,353000,-73725000,1564000,96288000,180831000,69177000,25346000,9180000,9180000,None,114309000,83644000,None,210485000,0,5111000,136918000,2439000,22073000,0,0,353000,0,-73725000,0,None,180831000,None,295140000,None,None,None,None,None,None,None,283857000,378784000,69177000,-13818000,21868000,USD,23590000,2126000,18162000,-364000,-2430000,-2241000,-6238000,2041000,26424000,26021000,9342000,980000,9378000,0,133000,371000,1033000,-18467000,5064000,-161000,None,26021000,10.23,10.84
19,2015-09-30,USD,62512000,0,43568000,0,0,3018000,0,0,0,0,12135000,None,1707000,0,980000,None,None,None,0,0,0,-17000,0,0,0,3018000,None,USD,345378000,172453000,None,10282000,160877000,184501000,0,136765000,350000,-97131000,2996000,90639000,174955000,43156000,21400000,7273000,None,None,109234000,60229000,None,184501000,0,6791000,136481000,0,16839000,0,0,350000,0,-97131000,0,None,175915000,None,285149000,None,None,None,None,None,None,None,281282000,345378000,43156000,-10985000,21624000,USD,39647000,-921000,62437000,24120000,-59036000,-62508000,-56000,None,3018000,697000,768000,2735000,0,0,-3416000,0,1194000,-12420000,1330000,1194000,None,697000,9.0399,10.23
