,fiscalDateEnding,reportedCurrency_x,totalRevenue,totalOperatingExpense,costOfRevenue,grossProfit,ebit,netIncome_x,researchAndDevelopment,effectOfAccountingCharges,incomeBeforeTax,minorityInterest,sellingGeneralAdministrative,otherNonOperatingIncome,operatingIncome,otherOperatingExpense,interestExpense,taxProvision,interestIncome,netInterestIncome,extraordinaryItems,nonRecurring,otherItems,incomeTaxExpense,totalOtherIncomeExpense,discontinuedOperations,netIncomeFromContinuingOperations,netIncomeApplicableToCommonShares,preferredStockAndOtherAdjustments,reportedCurrency_y,totalAssets,intangibleAssets,earningAssets,otherCurrentAssets,totalLiabilities,totalShareholderEquity,deferredLongTermLiabilities,otherCurrentLiabilities,commonStock,retainedEarnings,otherLiabilities,goodwill,otherAssets,cash,totalCurrentLiabilities,shortTermDebt,currentLongTermDebt,otherShareholderEquity,propertyPlantEquipment,totalCurrentAssets,longTermInvestments,netTangibleAssets,shortTermInvestments,netReceivables,longTermDebt,inventory,accountsPayable,totalPermanentEquity,additionalPaidInCapital,commonStockTotalEquity,preferredStockTotalEquity,retainedEarningsTotalEquity,treasuryStock,accumulatedAmortization,otherNonCurrrentAssets,deferredLongTermAssetCharges,totalNonCurrentAssets,capitalLeaseObligations,totalLongTermDebt,otherNonCurrentLiabilities,totalNonCurrentLiabilities,negativeGoodwill,warrants,preferredStockRedeemable,capitalSurplus,liabilitiesAndShareholderEquity,cashAndShortTermInvestments,accumulatedDepreciation,commonStockSharesOutstanding,reportedCurrency,investments,changeInLiabilities,cashflowFromInvestment,otherCashflowFromInvestment,netBorrowings,cashflowFromFinancing,otherCashflowFromFinancing,changeInOperatingActivities,netIncome_y,changeInCash,operatingCashflow,otherOperatingCashflow,depreciation,dividendPayout,stockSaleAndPurchase,changeInInventory,changeInAccountReceivables,changeInNetIncome,capitalExpenditures,changeInReceivables,changeInExchangeRate,changeInCashAndCashEquivalents,clossingVal,nextClossingVal
0,2019-12-31,AUD,12.15,54778.12,4034.18,-4022.03,-54765.97,-54916.09,23398.5,0,-54916.09,0,41985.23,0,-54765.97,-352917.0,-150.13,None,None,None,0,0,0,0,-150.13,0,-54916.09,-1323849.0,0,AUD,4343606.0,0,None,174274,1481301.0,2862305.0,0,0.0,127807987.0,-132399960,1014.0,0,0,3277074.0,1342980.0,0,0,7454278,375458.0,3968148,0,2862305,0,440278,0,76522,727430.0,0,0,0,0,0,0,0,375458,0,375458,362087,8112.12,0,138321,0,0,0,0,0,193605.58,0,0,AUD,0,0,38931,21690,-49862,83969.73,-175883,0,-54916.09,23755.46,-1429626,0,2970.04,0,265853.12,0,0,-177375,52.31,0,0,0,1.9901,
1,2019-09-30,AUD,8.5,38315.62,2821.78,-2813.29,-38307.13,-38412.13,16366.54,0,-38412.13,0,29367.39,0,-38307.13,-352917.0,-105.01,None,None,None,0,0,0,0,-105.01,0,-38412.13,-1323849.0,0,AUD,126031.86,0,None,5056.64,42980.67,83051.18,0,0.0,127807987.0,-132399960,1014.0,0,0,95085.91,38967.22,0,0,7454278,375458.0,115137.76,0,2862305,0,12774.88,0,2220.33,21106.74,0,0,0,0,0,0,0,0,0,0,0,0,0,0,0,0,0,0,0,0,0,0,AUD,0,0,38931,21690,-49862,58734.26,-175883,0,-38412.13,16616.21,-1429626,0,2077.45,0,0,0,0,-177375,36.59,0,0,0,1.9,1.9901
2,2019-06-30,AUD,135.95,65657.8,3795.24,-3659.29,-65521.85,-63749.46,18524.5,0,-63749.46,0,43338.1,0,-65521.85,-352917.0,-386.72,None,None,None,0,0,0,0,1772.43,0,-63749.46,-1651116.0,0,AUD,3265005.0,0,None,0.01,1493799.0,1771206.0,0,6178.09,125498824.0,-129737550,809.0,0,0,2131741.0,1492990.0,0,0,6009932,69333.0,3195672,0,1771206,53456,16529,0,31865,590231.0,0,0,0,0,0,0,0,69333,0,69333,0,0,0,809,0,0,0,0,0,118158.96,0,0,AUD,-9652.49,30089,-260602,12925,-49862,34350.63,-214071,-31684,-63749.46,-21291.40,-1185090,0,2232.66,0,197187.11,0.01,-9988.08,668486,908.38,0,0,0,0.59,1.9
3,2019-03-31,AUD,163.88,79148.28,4575.04,-4411.15,-78984.4,-76847.85,22330.67,0,-76847.85,0,52242.62,0,-78984.4,-352917.0,-466.18,None,None,None,0,0,0,0,2136.6,0,-76847.85,-1651116.0,0,AUD,151963.04,0,None,0.01,69525.84,82437.2,0,7447.48,125498824.0,-129737550,809.0,0,0,99217.57,69488.19,0,0,6009932,69333.0,148736.08,0,1771206,2488,38107.81,0,1483.10,27471.1,0,0,0,0,0,0,0,0,0,0,0,0,0,0,0,0,0,0,0,0,0,0,AUD,-11635.74,30089,-260602,12925,-49862,41408.53,-214071,-31684,-76847.85,-25666.08,-1185090,0,2691.39,0,0,0.01,-12040.30,668486,1095.01,0,0,0,0.89,0.59
4,2018-12-31,AUD,396.71,78518.95,1717.62,-1320.9,-78122.23,-67333.62,30206.84,0,-67333.62,0,46594.49,0,-78122.23,-0.01,-431.85,None,None,None,0,0,0,0,10788.6,0,-67333.62,-67333.62,0,AUD,1017755.62,0,None,0,271272.22,746483.39,0,99669.11,30592190.4,-31263743.37,22723.68,0,0,799831.54,248548.54,0,0,1418036.35,25193.91,992561.70,0,746483.39,0,118992.57,0,0,148879.43,0,0,0,0,0,0,0,0,0,0,0,0,0,0,0,0,0,0,0,1134241.10,0,0,AUD,-15285.69,0,-99.54,790.27,0,41173.36,-98.01,-1937.25,-95485.81,-68858.87,-113205.91,0,1241.44,0,117053.87,0.01,-15817.15,-18961.53,99.54,0,0,0,0.5466,0.89
5,2018-09-30,USD,6647.16,1315640.8,28779.8,-22132.64,-1308993.64,-1128222.8,506137.12,0,-1128222.8,0,780723.88,0,-1308993.64,-0.01,-7235.95,None,None,None,0,0,0,0,180770.84,0,-1128222.8,-1128222.8,0,USD,2973528.39,0,None,0,792563.21,2180965.18,0,291198.53,89379754.37,-91341798.87,66390.69,0,0,2336829.94,726172.52,0,0,4143009.68,73607.86,2899920.53,0,2180965.18,0,347654.96,0,0,434973.99,0,0,0,0,0,0,0,0,0,0,0,0,0,0,0,0,0,0,0,0,0,0,USD,-180609.74,0,-1176.13,9337.52,0,486488.22,-1158.07,-22889.76,-1128222.80,-813609.31,-1337596.45,0,14668.40,0,0,0.01,-186889.18,-224042.05,1176.13,0,0,0,1.09,0.5466
6,2018-06-30,AUD,13281.79,32.48,21224.96,-7943.17,-457917.18,-314293.36,167657.22,0,-314293.36,0,282316.51,0,-457917.18,0.0,-4188.53,None,None,None,0,0,0,0,143623.54,0,-314293.36,-314293.36,0,AUD,1790765.34,0,None,0.01,422310.29,1368455.04,0,91220.98,35540284.8,-35813077.93,984.55,0,0,1593581.31,421325.75,0,0,1641248.16,50907.15,1739858.19,0,1368455.04,1017.95,87529.66,0,17137.20,155646.34,0,0,0,0,0,0,0,0,0,0,0,0,0,0,0,0,0,0,0,2170778.44,0,0,AUD,0,6829.09,-472.82,6021.33,0,195572.45,-465.55,-15586.33,-314293.36,-305933.42,-343918.62,0,28638.10,0,0,0,18135.69,-67641.53,472.82,0,0,0,0.9899,1.09
7,2018-03-31,USD,35051.74,326.46,56014.41,-20962.67,-1208480.88,-829445.85,442461.1,0,-829445.85,0,745056.33,0,-1208480.88,0.0,-11053.88,None,None,None,0,0,0,0,379034.26,0,-829445.85,-829445.85,0,USD,4725976.09,0,None,0,1114511.38,3611464.7,0,240739.63,93793716.56,-94513639.92,2598.3,0,0,4205591.32,1111913.08,0,0,4331388.06,134348.13,4591627.96,0,3611464.70,2686.44,230997.93,0,45226.49,410763.39,0,0,0,0,0,0,0,0,0,0,0,0,0,0,0,0,0,0,0,0,0,0,USD,0,18022.53,-1247.80,0,0,516131.68,-1228.63,-41133.59,-829445.85,-807383.31,-907629.34,0,75578.29,0,0,0,47861.58,-178511.54,1247.8,0,0,0,1.0393,0.9899
8,2017-12-31,AUD,36604.82,0.0,45161.79,-34189.55,0.0,-2009782.74,0.0,0,-2009782.74,0,1194172.75,0,-2009782.74,0.0,112230.0,None,None,None,0,0,0,0,0.0,0,0.0,-2009782.74,0,AUD,3175111.39,0,None,102683.65,450667.1,2724444.28,0,204416.51,45463658.81,-57592018.58,10933.91,0,0,2821423.27,439733.2,0,0,2903795.53,120272.97,3909252.38,0,3486179.12,0,167735.64,0,0,235316.69,0,0,0,0,0,0,0,0,0,0,0,0,0,0,0,0,0,0,0,3610005.14,0,0,AUD,0,0,-567.14,0,0,-2368.38,-2368.38,-25512.60,-784273.90,-806835.31,-773204.99,0,25322.93,0,0,0,29685.55,-14253.53,950.77,0,0,0,1.16,1.0393
9,2017-09-30,USD,48895.0,1738147.0,76962.0,-28067.0,-1689252.0,-1649758.0,527970.0,0,-1649758.0,0,1133216.0,None,-1689252.0,0.0,-14422.0,None,None,None,0,0,0,0,39495.0,0,-1649758.0,-1649758.0,None,USD,8546505.0,None,None,None,1213159.0,7333346.0,None,549529.0,122372662.0,-121147590,30623.0,None,None,7593823.0,1182536.0,None,None,6108274,323204.0,8223301,None,7333346,None,352840,None,None,633007.0,None,None,None,None,None,None,None,None,None,None,None,None,None,None,None,None,None,None,None,None,None,None,USD,None,0,-1193,None,None,-4982,-4982,-53667,-1649758,-1697217,-1626474,None,53268,None,None,None,62445,-29983,1193.0,None,None,None,0.8498,1.16
10,2017-06-30,USD,131000.0,8711254.0,131000.0,54114.0,-8082865.0,-8274277.0,321000.0,0,-8274277.0,0,3122000.0,None,-8082865.0,0.0,-31995.0,None,None,None,0,417809,0,0,-191412.0,0,-8274277.0,-8274277.0,None,USD,9294000.0,None,None,106000,1174000.0,8120000.0,None,819000.0,93940000.0,-117848074,49000.0,None,None,8434000.0,1125000.0,None,None,6044493,365000.0,11631649,None,10579044,3000,426272,None,59000,306000.0,None,None,None,None,None,None,None,None,None,None,None,None,None,None,None,None,None,None,None,None,None,None,USD,None,60120,-182149,40385,None,5458000,-939320,166124,-8403826,-191432,-6813639,None,371611,None,8049369,None,157000,787831,180000.0,None,None,None,0.901,0.8498
11,2017-03-31,USD,376883.0,2029786.0,-273859.0,-7490.0,-1955101.0,-2165731.0,633414.0,0,-2165731.0,0,-3083173.0,None,-1955101.0,0.0,-15998.0,None,None,None,0,0,0,0,-210630.0,0,-2165731.0,-2165731.0,None,USD,12108297.0,None,None,None,1529253.0,10579044.0,None,279542.0,122382625.0,-117848074,63960.0,None,None,10988255.0,1465293.0,None,None,6044493,476648.0,11631649,None,10579044,3377,426272,None,76822,398291.0,None,None,None,None,None,None,None,None,None,None,None,None,None,None,None,None,None,None,None,None,None,None,USD,None,30060,-106192,None,None,6764,6764,83062,-2165731,-2006743,-1535203,None,101812,None,None,None,102251,313344,107692.0,None,None,None,1.1999,0.901
12,2016-12-31,USD,267000.0,-4454312.0,192000.0,-41070.0,4085176.0,4072364.0,-1099506.0,0,4072364.0,0,2884000.0,None,4085176.0,0.0,31996.0,None,None,None,0,0,0,0,-12812.0,0,4072364.0,4072364.0,None,USD,11911000.0,None,None,232000,1278000.0,10633000.0,None,401000.0,88274000.0,-113516612,49000.0,None,None,10846000.0,1229000.0,None,None,6129733,302000.0,16056662,None,14707940,None,733658,None,None,828000.0,None,None,None,None,None,None,None,None,None,None,None,None,None,None,None,None,None,None,None,None,None,None,USD,None,0,22000,None,None,5131000,-476424,83062,-2036182,1911027,-1871617,None,83994,None,4024685,None,102251,80572,14000.0,None,None,None,1.08,1.1999
13,2016-09-30,USD,184568.0,2227156.0,164034.0,20535.0,-2042588.0,-2036182.0,549753.0,0,-2036182.0,0,1513370.0,None,-2042588.0,0.0,-15998.0,None,None,None,0,0,0,0,6406.0,0,-2036182.0,-2036182.0,None,USD,16475002.0,None,None,None,1767062.0,14707940.0,None,554593.0,122094819.0,-113516612,67042.0,None,None,15001741.0,1700020.0,None,None,6129733,418340.0,16056662,None,14707940,None,733658,None,None,1145427.0,None,None,None,None,None,None,None,None,None,None,None,None,None,None,None,None,None,None,None,None,None,None,USD,None,0,15117,None,None,3548261,-476424,83062,-2036182,1911027,-1871617,None,83994,None,4024685,None,102251,80572,9708.0,None,None,None,1.76,1.08
14,2016-06-30,USD,358000.0,9319125.0,348000.0,81526.0,-8494539.0,-8458965.0,294000.0,0,-8458965.0,0,3229000.0,None,-8494539.0,-300548.0,22000.0,None,None,None,0,417809,0,0,35574.0,0,-8458965.0,-8458965.0,None,USD,9877000.0,452000,None,111000,1046000.0,8831000.0,None,699000.0,85671000.0,-109444248,56000.0,None,452000,8309000.0,990000.0,None,None,6054861,409000.0,12131070,None,11274712,3000,630773,None,124000,291000.0,None,None,None,None,None,None,None,None,None,None,None,None,None,None,None,None,None,None,None,None,None,None,USD,None,-342273,-296331,5310,None,-1654,-1654,202464,-8458965,-7161670,-7726838,None,390074,None,8049369,None,62000,397684,225000.0,None,None,None,2.09,1.76
15,2015-12-31,USD,478000.0,0.0,159000.0,0.0,0.0,0.0,0.0,0,0.0,0,3397000.0,None,0.0,0.0,0.0,None,None,None,0,0,0,0,0.0,0,0.0,0.0,None,USD,12540000.0,490000,None,497000,900000.0,11640000.0,None,387000.0,83988000.0,None,59000.0,None,490000,10579000.0,841000.0,None,None,None,478000.0,None,None,None,None,None,None,None,454000.0,None,None,None,None,None,None,None,None,None,None,None,None,None,None,None,None,None,None,None,None,None,None,USD,None,None,None,None,None,None,None,None,None,None,None,None,None,None,None,None,None,None,193000.0,None,None,None,2.68,2.09
16,2015-06-30,USD,1020000.0,11878462.0,137000.0,685257.0,-9866544.0,-8810170.0,562000.0,0,-8810170.0,0,3736000.0,None,-9866544.0,-1027151.0,14000.0,None,None,None,0,417809,0,0,1056374.0,0,-8810170.0,-8810170.0,None,USD,15963000.0,567000,None,146000,1357000.0,14606000.0,None,919000.0,88787000.0,-100985283,20000.0,None,567000,14130000.0,1337000.0,25000,25000,4697403,322000.0,19566096,None,18223207,3000,714951,None,244000,399000.0,None,None,None,None,None,None,None,None,None,None,None,None,None,None,None,None,None,None,None,None,None,None,USD,None,-436249,1514000,1619000,2150000,17617000,-2572664,-207189,-8810170,15510272,-9691528,None,232203,None,23289927,None,117000,-1418004,149000.0,None,None,None,3.04,2.68
17,2014-12-31,USD,1322000.0,0.0,507000.0,0.0,0.0,0.0,0.0,0,0.0,0,5341000.0,None,0.0,0.0,190000.0,None,None,None,0,0,0,0,0.0,0,0.0,0.0,None,USD,2821000.0,653000,None,250000,2573000.0,248000.0,None,473000.0,76230000.0,None,29000.0,None,653000,1043000.0,1318000.0,None,None,None,149000.0,None,None,None,2000,None,1226000,None,845000.0,None,None,None,None,None,None,None,None,None,None,None,None,None,None,None,None,None,None,None,None,None,None,USD,None,None,1636000,1717000,None,1811000,None,None,None,None,None,None,None,None,None,None,None,None,124000.0,None,None,None,0.3851,3.04
