,fiscalDateEnding,reportedCurrency_x,totalRevenue,totalOperatingExpense,costOfRevenue,grossProfit,ebit,netIncome_x,researchAndDevelopment,effectOfAccountingCharges,incomeBeforeTax,minorityInterest,sellingGeneralAdministrative,otherNonOperatingIncome,operatingIncome,otherOperatingExpense,interestExpense,taxProvision,interestIncome,netInterestIncome,extraordinaryItems,nonRecurring,otherItems,incomeTaxExpense,totalOtherIncomeExpense,discontinuedOperations,netIncomeFromContinuingOperations,netIncomeApplicableToCommonShares,preferredStockAndOtherAdjustments,reportedCurrency_y,totalAssets,intangibleAssets,earningAssets,otherCurrentAssets,totalLiabilities,totalShareholderEquity,deferredLongTermLiabilities,otherCurrentLiabilities,commonStock,retainedEarnings,otherLiabilities,goodwill,otherAssets,cash,totalCurrentLiabilities,shortTermDebt,currentLongTermDebt,otherShareholderEquity,propertyPlantEquipment,totalCurrentAssets,longTermInvestments,netTangibleAssets,shortTermInvestments,netReceivables,longTermDebt,inventory,accountsPayable,totalPermanentEquity,additionalPaidInCapital,commonStockTotalEquity,preferredStockTotalEquity,retainedEarningsTotalEquity,treasuryStock,accumulatedAmortization,otherNonCurrrentAssets,deferredLongTermAssetCharges,totalNonCurrentAssets,capitalLeaseObligations,totalLongTermDebt,otherNonCurrentLiabilities,totalNonCurrentLiabilities,negativeGoodwill,warrants,preferredStockRedeemable,capitalSurplus,liabilitiesAndShareholderEquity,cashAndShortTermInvestments,accumulatedDepreciation,commonStockSharesOutstanding,reportedCurrency,investments,changeInLiabilities,cashflowFromInvestment,otherCashflowFromInvestment,netBorrowings,cashflowFromFinancing,otherCashflowFromFinancing,changeInOperatingActivities,netIncome_y,changeInCash,operatingCashflow,otherOperatingCashflow,depreciation,dividendPayout,stockSaleAndPurchase,changeInInventory,changeInAccountReceivables,changeInNetIncome,capitalExpenditures,changeInReceivables,changeInExchangeRate,changeInCashAndCashEquivalents,clossingVal,nextClossingVal
0,2020-03-31,USD,89970000,29308000,46389000,43581000,1071000,-8625000,None,None,-4910000,None,20695000,-13202000,14273000,8613000,5981000,3715000,-19183000,None,None,None,None,3715000,None,None,-8625000,-9547000,922000,USD,761452000,19666000,None,None,581913000,179035000,71083000,None,3000,-20977000,None,108592000,1001000,11743000,41991000,None,None,-23373000,474227000,37252000,None,10677000,None,46716000,404444000,25509000,41991000,None,None,3000,40100000,-20977000,None,None,121715000,None,724200000,None,404444000,64395000,539922000,None,None,None,183282000,761452000,11743000,None,30625781,USD,7618000,None,-7233000,-13085000,-4737000,-5657000,-80000,None,7767000,2770000,15660000,None,26930000,-922000,2000,None,None,None,1766000,None,-1094000,1676000,22.43,
1,2019-12-31,USD,92109000,29092000,45998000,46111000,21365000,10441000,None,None,14435000,None,20483000,4346000,17019000,8609000,6930000,3994000,-2584000,None,None,None,None,3994000,None,None,10441000,9519000,922000,USD,794277000,19743000,None,None,601325000,192448000,73142000,None,3000,-12352000,None,111275000,1040000,10067000,44145000,None,None,-18858000,490852000,41503000,None,21330000,None,51372000,413311000,31436000,44145000,None,None,3000,40100000,-12352000,None,None,130904000,None,752774000,None,413311000,70727000,557180000,None,None,None,183555000,794277000,10067000,None,30604348,USD,7076000,None,-12326000,-17495000,-13560000,-14469000,None,None,16392000,-2926000,23869000,None,18218000,-922000,13000,None,None,None,1907000,None,861000,-2065000,26.03,22.43
2,2019-09-30,USD,89897000,30066000,44901000,44996000,15535000,5951000,None,None,8211000,None,20655000,605000,14930000,9411000,7324000,2260000,-6719000,None,None,None,None,2260000,None,None,5951000,5029000,922000,USD,788296000,20722000,None,None,607710000,180082000,67172000,None,3000,-22793000,None,110309000,1156000,12132000,46990000,None,None,-21007000,477719000,45318000,None,8951000,None,53374000,424641000,33186000,46990000,None,None,3000,40100000,-22793000,None,None,134228000,None,742978000,None,424641000,68907000,560720000,None,None,None,183779000,788296000,12132000,None,30573863,USD,7862000,None,-10517000,-15007000,383000,-454000,None,None,5951000,2620000,13591000,None,9512000,-922000,85000,None,None,None,3372000,None,-847000,1773000,26.41,26.03
3,2019-06-30,USD,96212000,31407000,49286000,46926000,13644000,5236000,None,None,6000000,None,21655000,-1875000,15519000,9752000,7644000,-3729000,-9519000,None,-4493000,None,None,764000,None,None,5236000,4344000,892000,USD,718312000,21809000,None,None,541271000,176537000,61382000,None,3000,-28744000,None,111323000,1273000,10359000,48966000,None,None,-18755000,479717000,39436000,None,3305000,None,56204000,430923000,29077000,48966000,None,None,3000,40100000,-28744000,None,None,66027000,None,678876000,None,430923000,None,492305000,None,None,None,183933000,718312000,10359000,None,30471406,USD,None,3869000,-64000000,14276000,-11599000,1581000,-427000,None,-7466000,-11258000,52087000,-8260000,42108000,-3658000,858000,-3980000,None,29269000,78276000,-6368000,-32000,3545000,25.83,26.41
4,2019-03-31,USD,86209000,31544000,42254000,43955000,11304000,-332000,None,None,1097000,None,20647000,-1107000,12411000,10897000,10207000,1429000,-11314000,None,None,None,None,1429000,None,None,-332000,-1254000,922000,USD,723155000,22774000,None,None,549674000,172977000,60794000,None,3000,-33980000,None,111403000,1389000,6814000,46169000,None,None,-17287000,478906000,43776000,None,-1300000,None,54912000,442711000,36962000,46169000,None,None,3000,40100000,-33980000,None,None,66296000,None,679379000,None,442711000,None,503505000,None,None,None,184141000,723155000,6814000,None,30341321,USD,None,None,-55839000,3802000,8694000,13950000,-427000,None,-12702000,-14803000,27980000,None,32256000,-2766000,858000,None,None,None,59641000,None,-812000,966000,nan,25.83
5,2018-12-31,USD,97993000,31404000,49134000,48859000,6374000,-4206000,0,None,-2494000,None,20350000,-11081000,17455000,11054000,8868000,1712000,None,None,None,None,None,1712000,-19949000,None,-4206000,-5128000,922000,USD,714722000,23851000,None,None,540925000,173293000,58183000,None,3000,-33648000,None,110924000,1506000,5848000,53812000,None,None,-17568000,471692000,42826000,None,-1582000,None,54977000,428930000,36978000,53812000,None,None,3000,40100000,-33648000,None,None,65429000,None,671896000,None,428930000,None,487113000,None,None,None,184406000,714722000,5848000,None,30309821,USD,None,None,-23453000,1853000,4436000,3736000,-427000,None,-12370000,-4327000,15390000,None,21258000,-922000,222000,None,None,None,25306000,None,633000,-3694000,24.97,nan
6,2018-09-30,USD,97792000,29314000,52273000,45519000,2376000,-8164000,0,None,-6249000,None,19313000,-13829000,16205000,10001000,8625000,None,None,None,None,None,None,1915000,-13536000,None,-8164000,-9086000,922000,USD,708302000,24578000,None,None,529458000,178340000,57340000,None,3000,-29442000,None,110008000,0,9542000,58417000,None,None,-16764000,459896000,48072000,None,3654000,0,None,413701000,38530000,58417000,178844000,0,3000,40100000,-29442000,0,None,65748000,None,660230000,None,413701000,None,471041000,None,None,None,184443000,708302000,9542000,None,30243872,USD,None,None,-17783000,-3926000,2728000,2440000,None,None,0,-11360000,3983000,None,0,-922000,634000,14335000,0,None,13857000,None,-715000,-12075000,25.76,24.97
7,2018-03-31,USD,84421000,29010000,44539000,39882000,9063000,-563000,0,0,-335000,504000,18996000,-1809000,10872000,10014000,9398000,None,None,None,0,0,0,228000,4336000,0,-563000,-1485000,922000,USD,699847000,26088000,None,10413000,546674000,152669000,56165000,458817000,3000,-10604000,None,110699000,0,10827000,47001000,4085000,4085000,-15608000,459443000,40035000,None,-24218000,0,53169000,443508000,29208000,47001000,153173000,0,3000,40100000,-10604000,0,None,63582000,None,659812000,None,443508000,None,499673000,None,None,None,138778000,699847000,10827000,None,26753254,USD,-5556000,None,-109244000,0,-2007000,81182000,205000,None,0,6096000,32856000,None,0,-1038000,161000,-851000,0,None,3068000,None,None,None,25.63,25.76
8,2017-12-31,USD,92130000,27256000,49815000,42315000,13230000,2974000,0,0,3783000,-1008000,17725000,-1829000,15059000,9531000,9447000,None,None,None,0,0,0,809000,2742000,0,2974000,2052000,922000,USD,698244000,26794000,None,8563000,544631000,153109000,53967000,457137000,3000,-10041000,None,109989000,0,5507000,47012000,3581000,3581000,-15286000,459901000,38308000,None,-23774000,0,54689000,443652000,32801000,47012000,153613000,0,3000,40100000,-10041000,0,None,63252000,None,659936000,None,443652000,None,497619000,None,None,None,138333000,698244000,5507000,None,26669618,USD,-8826000,None,-99713000,0,10547000,83796000,-155000,None,0,-2819000,14615000,None,0,-1038000,34000,2731000,0,None,2154000,None,None,None,25.25,25.63
9,2017-09-30,USD,76917000,29629000,41641000,35276000,4460000,-43000,0,0,-1362000,-801000,19503000,-1187000,5647000,10126000,5822000,None,None,None,0,0,0,-518000,-7009000,0,-844000,-965000,922000,USD,688690000,27154000,None,8703000,537835000,150351000,56396000,455026000,3000,-13015000,None,106286000,0,10227000,45811000,None,None,-14996000,452496000,44788000,None,-23189000,0,49263000,435628000,34561000,45811000,150855000,0,3000,40100000,-13015000,0,None,57966000,None,643902000,None,435628000,None,492024000,None,None,None,138259000,688690000,10227000,None,26611688,USD,-77343000,None,-80041000,-67630000,78855000,76895000,-96000,None,0,1517000,4663000,None,0,-1960000,0,4925000,0,None,12411000,None,918000,2435000,25.34,25.25
10,2017-06-30,USD,2461000,0,0,0,15317000,0,0,0,4068000,972000,-870000,None,3487000,29454000,-233000,None,None,None,0,0,0,1627000,581000,0,-1805000,-4541000,None,USD,675314000,28769000,None,8923000,452066000,135146000,53654000,371186000,3000,-12972000,None,105129000,0,7792000,42774000,None,None,-12355000,450663000,37440000,None,-38852000,0,44390000,355638000,29648000,42774000,0,0,3000,40100000,-12972000,0,None,53313000,None,637874000,None,355638000,None,409292000,None,None,None,120370000,675314000,7792000,None,26611688,USD,-21782000,-2726000,0,0,2608000,0,-483000,492000,0,-1574000,0,None,0,0,0,0,0,-4332000,0,None,None,None,25.23,25.34
11,2017-03-31,USD,68464000,27145000,37709000,30755000,3464000,-1157000,0,0,-1785000,86000,17299000,-146000,3610000,9846000,5249000,None,None,None,0,0,0,-714000,-670000,0,-1071000,-2079000,922000,USD,677260000,30617000,None,10452000,454226000,135904000,53164000,380260000,3000,-12099000,None,104979000,0,8222000,35706000,None,None,-12895000,450471000,38981000,None,-39792000,0,41760000,365356000,30759000,35706000,223034000,0,3000,40100000,-12099000,0,None,52212000,None,638279000,None,365356000,None,418520000,None,None,None,120795000,677260000,8222000,None,26440688,USD,-3478000,None,-26466000,0,-423000,5015000,-129000,None,0,1245000,20100000,None,0,-939000,54000,-5087000,0,None,2644000,None,None,None,25.0,25.23
12,2016-12-31,USD,72327000,26317000,38913000,33414000,7299000,283000,0,0,2283000,1087000,16429000,202000,7097000,9888000,5016000,None,None,None,0,0,0,913000,4992000,0,1370000,-639000,922000,USD,673011000,30643000,None,None,453711000,134422000,53675000,None,3000,-15926000,None,103107000,0,6388000,38686000,None,None,-10942000,445397000,37903000,None,-39428000,0,None,361350000,31515000,38686000,219300000,0,3000,40100000,-15926000,0,None,55961000,None,635108000,None,361350000,None,415025000,None,None,None,121187000,673011000,6388000,None,26354663,USD,None,None,-21993000,0,None,8486000,None,None,0,None,10911000,None,0,-939000,20000,-2829000,0,None,1727000,None,None,None,24.23,25.0
13,2016-09-30,USD,62798000,26031000,33104000,29694000,3591000,-1215000,0,0,-1240000,471000,16528000,-72000,3663000,9503000,4831000,None,None,None,0,0,0,-496000,-4903000,0,-744000,-2137000,922000,USD,684449000,0,None,None,459876000,137789000,54219000,None,3000,-11225000,None,103985000,0,9403000,39928000,None,None,-12682000,450331000,48277000,None,-6296000,0,None,365729000,38874000,39928000,224573000,0,3000,40100000,-11225000,0,None,81856000,None,636172000,None,365729000,None,419948000,None,None,None,121593000,684449000,9403000,None,26221772,USD,None,None,-9545000,2702000,11139000,10220000,None,None,0,317000,-358000,None,0,-922000,3000,3403000,0,None,12247000,None,-256000,61000,24.82,24.23
14,2016-06-30,USD,24611000,0,0,0,14171000,0,0,0,3791000,86080000,-16757000,None,-953000,37823000,-4838000,None,None,None,0,3068000,0,1516000,4744000,0,-5357000,-9025000,None,USD,675813000,0,None,9366000,451201000,138532000,53091000,366305000,3000,-10010000,None,102546000,0,9342000,43651000,None,None,-14129000,446296000,43951000,None,-4114000,0,38067000,354459000,34609000,43651000,0,0,3000,40100000,-10010000,0,None,83020000,None,631862000,None,354459000,None,407550000,None,None,None,122568000,675813000,9342000,None,26218772,USD,-20773000,3457000,0,0,1989000,0,-651000,-1498000,0,7867000,0,None,0,0,0,0,0,-4786000,0,None,None,None,23.58,24.82
15,2016-03-31,USD,66469000,29021000,36495000,29974000,1047000,-2360000,0,0,-3791000,85000,16757000,94000,953000,9583000,4838000,None,None,None,0,2681000,0,-1516000,812000,0,-2275000,-3282000,922000,USD,687849000,0,None,None,457950000,143344000,56467000,None,3000,-7092000,None,102332000,0,7046000,42071000,None,None,-12976000,450794000,46920000,None,912000,0,None,359412000,39874000,42071000,229899000,229899000,3000,40100000,-7092000,-229899000,None,87803000,None,640929000,None,359412000,None,415879000,None,None,None,123309000,687849000,7046000,None,26074294,USD,None,None,-28448000,0,None,-2073000,None,None,0,None,35192000,None,0,-1949000,0,-214000,0,None,3272000,None,None,None,22.51,23.58
16,2015-12-31,USD,83267000,25409000,49170000,34097000,8097000,1019000,0,0,3132000,861000,16174000,-591000,8688000,9235000,4965000,None,None,None,0,0,0,1252000,-666000,0,1880000,97000,922000,USD,687632000,0,None,None,459710000,143093000,58996000,None,3000,-4732000,None,103165000,0,4272000,42421000,None,None,-15883000,446405000,45073000,None,-172000,0,None,358293000,40801000,42421000,227922000,227922000,3000,40100000,-4732000,-227922000,None,92989000,None,642559000,None,358293000,None,417289000,None,None,None,123605000,687632000,4272000,None,26075376,USD,None,None,-24805000,0,None,1995000,None,None,0,None,25437000,None,0,-1949000,0,1627000,0,None,2489000,None,None,None,22.38,22.51
17,2015-09-30,USD,63786000,25843000,33944000,29842000,4124000,-1098000,0,0,-891000,563000,16764000,125000,3999000,9079000,5015000,None,None,None,0,0,0,-356000,-4890000,0,-535000,-2020000,922000,USD,682130000,0,None,None,461144000,139822000,61591000,None,3000,-5751000,None,96975000,0,8717000,48611000,None,None,-18454000,438843000,97194000,None,2747000,0,44514000,350942000,43963000,48611000,220986000,220986000,3000,40100000,-5751000,-220986000,None,49118000,None,584936000,None,350942000,None,412533000,None,None,None,123924000,682130000,8717000,None,26008878,USD,None,None,-9311000,6451000,2472000,1317000,None,None,0,6108000,14102000,None,0,-1155000,0,7763000,0,None,15762000,None,-1107000,5001000,25.49,22.38
18,2015-06-30,USD,80881000,0,0,0,42838000,0,0,0,20740000,87491000,53235000,None,36516000,37731000,15917000,None,None,None,0,3068000,0,8296000,-15776000,0,7133000,3475000,None,USD,687170000,41394000,None,7763000,452814000,146865000,57200000,370691000,3000,-4653000,None,99344000,0,3716000,38881000,None,None,-12873000,450437000,88232000,None,-33973000,0,47641000,356733000,36875000,38881000,234356000,234356000,3000,40100000,-4653000,-234356000,None,7763000,None,598938000,None,356733000,None,413933000,None,None,None,124288000,687170000,3716000,None,26008878,USD,-54642000,-26412000,-107430000,0,77496000,67420000,577000,2614000,0,-1761000,38249000,None,0,0,0,9965000,0,1842000,17961000,None,None,None,25.82,25.49
