,fiscalDateEnding,reportedCurrency_x,totalRevenue,totalOperatingExpense,costOfRevenue,grossProfit,ebit,netIncome_x,researchAndDevelopment,effectOfAccountingCharges,incomeBeforeTax,minorityInterest,sellingGeneralAdministrative,otherNonOperatingIncome,operatingIncome,otherOperatingExpense,interestExpense,taxProvision,interestIncome,netInterestIncome,extraordinaryItems,nonRecurring,otherItems,incomeTaxExpense,totalOtherIncomeExpense,discontinuedOperations,netIncomeFromContinuingOperations,netIncomeApplicableToCommonShares,preferredStockAndOtherAdjustments,reportedCurrency_y,totalAssets,intangibleAssets,earningAssets,otherCurrentAssets,totalLiabilities,totalShareholderEquity,deferredLongTermLiabilities,otherCurrentLiabilities,commonStock,retainedEarnings,otherLiabilities,goodwill,otherAssets,cash,totalCurrentLiabilities,shortTermDebt,currentLongTermDebt,otherShareholderEquity,propertyPlantEquipment,totalCurrentAssets,longTermInvestments,netTangibleAssets,shortTermInvestments,netReceivables,longTermDebt,inventory,accountsPayable,totalPermanentEquity,additionalPaidInCapital,commonStockTotalEquity,preferredStockTotalEquity,retainedEarningsTotalEquity,treasuryStock,accumulatedAmortization,otherNonCurrrentAssets,deferredLongTermAssetCharges,totalNonCurrentAssets,capitalLeaseObligations,totalLongTermDebt,otherNonCurrentLiabilities,totalNonCurrentLiabilities,negativeGoodwill,warrants,preferredStockRedeemable,capitalSurplus,liabilitiesAndShareholderEquity,cashAndShortTermInvestments,accumulatedDepreciation,commonStockSharesOutstanding,reportedCurrency,investments,changeInLiabilities,cashflowFromInvestment,otherCashflowFromInvestment,netBorrowings,cashflowFromFinancing,otherCashflowFromFinancing,changeInOperatingActivities,netIncome_y,changeInCash,operatingCashflow,otherOperatingCashflow,depreciation,dividendPayout,stockSaleAndPurchase,changeInInventory,changeInAccountReceivables,changeInNetIncome,capitalExpenditures,changeInReceivables,changeInExchangeRate,changeInCashAndCashEquivalents,clossingVal,nextClossingVal
0,2020-06-30,USD,59974000,3723000,61677000,-1703000,-5426000,-5537000,None,None,-5515000,None,3722000,None,-5426000,1000,89000,None,None,None,None,None,None,22000,None,None,-5537000,-5537000,None,USD,262554000,None,None,89087000,109135000,153419000,None,26973000,11155000,38810000,None,None,15763000,49184000,99345000,2143000,None,None,72376000,174415000,None,153419000,19992000,13391000,7857000,2761000,70229000,None,None,11155000,None,38810000,None,None,15763000,None,88139000,None,7857000,1933000,9790000,None,None,None,103454000,262554000,69176000,None,15309000,USD,9000,-7504000,-5612000,None,9999000,9999000,-1000,1690000,-5537000,622000,-3765000,4077000,2067000,None,None,None,None,345000,5621000,2787000,None,622000,3.07,
1,2020-03-31,USD,78555000,-6190000,78809000,-254000,5936000,5905000,None,None,5989000,None,3744000,None,5936000,-9934000,-53000,84000,53000,53000,None,None,None,84000,None,None,5905000,5905000,None,USD,251029000,None,None,74992000,92418000,158611000,None,11571000,11121000,44347000,None,None,18930000,48562000,90190000,None,None,None,69651000,162448000,None,158611000,19993000,16178000,None,2723000,78619000,None,None,11121000,None,44347000,None,None,18930000,None,88581000,None,None,2228000,2228000,None,None,None,103143000,251029000,68555000,None,15290000,USD,-1044000,7745000,-1044000,1080000,-30000,-104000,-74000,-324000,5905000,-1141000,7000,-25870000,2220000,None,None,None,9917000,90000,2124000,9917000,None,-1141000,3.0,3.07
2,2019-12-31,USD,79445000,21158000,92714000,-13269000,-34427000,-34325000,None,None,-34423000,None,3837000,None,-34427000,117000,-4000,-98000,4000,4000,None,17204000,None,-98000,-17274000,None,-34325000,-34325000,None,USD,252777000,None,None,65082000,100092000,152685000,None,26271000,11119000,38442000,190000,None,16919000,49703000,97844000,None,None,None,70484000,163474000,None,152685000,19918000,26095000,None,2676000,71573000,None,None,11119000,None,38442000,None,None,18819000,None,89303000,None,None,2248000,2248000,None,None,None,103124000,252777000,69621000,None,15263000,USD,5407000,1077000,4226000,619000,10000000,0,-30000,-155000,-34325000,3792000,-434000,9800000,2263000,None,None,None,4172000,16538000,1800000,4172000,None,3792000,5.07,3.0
3,2019-09-30,USD,75802000,4243000,78487000,-2685000,-6928000,-6779000,None,None,-6789000,None,3970000,None,-6928000,-51000,-139000,-10000,139000,139000,None,324000,None,-10000,-324000,None,-6779000,-6779000,None,USD,277165000,None,None,72810000,90121000,187044000,None,15682000,11123000,72767000,599000,None,16791000,45911000,84822000,None,None,None,74770000,178804000,None,187044000,25457000,30268000,None,4358000,69140000,None,None,11123000,None,72767000,None,None,23591000,None,98361000,None,None,5299000,5299000,None,None,None,103154000,277165000,71368000,None,15236000,USD,20261000,6636000,19630000,-15007000,-8000,-89000,-81000,1484000,-6779000,15719000,-3822000,161000,2301000,None,None,None,-6926000,785000,631000,-6926000,None,15719000,5.35,5.07
4,2019-06-30,USD,80456000,3786000,82054000,-1598000,-5384000,-5248000,None,None,-5258000,None,3987000,None,-5384000,-201000,-126000,-10000,126000,126000,None,None,None,-10000,453000,None,-5248000,-5248000,None,USD,277591000,None,None,74058000,84149000,193442000,None,13823000,11085000,79546000,569000,None,16902000,30192000,78780000,None,None,None,75862000,177927000,None,193442000,45791000,23343000,None,4543000,64957000,None,None,11085000,None,79546000,None,None,23802000,None,99664000,None,None,5369000,5369000,None,None,None,102811000,277591000,75983000,None,15236000,USD,-25325000,23765000,-25260000,1174000,-40000,-39000,1000,-717000,-5248000,-19706000,5593000,-13747000,2436000,None,None,None,-1692000,120000,1109000,-1692000,None,-19706000,7.1,5.35
5,2019-03-31,USD,67605000,3835000,67052000,553000,-3282000,-3042000,None,None,-3020000,None,3834000,None,-3282000,1000,-262000,22000,262000,262000,None,None,None,22000,70000,None,-3042000,-3042000,None,USD,258715000,None,None,59901000,60811000,197904000,None,9234000,11006000,84794000,561000,None,16689000,49898000,55350000,300000,300000,None,77660000,157366000,None,197904000,20341000,21658000,4900000,5568000,46116000,None,None,11006000,None,84794000,None,None,23689000,None,101349000,None,None,5461000,5461000,None,None,None,102104000,258715000,70239000,None,15236000,USD,-11541000,-1627000,-11367000,424000,None,-715000,-715000,-645000,-3042000,-20559000,-8477000,-7759000,2564000,None,None,None,796000,591000,250000,796000,None,-20559000,9.17,7.1
6,2018-12-31,USD,60231000,-6364000,64195000,-3964000,-4877000,-4682000,0,0,-4530000,0,1846000,None,2400000,-6850000,-347000,None,None,None,0,0,0,152000,5412000,0,-4682000,-4682000,None,USD,258290000,None,None,52185000,57190000,201100000,None,16845000,11021000,87836000,1089000,None,18405000,70457000,56101000,None,None,None,79930000,159955000,None,201100000,8720000,22505000,None,6088000,39256000,None,None,11021000,None,87836000,None,None,18405000,None,98335000,None,None,1089000,1089000,None,None,None,102243000,258290000,79177000,None,15090000,USD,764000,-6003000,27176000,27531000,2000,-13000,-15000,-3279000,-4682000,25437000,-1726000,-12677000,2596000,None,None,None,-5945000,-1947000,1119000,20987000,None,25437000,7.22,9.17
7,2018-09-30,USD,49712000,7672000,52924000,-3212000,-10744000,-10949000,0,0,-10672000,0,7672000,140000,-10884000,36000,-72000,None,None,None,0,0,0,277000,212000,0,-10949000,-10949000,None,USD,262957000,0,None,46126000,57821000,205136000,0,6862000,10957000,92518000,5524000,0,5922000,45020000,52297000,None,None,None,80707000,176328000,None,205136000,9494000,69120000,0,6568000,45435000,0,0,10957000,0,92518000,0,None,5922000,None,86629000,None,None,5524000,5524000,None,None,None,101661000,262957000,54514000,None,15044000,USD,-1700000,17835000,5296000,8467000,-33000,-41000,-8000,1351000,-10949000,13016000,7761000,-958000,2474000,0,0,0,-3489000,2848000,1471000,-3489000,None,13016000,9.95,7.22
8,2018-06-30,USD,54014000,5702000,54713000,-699000,724000,549000,0,0,632000,0,5092000,7125000,-6401000,36000,92000,None,None,None,0,610000,0,83000,6423000,0,549000,549000,None,USD,256689000,0,None,48154000,41299000,215390000,0,6928000,10888000,103467000,5180000,0,6078000,32004000,36119000,None,None,None,81819000,168792000,None,215390000,7481000,75596000,0,5557000,29227000,0,0,10888000,0,103467000,0,None,6078000,None,87897000,None,None,5180000,5180000,None,None,None,101035000,256689000,39485000,None,15043068,USD,-7474000,-1918000,47843000,56137000,-10000000,-10000000,-33000,-2186000,549000,25512000,-12331000,-8152000,3001000,0,0,0,-3906000,-1905000,820000,-3906000,None,25512000,9.0,9.95
9,2018-03-31,USD,57290000,5459000,56611000,679000,-4768000,-5296000,0,0,-5237000,0,4709000,12000,-4780000,36000,469000,None,None,None,0,750000,0,59000,-1207000,0,-5296000,-5296000,None,USD,269122000,0,None,101697000,55036000,214086000,1674000,8612000,10813000,102918000,3996000,0,5006000,6492000,41040000,10000000,10000000,None,86006000,178110000,None,214086000,0,64868000,10000000,5053000,32407000,0,0,10813000,0,102918000,0,None,5006000,None,91012000,None,10000000,2322000,13996000,None,None,None,100355000,269122000,6492000,None,15043068,USD,-7474000,-1899000,2403000,2474000,9989000,9202000,-787000,-837000,-5296000,-2491000,-14096000,-461000,2359000,0,0,0,-10630000,1831000,71000,-10630000,None,-2491000,7.1,9.0
10,2017-12-31,USD,37277000,4471000,70863000,-25914000,-38063000,-24279000,0,0,-38150000,0,4860000,-6000,-38057000,-11000,87000,None,None,None,0,32914000,0,-13871000,-7374000,0,-24279000,-24279000,None,USD,270840000,0,None,108409000,51347000,219493000,769000,12294000,10823000,108214000,2682000,0,2777000,8983000,48665000,None,None,None,88899000,179164000,None,219493000,0,56839000,0,4933000,36371000,0,0,10823000,0,108214000,0,None,2777000,None,91676000,None,None,1913000,2682000,None,None,None,100456000,270840000,8983000,None,14910498,USD,-7474000,-2001000,1260000,1579000,-62000,-243000,-31000,7441000,-24278000,-8809000,-9826000,6071000,3157000,-150000,0,254000,-10630000,-4612000,319000,11481000,None,-8809000,13.425,7.1
11,2017-09-30,USD,49884000,4370000,50378000,-494000,-4826000,-3110000,0,0,-4871000,0,4370000,38000,-4864000,0,45000,None,None,None,0,-30580000,0,-1761000,-7000,0,-3110000,-3110000,None,USD,303380000,0,None,111168000,59533000,243847000,12999000,6130000,10817000,132642000,13894000,0,2783000,17792000,45639000,None,None,None,90989000,209608000,None,243847000,0,68313000,0,12325000,39509000,0,0,10817000,0,132642000,0,None,2783000,None,93772000,None,None,895000,13894000,None,None,None,100388000,303380000,17792000,None,14851949,USD,-7474000,30000,-2691000,2165000,-27000,-177000,-1000,1569000,-3110000,-4491000,-1623000,-1759000,2155000,-149000,0,-102000,1397000,-234000,2691000,1397000,None,-4491000,12.7,13.425
12,2017-06-30,USD,45868000,4640000,57488000,-11620000,-16514000,-10923000,0,0,-16672000,0,4640000,-254000,-16260000,0,158000,None,None,None,0,4949000,0,-5749000,2222000,0,-10923000,-10923000,None,USD,307586000,None,None,110244000,61532000,246054000,14450000,8920000,10711000,135901000,698000,None,2767000,22283000,46384000,None,None,None,90698000,214121000,None,246054000,None,69723000,None,11871000,37464000,None,None,10711000,None,135901000,None,None,2767000,None,93465000,None,None,698000,15148000,None,None,None,99442000,307586000,22283000,None,14850833,USD,None,15462000,687000,2120000,-61000,-215000,-4000,4592000,-10924000,-12380000,-12852000,2692000,2441000,-150000,None,-73000,-18298000,-4152000,1433000,-18298000,None,-12380000,11.6,12.7
13,2017-03-31,USD,37993000,4319000,42890000,-4897000,-9207000,-6454000,0,0,-9266000,0,3930000,9000,-9216000,0,59000,None,None,None,0,389000,0,-2812000,-439000,0,-6454000,-6454000,None,USD,304660000,None,None,112914000,48660000,256000000,20279000,6729000,10598000,146975000,581000,None,2830000,34663000,27880000,None,None,None,91014000,210816000,None,256000000,None,51441000,None,11798000,21151000,None,None,10598000,None,146975000,None,None,2830000,None,93844000,None,None,501000,20780000,None,None,None,98427000,304660000,34663000,None,14850154,USD,None,-6155000,-391000,2120000,None,-1029000,-880000,-1666000,-6454000,-16504000,-15084000,636000,3148000,-149000,None,175000,-4443000,-1991000,391000,-4443000,None,-16504000,11.55,11.6
14,2016-12-31,USD,55461000,5037000,55634000,-173000,-5564000,-3555000,0,0,-5648000,0,5037000,-354000,-5210000,76000,84000,None,None,None,0,9228000,0,-2093000,-52000,0,-3555000,-3555000,None,USD,322408000,0,None,3222000,59376000,263032000,23723000,12268000,10641000,153578000,794000,0,2826000,51167000,35348000,None,None,None,206222000,113360000,None,263032000,0,46998000,0,11973000,23080000,0,0,10641000,0,153578000,0,None,2826000,None,209048000,None,None,305000,24028000,None,None,None,98813000,322408000,51167000,None,14695020,USD,None,-7618000,712000,2092000,-122000,-270000,-122000,9193000,-3554000,-4475000,-4917000,-1299000,5077000,-148000,0,6366000,28067000,-1519000,1380000,-2370000,None,-4475000,11.9,11.55
15,2016-09-30,USD,65384000,5086000,60125000,5259000,784000,541000,0,0,674000,0,5086000,611000,173000,0,110000,None,None,None,0,-1945000,0,133000,545000,0,541000,541000,None,USD,337212000,2069000,None,4034000,71097000,266115000,27505000,15672000,10579000,157280000,2138000,0,2742000,55642000,43483000,None,None,None,211215000,123255000,None,264046000,0,45298000,0,18281000,27811000,0,0,10579000,0,157280000,0,None,673000,None,213957000,None,None,109000,27614000,None,None,None,98256000,337212000,55642000,None,14632507,USD,None,-4787000,-1860000,265000,None,-145000,146000,761000,540000,5577000,7582000,284000,4924000,-145000,0,1369000,22287000,132000,2125000,5120000,None,5577000,9.2,11.9
16,2016-06-30,USD,81502000,5062000,67436000,14066000,9048000,5540000,0,0,8960000,0,5062000,44000,9004000,0,88000,None,None,None,0,389000,0,3420000,-398000,0,5540000,5540000,None,USD,342031000,2086000,None,4814000,77127000,264904000,27132000,19987000,10499000,156885000,1408000,0,2758000,50065000,49995000,None,None,None,213689000,125584000,None,262818000,0,51773000,0,18932000,30008000,0,0,10499000,0,156885000,0,None,672000,None,216447000,None,None,None,27132000,None,None,None,97520000,342031000,50065000,None,14631507,USD,None,-2942000,-2395000,171000,None,-149000,145000,-977000,5540000,10863000,13407000,-4384000,4817000,-149000,0,-1285000,9783000,4527000,2566000,7134000,None,10863000,6.94,9.2
17,2016-03-31,USD,83979000,4485000,78278000,5701000,1620000,989000,0,0,1570000,0,4485000,404000,1216000,0,50000,None,None,None,0,0,0,581000,354000,0,989000,989000,None,USD,339168000,2105000,None,2768000,80545000,258623000,28653000,26038000,10411000,151494000,6284000,0,2775000,39202000,51892000,None,None,None,217403000,118990000,None,256518000,0,59197000,0,17823000,25854000,0,0,10411000,0,151494000,0,None,670000,None,220178000,None,None,None,28653000,None,None,None,96718000,339168000,39202000,None,14630686,USD,None,-10323000,6241000,6965000,None,-146000,None,None,989000,4374000,-1721000,-2986000,5407000,-146000,0,51000,5268000,942000,724000,4199000,None,4374000,7.85,6.94
18,2015-12-31,USD,55018000,4439000,73192000,-17572000,-22608000,-14667000,0,0,-22647000,0,4439000,5000,-22613000,76000,39000,None,None,None,0,7202000,0,-7980000,-7290000,0,-14667000,-14667000,None,USD,316923000,0,None,8223000,59726000,257197000,21825000,9495000,10352000,150651000,21825000,0,670000,34828000,37901000,None,None,None,200384000,115869000,None,257197000,0,59882000,0,12936000,28406000,0,0,10352000,0,150651000,0,None,670000,None,201054000,None,None,None,21825000,None,None,None,96194000,316923000,34828000,None,14580216,USD,None,-3564000,-965000,1000,None,-1468000,-122000,4468000,-14667000,-10473000,-8040000,8094000,6530000,-1468000,0,423000,31740000,-7551000,966000,2695000,None,-10473000,10.46,7.85
19,2015-09-30,USD,67531000,3798000,81968000,-7837000,-18227000,-12137000,0,0,-18266000,0,3798000,8000,-18235000,0,39000,None,None,None,0,0,0,-6129000,-5000,0,-12137000,-12137000,None,USD,339296000,0,None,2438000,66739000,272557000,33530000,2184000,10275000,166786000,None,0,674000,45301000,33209000,None,None,None,211355000,127267000,None,272557000,0,66182000,0,13346000,31025000,0,0,10275000,0,166786000,0,None,674000,None,212029000,None,None,None,33530000,None,None,None,95496000,339296000,45301000,None,14542971,USD,None,-3051000,-2099000,0,None,-1467000,None,None,-12137000,-8083000,-4517000,1126000,6534000,-1467000,0,263000,43501000,2561000,2099000,187000,None,-8083000,10.53,10.46
