,fiscalDateEnding,reportedCurrency_x,totalRevenue,totalOperatingExpense,costOfRevenue,grossProfit,ebit,netIncome_x,researchAndDevelopment,effectOfAccountingCharges,incomeBeforeTax,minorityInterest,sellingGeneralAdministrative,otherNonOperatingIncome,operatingIncome,otherOperatingExpense,interestExpense,taxProvision,interestIncome,netInterestIncome,extraordinaryItems,nonRecurring,otherItems,incomeTaxExpense,totalOtherIncomeExpense,discontinuedOperations,netIncomeFromContinuingOperations,netIncomeApplicableToCommonShares,preferredStockAndOtherAdjustments,reportedCurrency_y,totalAssets,intangibleAssets,earningAssets,otherCurrentAssets,totalLiabilities,totalShareholderEquity,deferredLongTermLiabilities,otherCurrentLiabilities,commonStock,retainedEarnings,otherLiabilities,goodwill,otherAssets,cash,totalCurrentLiabilities,shortTermDebt,currentLongTermDebt,otherShareholderEquity,propertyPlantEquipment,totalCurrentAssets,longTermInvestments,netTangibleAssets,shortTermInvestments,netReceivables,longTermDebt,inventory,accountsPayable,totalPermanentEquity,additionalPaidInCapital,commonStockTotalEquity,preferredStockTotalEquity,retainedEarningsTotalEquity,treasuryStock,accumulatedAmortization,otherNonCurrrentAssets,deferredLongTermAssetCharges,totalNonCurrentAssets,capitalLeaseObligations,totalLongTermDebt,otherNonCurrentLiabilities,totalNonCurrentLiabilities,negativeGoodwill,warrants,preferredStockRedeemable,capitalSurplus,liabilitiesAndShareholderEquity,cashAndShortTermInvestments,accumulatedDepreciation,commonStockSharesOutstanding,reportedCurrency,investments,changeInLiabilities,cashflowFromInvestment,otherCashflowFromInvestment,netBorrowings,cashflowFromFinancing,otherCashflowFromFinancing,changeInOperatingActivities,netIncome_y,changeInCash,operatingCashflow,otherOperatingCashflow,depreciation,dividendPayout,stockSaleAndPurchase,changeInInventory,changeInAccountReceivables,changeInNetIncome,capitalExpenditures,changeInReceivables,changeInExchangeRate,changeInCashAndCashEquivalents,clossingVal,nextClossingVal
0,2020-03-31,USD,47673000,55760000,38787000,8886000,-8161000,-11755000,7362000,None,-11737000,None,9611000,None,-8087000,None,972000,18000,-972000,-972000,None,None,None,18000,-2678000,None,-11755000,-11755000,None,USD,374031000,1413000,None,18245000,134286000,239745000,None,13701000,2643000,-683110000,8297000,43468000,35002000,66818000,121454000,None,4000000,-7559000,87644000,206504000,None,194864000,None,33667000,None,33515000,23019000,None,None,None,None,None,None,None,116000,None,167527000,6665000,None,107000,12832000,None,None,None,927771000,None,66818000,None,55000000,USD,-951000,-452000,-951000,-951000,-4096000,-4096000,None,2832000,-11755000,-9325000,-3583000,None,2604000,None,None,-6635000,13607000,1067000,951000,None,None,None,7.09,
1,2019-12-31,USD,78314000,69075000,51246000,27068000,9748000,24021000,7706000,None,8562000,None,10123000,None,9239000,None,-1545000,-15459000,-677000,-574000,None,None,None,-15459000,-4342000,None,24021000,24021000,None,USD,391836000,1523000,None,10167000,138248000,253588000,None,761000,2643000,-671355000,10035000,43468000,35566000,74778000,120955000,4096000,4096000,-5048000,87795000,223484000,None,208597000,None,47731000,4000000,27203000,20725000,None,None,None,None,None,None,None,124000,None,168352000,5235000,4000000,83000,17293000,None,None,None,927348000,None,74778000,None,56000000,USD,-2333000,11283000,-2333000,None,-94000,-94000,None,295000,24021000,17744000,20035000,None,2731000,0,375000,-391000,-1464000,-15094000,2333000,None,None,None,7.88,7.09
2,2019-09-30,USD,63384000,56393000,40130000,23254000,9556000,6288000,7080000,None,6451000,None,9183000,None,6991000,None,540000,163000,-540000,-540000,None,None,None,163000,-540000,None,6288000,6288000,None,USD,358774000,1640000,None,25901000,130136000,228638000,None,12104000,2642000,-695376000,7194000,43468000,23026000,53089000,115967000,4203000,4203000,-5572000,87571000,203069000,None,183530000,None,44184000,4000000,27512000,20070000,None,None,None,None,None,None,None,145000,None,155705000,4603000,4000000,109000,14169000,None,None,None,926944000,None,53089000,None,56000000,USD,-2062000,-9583000,-2062000,None,-122000,-122000,None,-3926000,6288000,14727000,17167000,None,2565000,0,375000,-1548000,-2365000,96000,2062000,None,None,None,8.38,7.88
3,2019-06-30,USD,59685000,54798000,37700000,21985000,7746000,3405000,7096000,None,4308000,None,10002000,None,4887000,None,579000,903000,-579000,-579000,None,None,None,903000,-579000,None,3405000,3405000,None,USD,365533000,1757000,None,25777000,142377000,223156000,None,13650000,2640000,-701664000,7666000,43468000,19097000,39904000,127618000,4325000,4325000,-4329000,87187000,214024000,None,177931000,None,45553000,4000000,26224000,28569000,None,None,None,None,None,None,None,147000,None,151509000,4752000,4000000,646000,14759000,None,None,None,926509000,None,39904000,None,56000000,USD,-1573000,-463000,-1573000,None,-108000,-24935000,None,-7670000,3405000,-34837000,-8253000,None,2859000,-24864000,375000,-2478000,-5325000,1221000,1573000,None,None,None,8.46,8.38
4,2019-03-31,USD,62109000,57654000,38539000,23570000,7277000,2824000,8302000,None,3634000,None,10813000,None,4455000,None,821000,810000,-821000,-821000,None,None,None,810000,-821000,None,2824000,2824000,None,USD,395251000,2095000,None,61989000,175676000,219575000,None,15606000,2629000,-705068000,7341000,43468000,10201000,69109000,161058000,4433000,4433000,-4047000,88193000,243030000,None,174012000,None,87553000,4000000,24379000,23726000,None,None,None,None,None,None,None,149000,None,152221000,5004000,4000000,580000,14618000,None,None,None,926061000,None,69109000,None,56000000,USD,-2014000,-4009000,-2014000,None,-4123000,-3785000,None,-1385000,2824000,131000,5833000,None,2822000,-24864000,338000,-3659000,7831000,1839000,2014000,None,None,None,8.4,8.46
5,2018-12-31,USD,69729000,62220000,43715000,26014000,7509000,5295000,8947000,0,6377000,0,9558000,None,7509000,0,-1132000,1026000,None,None,-56000,0,0,1082000,-1132000,0,5295000,5295000,None,USD,394747000,2434000,None,56087000,155675000,239072000,None,31783000,2625000,-683029000,7229000,43468000,18329000,67381000,140348000,4458000,4458000,-5380000,84403000,246113000,None,193170000,None,94924000,8098000,21109000,24636000,None,None,None,None,None,None,None,None,None,None,None,8098000,None,None,None,None,None,924856000,None,67381000,None,56000000,USD,None,4627000,-2854000,None,-114000,397000,None,-5865000,5295000,881000,3991000,None,2944000,-24864000,2149000,4909000,-9119000,1200000,2854000,None,None,None,9.16,8.4
6,2018-09-30,USD,62780000,56809000,38586000,24194000,5971000,8652000,8156000,0,4993000,0,10067000,None,5971000,0,-978000,None,None,None,0,0,0,-3659000,-978000,0,8652000,8652000,None,USD,391340000,2772000,None,76698000,157791000,233549000,None,51667000,2619000,-688324000,7682000,43468000,12850000,59827000,141893000,4465000,4465000,-4818000,82999000,249251000,None,187309000,43356000,86107000,8216000,26619000,21343000,None,None,None,None,None,None,None,None,None,None,None,None,None,None,None,None,None,None,None,None,None,56000000,USD,None,15494000,-2891000,None,-107000,958000,None,-6614000,8652000,7531000,9592000,None,2883000,-24864000,None,502000,-7260000,-4065000,2891000,None,None,None,8.56,9.16
7,2018-06-30,USD,66508000,62364000,44066000,22442000,4144000,2151000,7941000,0,2539000,0,10357000,None,4144000,0,-1605000,None,None,None,0,0,0,388000,-1605000,0,2151000,2151000,None,USD,371810000,3110000,None,70485000,148667000,223143000,None,38165000,2610000,-696976000,8084000,43468000,8864000,57010000,132250000,4466000,4466000,-5269000,82498000,233870000,None,176565000,38629000,78995000,8333000,27380000,22013000,None,None,None,None,None,None,None,None,None,None,None,None,None,None,None,None,None,None,None,None,None,56000000,USD,None,-3440000,-2153000,None,-249000,18000,None,-5827000,2151000,-10698000,-7558000,None,3672000,None,None,1777000,-6040000,149000,2153000,None,None,None,9.19,8.56
8,2018-03-31,USD,67374000,63714000,45987000,21387000,3660000,2311000,7979000,0,3077000,0,9748000,None,3660000,0,-583000,None,None,None,0,0,0,766000,-583000,0,2311000,2311000,None,USD,371296000,4409000,None,49422000,148864000,222432000,None,33641000,2604000,-699127000,8653000,43468000,9389000,78929000,131736000,4616000,4616000,-3289000,82523000,231507000,None,174555000,27373000,73654000,8475000,29502000,25632000,None,None,None,None,None,None,None,None,None,None,None,None,None,None,None,None,None,None,None,None,None,56000000,USD,None,-13174000,-2861000,None,-4000000,-3694000,None,-1207000,2311000,19733000,25992000,None,3650000,None,306000,-1445000,35509000,348000,2861000,None,None,None,8.82,9.19
9,2017-12-31,USD,82652000,14892000,54286000,16807000,13053000,3403000,8186000,0,4505000,0,19645000,None,5465000,0,1377000,None,None,None,0,0,0,1102000,-2086000,0,15851000,3403000,None,USD,386820000,49177000,None,21686000,168498000,218322000,None,108715000,2601000,-702959000,8021000,43468000,58623000,52957000,146909000,4479000,4479000,-3046000,82246000,245951000,1258000,169145000,33613000,108842000,12582000,28853000,33715000,None,None,None,None,None,None,None,None,None,None,None,None,None,None,None,None,None,None,None,None,None,55000000,USD,None,18985000,-3975000,-283000,-4673000,-4012000,None,44972000,3403000,12824000,20800000,None,13140000,None,661000,-10763000,-19588000,1110000,3692000,None,None,None,7.735,8.82
10,2017-09-30,USD,69936000,448293000,46172000,115483000,-3995000,2050000,6884000,0,2202000,0,16859000,None,3325000,0,-4195000,None,None,None,0,0,0,152000,-4195000,0,-14318000,2050000,None,USD,383994000,50552000,None,21211000,169484000,214510000,None,115786000,2599000,-706362000,7915000,43468000,59026000,77234000,148879000,4482000,4482000,-3132000,79307000,245661000,None,163958000,30778000,86517000,12690000,29921000,28611000,None,None,None,None,None,None,None,None,None,None,None,None,None,None,None,None,None,None,None,None,None,55000000,USD,None,13573000,-1347000,15000,-145000,-69000,-111000,9534000,2050000,-1597000,41758000,None,3580000,None,76000,-5671000,2833000,14000,3409000,None,None,None,6.01,7.735
11,2017-06-30,USD,66237000,-255203000,43723000,-67136000,1785000,2132000,6236000,0,633000,0,16872000,None,2503000,0,2778000,None,None,None,0,0,0,-1489000,2778000,0,6052000,2132000,None,USD,383134000,51965000,None,24371000,170473000,212661000,None,114358000,2598000,-708412000,8640000,43468000,60705000,78831000,149051000,17278000,17278000,-2648000,80048000,242381000,None,160696000,30489000,84219000,12782000,24471000,30197000,None,None,None,None,None,None,None,None,None,None,None,None,None,None,None,None,None,None,None,None,None,55000000,USD,None,11955000,539000,21000,-142000,85000,-3286000,2264000,2132000,13755000,42089000,None,3139000,None,227000,-246000,5048000,477000,2173000,None,None,None,5.16,6.01
12,2017-03-31,USD,63931000,63913000,43619000,17341000,18000,-784000,6708000,0,-786000,0,17129000,None,18000,0,-804000,None,None,None,0,0,0,-2000,-804000,0,-784000,-784000,None,USD,377410000,53408000,None,20996000,167152000,210258000,None,110874000,2596000,-710544000,9628000,43468000,62038000,65076000,144684000,17333000,17333000,-2481000,80408000,234964000,None,156850000,27898000,96360000,12840000,24634000,29317000,None,None,None,None,None,None,None,None,None,None,None,None,None,None,None,None,None,None,None,None,None,55000000,USD,None,7101000,4786000,642000,-4241000,-3975000,5998000,35368000,-784000,24943000,24003000,None,3165000,None,266000,-3312000,-6955000,11000,1212000,None,None,None,5.06,5.16
13,2016-12-31,USD,80345000,195524000,53064000,51777000,5384000,4535000,6487000,0,4820000,0,17516000,None,6488000,0,474000,None,None,None,0,0,0,285000,-9243000,0,-5340000,4535000,None,USD,383198000,54851000,None,16741000,173372000,209826000,None,112432000,2593000,-709705000,9766000,43468000,63078000,40133000,146674000,4617000,4617000,-3224000,80837000,239283000,436000,154975000,71287000,89653000,16932000,21469000,29625000,None,None,None,None,None,None,None,None,None,None,None,None,None,None,None,None,None,None,None,None,None,52000000,USD,None,42603000,-13569000,-9262000,-11752000,23921000,-9262000,78842000,4535000,21698000,10778000,None,13108000,None,35673000,2221000,-37586000,160000,4307000,None,None,None,5.01,5.06
14,2016-09-30,USD,78643000,8872000,51819000,8713000,2771000,1801000,6411000,0,0,0,23747000,None,2771000,0,-572000,None,None,None,0,0,0,398000,0,0,0,0,None,USD,350747000,56293000,None,14390000,145059000,205688000,None,91817000,2592000,-714240000,10524000,43468000,64644000,53439000,117423000,21674000,21674000,None,80748000,205355000,None,None,72507000,41955000,17112000,23064000,21044000,None,None,None,None,None,None,None,None,None,None,None,None,None,None,None,None,None,None,None,None,None,55000000,USD,None,29861000,6963000,7237000,None,23899000,-185000,22547000,-2199000,2679000,3449000,None,3306000,None,None,865000,10109000,None,2822000,None,None,None,4.87,5.01
15,2016-06-30,USD,67898000,70000000,49688000,15000000,-3000000,-4000000,6153000,0,0,0,17525000,None,-3000000,0,-1000000,None,None,None,0,0,0,251000,0,0,0,0,None,USD,368980000,57736000,None,16674000,162339000,206641000,None,109249000,2587000,-712000000,10898000,43468000,65992000,50760000,134193000,22000000,22000000,None,81436000,222000000,None,None,79156000,48000000,17248000,26856000,20386000,None,None,None,None,None,None,None,None,None,None,None,None,None,None,None,None,None,None,None,None,None,54000000,USD,None,17675000,7938000,7240000,None,23857000,-1000000,25000000,-4000000,18000000,4000000,None,3000000,None,None,3000000,3994000,None,2032000,None,None,None,4.31,4.87
16,2016-03-31,USD,52665000,0,37159000,0,0,0,5802000,0,0,0,15170000,None,0,0,0,None,None,None,0,0,0,318000,0,0,0,0,None,USD,374170000,59179000,None,18432000,183137000,191033000,None,124239000,2578000,None,11486000,43468000,67494000,33160000,154233000,None,None,None,81220000,None,None,None,92986000,None,17418000,28072000,21176000,None,None,None,None,None,None,None,None,None,None,None,None,None,None,None,None,None,None,None,None,None,44000000,USD,None,11497000,9739000,7168000,None,8639000,None,None,None,None,None,None,None,None,None,None,None,None,1104000,None,None,None,4.68,4.31
17,2015-12-31,USD,67682000,208397000,43758000,54225000,-10854000,-52334000,3732000,0,-50944000,0,13058000,None,7253000,0,-1539000,None,None,None,0,21910000,0,450000,-40090000,-200000,-52134000,-52334000,None,USD,370833000,60622000,None,10898000,192751000,178082000,None,131022000,2048000,-704365000,11484000,43468000,68567000,18435000,159774000,4542000,4542000,-3727000,81963000,220303000,400000,117460000,109303000,52524000,21493000,25358000,17210000,None,None,None,None,None,None,None,None,None,None,None,None,None,None,None,None,None,None,None,None,None,44000000,USD,None,74751000,12340000,11403000,-11050000,-5867000,-500000,-87092000,-52334000,-9291000,-14787000,None,15072000,None,5683000,-2821000,4553000,33084000,3930000,None,None,None,3.47,4.68
18,2015-09-30,USD,40347000,0,27295000,0,0,0,5964000,0,0,0,16988000,None,0,0,0,None,None,None,0,0,0,173000,0,0,0,0,None,USD,343914000,62065000,None,16036000,160683000,183231000,None,98792000,2046000,None,11869000,43468000,77013000,27723000,127134000,None,None,None,85972000,None,None,None,69609000,None,21680000,28830000,14661000,None,None,None,None,None,None,None,None,None,None,None,None,None,None,None,None,None,None,None,None,None,44000000,USD,None,None,19579000,10148000,None,None,None,None,None,None,None,None,None,None,None,None,16730000,None,3109000,None,None,None,3.53,3.47
19,2015-06-30,USD,44324000,0,29446000,0,0,0,6372000,0,0,0,18042000,None,0,0,0,None,None,None,0,0,0,318000,0,0,0,0,None,USD,389013000,83910000,None,16390000,173977000,215036000,None,108024000,2019000,None,13055000,63870000,101966000,25596000,139106000,None,None,None,88263000,None,None,None,79318000,None,21816000,26922000,17310000,None,None,None,None,None,None,None,None,None,None,None,None,None,None,None,None,None,None,None,None,None,43000000,USD,None,None,13778000,7074000,None,None,None,None,None,None,None,None,None,None,None,None,6335000,None,1839000,None,None,None,5.59,3.53
