,fiscalDateEnding,reportedCurrency_x,totalRevenue,totalOperatingExpense,costOfRevenue,grossProfit,ebit,netIncome_x,researchAndDevelopment,effectOfAccountingCharges,incomeBeforeTax,minorityInterest,sellingGeneralAdministrative,otherNonOperatingIncome,operatingIncome,otherOperatingExpense,interestExpense,taxProvision,interestIncome,netInterestIncome,extraordinaryItems,nonRecurring,otherItems,incomeTaxExpense,totalOtherIncomeExpense,discontinuedOperations,netIncomeFromContinuingOperations,netIncomeApplicableToCommonShares,preferredStockAndOtherAdjustments,reportedCurrency_y,totalAssets,intangibleAssets,earningAssets,otherCurrentAssets,totalLiabilities,totalShareholderEquity,deferredLongTermLiabilities,otherCurrentLiabilities,commonStock,retainedEarnings,otherLiabilities,goodwill,otherAssets,cash,totalCurrentLiabilities,shortTermDebt,currentLongTermDebt,otherShareholderEquity,propertyPlantEquipment,totalCurrentAssets,longTermInvestments,netTangibleAssets,shortTermInvestments,netReceivables,longTermDebt,inventory,accountsPayable,totalPermanentEquity,additionalPaidInCapital,commonStockTotalEquity,preferredStockTotalEquity,retainedEarningsTotalEquity,treasuryStock,accumulatedAmortization,otherNonCurrrentAssets,deferredLongTermAssetCharges,totalNonCurrentAssets,capitalLeaseObligations,totalLongTermDebt,otherNonCurrentLiabilities,totalNonCurrentLiabilities,negativeGoodwill,warrants,preferredStockRedeemable,capitalSurplus,liabilitiesAndShareholderEquity,cashAndShortTermInvestments,accumulatedDepreciation,commonStockSharesOutstanding,reportedCurrency,investments,changeInLiabilities,cashflowFromInvestment,otherCashflowFromInvestment,netBorrowings,cashflowFromFinancing,otherCashflowFromFinancing,changeInOperatingActivities,netIncome_y,changeInCash,operatingCashflow,otherOperatingCashflow,depreciation,dividendPayout,stockSaleAndPurchase,changeInInventory,changeInAccountReceivables,changeInNetIncome,capitalExpenditures,changeInReceivables,changeInExchangeRate,changeInCashAndCashEquivalents,clossingVal,nextClossingVal
0,2020-03-31,USD,2290000,5078000,4576000,-2286000,-7861000,-9002000,None,None,-9002000,None,496000,None,-2788000,6000,1141000,None,11000,-1138000,None,None,None,None,-5076000,None,-9002000,-9002000,None,USD,49081000,None,None,2012000,47379000,1702000,None,None,26000,-144650000,710000,None,10000,2367000,None,None,None,1702000,44692000,4379000,None,1702000,None,None,37433000,None,None,None,None,None,None,None,None,None,639000,None,44702000,None,37433000,9946000,47379000,None,None,None,None,None,2367000,None,None,USD,11000,244000,11000,11000,None,None,-106000,-1164000,-9002000,None,-1976000,None,None,None,None,None,None,6231000,0,None,None,None,0.6051,
1,2019-12-31,USD,3735000,4713000,4168000,-433000,-30434000,-33158000,None,None,-33158000,None,385000,None,-978000,73000,1192000,None,17000,-1172000,None,None,None,None,-31008000,None,-33158000,-33158000,None,USD,55656000,None,None,1185000,45777000,9879000,None,622000,21000,-135648000,26000,None,1260000,2366000,8731000,1195000,1195000,None,48907000,5489000,None,9879000,None,240000,36551000,1545000,4735000,None,None,None,None,None,None,None,1260000,None,50167000,677000,37020000,None,37046000,None,None,None,145506000,None,2366000,None,None,USD,-37000,0,11000,11000,None,-1154000,-106000,-1164000,-33158000,2320000,1161000,None,1532000,0,None,None,None,6231000,67000,None,None,None,0.9879,0.6051
2,2019-09-30,USD,4946000,4942000,4478000,468000,3142000,280000,None,None,280000,None,458000,None,4000,6000,1227000,None,21000,-1215000,None,None,None,None,1491000,None,280000,280000,None,USD,86477000,None,None,3160000,44922000,41555000,None,None,18000,-102490000,7506000,None,1922000,2396000,None,None,None,41555000,78999000,5556000,None,41555000,None,None,37416000,None,None,None,None,None,None,None,None,None,1922000,None,80921000,None,37416000,7506000,44922000,None,None,None,None,None,2396000,None,4000000,USD,21000,0,11000,11000,None,-1204000,-106000,-1164000,280000,None,870000,None,1635000,0,None,None,None,6231000,0,None,None,None,2.05,0.9879
3,2019-06-30,USD,3399000,4954000,4569000,-1170000,-1435000,-3001000,None,None,-3001000,None,434000,None,-1555000,-49000,1566000,None,9000,-1557000,None,None,None,None,111000,None,-3001000,-3001000,None,USD,88472000,None,None,3208000,47739000,40733000,None,2505000,17000,-102770000,508000,None,1260000,2709000,0,974000,974000,None,81295000,5917000,None,40733000,None,879000,37681000,422000,5023000,None,None,None,None,None,None,None,1990000,None,82555000,None,37225000,10058000,47739000,None,None,None,143486000,None,2709000,None,4000000,USD,None,0,11000,11000,None,4485000,-106000,-1164000,-3001000,2663000,-1976000,None,2348000,None,None,None,None,6231000,13000,None,None,None,2.3,2.05
4,2019-03-31,USD,3543000,4761000,2597000,946000,178000,-268000,None,None,-268000,None,565000,None,-1210000,-30000,650000,None,942000,-712000,None,None,None,None,1458000,None,-472000,-268000,None,USD,89932000,None,None,4145000,49344000,40588000,None,None,13000,-99769000,8276000,None,654000,2957000,41068000,41068000,41068000,40588000,82176000,7102000,None,40588000,None,None,41068000,None,None,None,None,None,None,None,None,None,654000,None,82830000,None,41068000,8276000,49344000,None,None,None,None,None,2957000,None,3000000,USD,0,0,None,None,None,None,None,None,-472000,None,-1123000,None,None,None,None,None,None,None,0,None,None,None,3.27,2.3
5,2018-12-31,USD,4361000,5133000,3451000,910000,-772000,-1349000,0,0,-1349000,0,484000,None,-772000,27000,-488000,None,None,None,0,0,0,0,-577000,0,-1349000,-1349000,None,USD,86674000,None,None,1350000,45624000,41050000,None,133000,13000,-99297000,918000,None,10000,46000,43206000,35368000,35368000,None,83870000,2794000,None,41050000,None,577000,1500000,650000,6433000,None,None,None,None,None,None,None,None,None,None,None,1500000,None,None,None,None,None,140334000,None,46000,None,None,USD,None,0,-126000,None,-3797000,-6435000,-3238000,-3000,-1349000,-2710000,3851000,None,4601000,None,None,11000,-400000,934000,126000,None,None,None,2.88,3.27
6,2018-09-30,USD,4861000,4045000,2443000,2418000,816000,254000,0,0,254000,0,454000,None,816000,-21000,-540000,None,None,None,0,0,0,0,-562000,0,254000,254000,None,USD,86951000,None,None,1940000,44562000,42389000,None,None,128000,-97948000,6761000,None,69000,765000,37801000,37801000,37801000,42389000,84177000,2705000,None,42389000,None,None,37801000,None,None,None,None,None,None,None,None,None,None,None,None,None,37801000,None,None,None,None,None,None,None,765000,None,None,USD,None,0,None,None,None,None,None,None,254000,None,2511000,None,None,None,None,None,None,None,0,None,None,None,0.4565,2.88
7,2018-06-30,USD,4194000,4728000,3169000,1025000,-534000,-938000,0,0,-938000,0,411000,None,-534000,-9000,-526000,None,None,None,0,0,0,0,-404000,0,-938000,-938000,None,USD,89111000,None,None,1357000,46986000,42125000,None,452000,128000,-98202000,84000,None,10000,1588000,46902000,39333000,39333000,None,85637000,3464000,None,42125000,None,121000,None,398000,5217000,None,None,None,None,None,None,None,None,None,None,None,None,None,None,None,None,None,None,None,None,None,3000000,USD,None,0,None,None,None,None,None,None,-938000,None,1229000,None,None,None,None,263000,56000,None,43000,None,None,None,0.5047,0.4565
8,2018-03-31,USD,3938000,4898000,3217000,721000,-960000,-1535000,0,0,-1535000,0,533000,None,-960000,4000,-482000,None,None,None,0,0,0,0,-575000,0,-1535000,-1535000,None,USD,91187000,None,None,2434000,48134000,43053000,None,None,128000,-97264000,7270000,None,48000,2068000,40864000,40864000,40864000,None,86637000,4502000,None,43053000,None,None,40864000,None,None,None,None,None,None,None,None,None,None,None,None,None,None,None,None,None,None,None,None,None,None,None,3000000,USD,None,0,None,None,None,None,None,None,-1535000,None,100000,None,None,None,None,None,None,None,0,None,None,None,0.741,0.5047
9,2017-12-31,USD,4111000,8537000,3214000,2854000,-387000,-1701000,0,0,-1701000,0,271000,None,-387000,208000,636000,None,None,None,0,0,0,0,-1314000,0,-1701000,-1701000,None,USD,91603000,None,None,426000,47635000,43968000,None,1757000,126000,-95729000,82000,None,631000,2756000,47553000,41538000,41538000,139571000,86742000,4230000,None,43968000,210000,177000,41538000,661000,4258000,None,None,None,None,None,None,None,None,None,None,None,None,None,None,None,None,None,None,None,None,None,None,USD,3000,-417000,-263000,3000,-4119000,2225000,-3309000,-135000,-6475000,2593000,631000,None,4854000,None,9653000,-145000,66000,1937000,266000,None,None,None,1.1462,0.741
10,2017-09-30,USD,3834000,18568000,3046000,-1534000,-8392000,-10417000,0,0,-10417000,0,459000,None,-8392000,-498000,597000,None,None,None,0,0,0,0,-2025000,0,-10417000,-10417000,None,USD,90411000,None,None,1673000,49010000,41401000,None,401000,113000,-94452000,81000,None,46000,220000,10848000,3716000,3716000,None,88472000,1893000,None,41401000,None,299000,41798000,360000,5561000,None,None,None,None,None,None,None,None,None,None,None,None,None,None,None,None,None,None,None,None,None,3000000,USD,None,0,-36000,3000,19720000,2576000,-986000,-71000,-1473000,2536000,635000,None,1195000,None,None,-301000,122000,1366000,39000,None,None,None,0.92,1.1462
11,2017-06-30,USD,3502000,-13635000,2587000,1310000,6499000,7985000,0,0,7985000,0,440000,None,6499000,379000,518000,None,None,None,0,0,0,0,1486000,0,7985000,7985000,None,USD,91832000,None,None,1848000,49768000,42064000,None,None,42064000,None,5559000,None,51000,826000,None,44209000,44209000,None,89107000,2674000,None,42064000,None,None,44209000,None,None,None,None,None,None,None,None,None,None,None,None,None,None,None,None,None,None,None,None,None,None,None,None,USD,None,0,-36000,3000,19720000,1714000,-986000,-71000,-1383000,2536000,-4000,None,1195000,None,None,-301000,122000,1366000,39000,None,None,None,1.24,0.92
12,2017-03-31,USD,2595000,4511000,2701000,-96000,-1818000,-2342000,0,0,-2342000,0,568000,None,-1818000,-91000,470000,None,None,None,0,0,0,0,-524000,0,-2342000,-2342000,None,USD,93556000,None,None,1742000,50129000,43427000,None,None,43427000,None,5941000,None,56000,1277000,None,44188000,44188000,None,90481000,3019000,None,43427000,None,None,44188000,None,None,None,None,None,None,None,None,None,None,None,None,None,None,None,None,None,None,None,None,None,None,None,2000000,USD,None,0,-36000,3000,19720000,2030000,-986000,-71000,-2342000,2536000,-4000,None,1195000,None,None,-301000,122000,1366000,39000,None,None,None,4.65,1.24
13,2016-12-31,USD,2618000,18156000,2902000,-1946000,-9455000,-9825000,0,0,-9825000,0,528000,None,-9455000,-2000,510000,None,None,None,0,0,0,0,-370000,0,-9825000,-9825000,None,USD,93996000,None,None,1017000,73236000,20760000,None,2829000,10000,-89254000,78000,None,517000,163000,31136000,23550000,23550000,110004000,91330000,2149000,None,20760000,210000,243000,42022000,516000,4757000,None,None,None,None,None,None,None,None,None,None,None,None,None,None,None,None,None,None,None,None,None,None,USD,7000,795000,362000,7000,2850000,1396000,-1440000,-91000,-9825000,-1842000,-3600000,None,5014000,-14000,9653000,-161000,-270000,-195000,19000,None,None,None,4.08,4.65
14,2016-09-30,USD,2523000,0,2533000,0,0,0,0,0,0,0,874000,None,0,0,699000,None,None,None,0,0,0,0,0,0,0,0,None,USD,94750000,None,None,1640000,71545000,23205000,None,None,None,None,None,None,57000,293000,None,None,None,None,92760000,None,None,None,None,None,64903000,None,None,None,None,None,None,None,None,None,None,None,None,None,None,None,None,None,None,None,None,None,None,None,None,USD,None,None,6149000,None,None,None,906000,None,None,None,None,None,None,-14000,None,None,None,None,0,None,None,None,0.72,4.08
15,2016-06-30,USD,2113000,0,2601000,0,0,0,0,0,0,0,543000,None,0,0,672000,None,None,None,0,0,0,0,0,0,0,0,None,USD,96804000,None,None,2326000,70823000,25981000,None,None,None,None,None,None,50000,194000,None,None,None,None,94234000,None,None,None,None,None,63496000,None,None,None,None,None,None,None,None,None,None,None,None,None,None,None,None,None,None,None,None,None,None,None,None,USD,None,None,6163000,None,None,None,1349000,None,None,None,None,None,None,-14000,None,None,None,None,0,None,None,None,0.454,0.72
16,2015-12-31,USD,2639000,22169000,3745000,-1052000,-9454000,-32396000,0,0,-32396000,0,554000,None,-9454000,-2000,727000,None,None,None,0,20144000,0,0,-22942000,0,-32396000,-32844000,None,USD,114837000,None,None,1049000,84302000,30535000,None,1973000,41000,-79429000,73000,None,1918000,2005000,69629000,63645000,63645000,109954000,108222000,4697000,None,30534998,500000,690000,14600000,453000,4011000,None,None,None,None,None,None,None,None,None,None,None,None,None,None,None,None,None,None,None,None,None,None,USD,8000,1404000,5351000,8000,-6001000,-8369000,-1863000,1429000,-32396000,-3078000,-60000,None,6126000,-505000,9653000,-12000,489000,21827000,5000,None,None,None,0.145,0.454
17,2015-09-30,USD,3175000,0,3045000,0,0,0,0,0,0,0,545000,None,0,0,709000,None,None,None,0,0,0,0,0,0,0,0,None,USD,130225000,None,None,None,83166000,47059000,None,None,None,None,None,None,None,2873000,None,None,None,None,None,None,None,None,None,None,77665000,None,None,None,None,None,None,None,None,None,None,None,None,None,None,None,None,None,None,None,None,None,None,None,None,USD,None,None,5346000,None,None,None,None,None,None,None,105000,None,None,None,None,None,None,None,0,None,None,None,0.99,0.145
18,2015-06-30,USD,3258000,0,2956000,0,0,0,0,0,0,0,539000,None,0,0,721000,None,None,None,0,0,0,0,0,0,0,0,None,USD,136970000,None,None,None,87448000,49522000,None,None,None,None,None,None,None,3065000,None,None,None,None,None,None,None,None,None,None,None,None,None,None,None,None,None,None,None,None,None,None,None,None,None,None,None,None,None,None,None,None,None,None,None,USD,None,None,None,None,None,None,232000,None,None,None,169000,None,None,-173000,None,None,None,None,0,None,None,None,1.14,0.99
