,fiscalDateEnding,reportedCurrency_x,totalRevenue,totalOperatingExpense,costOfRevenue,grossProfit,ebit,netIncome_x,researchAndDevelopment,effectOfAccountingCharges,incomeBeforeTax,minorityInterest,sellingGeneralAdministrative,otherNonOperatingIncome,operatingIncome,otherOperatingExpense,interestExpense,taxProvision,interestIncome,netInterestIncome,extraordinaryItems,nonRecurring,otherItems,incomeTaxExpense,totalOtherIncomeExpense,discontinuedOperations,netIncomeFromContinuingOperations,netIncomeApplicableToCommonShares,preferredStockAndOtherAdjustments,reportedCurrency_y,totalAssets,intangibleAssets,earningAssets,otherCurrentAssets,totalLiabilities,totalShareholderEquity,deferredLongTermLiabilities,otherCurrentLiabilities,commonStock,retainedEarnings,otherLiabilities,goodwill,otherAssets,cash,totalCurrentLiabilities,shortTermDebt,currentLongTermDebt,otherShareholderEquity,propertyPlantEquipment,totalCurrentAssets,longTermInvestments,netTangibleAssets,shortTermInvestments,netReceivables,longTermDebt,inventory,accountsPayable,totalPermanentEquity,additionalPaidInCapital,commonStockTotalEquity,preferredStockTotalEquity,retainedEarningsTotalEquity,treasuryStock,accumulatedAmortization,otherNonCurrrentAssets,deferredLongTermAssetCharges,totalNonCurrentAssets,capitalLeaseObligations,totalLongTermDebt,otherNonCurrentLiabilities,totalNonCurrentLiabilities,negativeGoodwill,warrants,preferredStockRedeemable,capitalSurplus,liabilitiesAndShareholderEquity,cashAndShortTermInvestments,accumulatedDepreciation,commonStockSharesOutstanding,reportedCurrency,investments,changeInLiabilities,cashflowFromInvestment,otherCashflowFromInvestment,netBorrowings,cashflowFromFinancing,otherCashflowFromFinancing,changeInOperatingActivities,netIncome_y,changeInCash,operatingCashflow,otherOperatingCashflow,depreciation,dividendPayout,stockSaleAndPurchase,changeInInventory,changeInAccountReceivables,changeInNetIncome,capitalExpenditures,changeInReceivables,changeInExchangeRate,changeInCashAndCashEquivalents,clossingVal,nextClossingVal
0,2020-06-30,USD,3166000,None,None,None,None,-96000,None,None,-128000,None,1891000,None,None,369000,398000.0,-32000,3336000,2938000,None,None,None,-32000,None,None,-96000,-96000,None,USD,418200000,None,None,None,382333000,35867000,None,None,2834000,22145000,294000,None,292523000,34979000,None,None,37367000,306000,3904000,None,84534000,35867000,84534000,1226000,None,None,None,None,None,None,None,None,None,None,None,None,None,None,None,None,None,None,None,None,None,None,None,None,None,USD,-21961000,0,-21961000,None,17367000,37273000,20156000,1321000,-96000,16908000,1596000,None,139000,-283000,None,None,-257000,487000,106000,None,None,None,8.49,
1,2020-03-31,USD,3383000,3040000,None,3383000,343000,268000,None,None,343000,None,3040000,None,343000,395000,451000.0,75000,3499000,3048000,None,None,None,75000,None,None,268000,268000,None,USD,380500000,None,86784000,None,344643000,35857000,None,321780000,2830000,22522000,323000,None,285134000,2658000,344320000,20000000,20000000,-49000,3900000,4802000,346413000,35857000,70172000,2144000,None,None,2540000,None,None,2830000,None,22522000,None,None,24069000,None,611000,None,None,323000,323000,None,None,None,10554000,380500000,2658000,None,2830358,USD,10118000,-613000,9836000,238000,-5000000,-4911000,372000,-486000,268000,4781000,-144000,166000,162000,-283000,31000,None,-8000,-119000,282000,-8000,None,4781000,7.98,8.49
2,2019-12-31,USD,3699000,3023000,None,3699000,676000,538725,None,None,676000,None,3023000,None,676000,379000,461000.0,137000,3640000,3179000,None,None,None,137000,-16000,None,539000,538725,None,USD,384942000,None,83793000,961000,349262000,35680000,None,321440000,2827000,22537000,354386,None,293112000,2420000,348945000,25000000,25000000,-209000,3761000,4602000,355595000,35680000,71486000,2182000,None,705000,2505000,None,None,2827000,None,22537000,None,None,19607000,None,672000,None,None,317000,317000,None,None,None,10525000,384942000,2420000,None,2827473,USD,12817000,182000,-8040000,-213000,5000000,924000,-3794000,190000,539000,-6281000,835000,50000,175000,-282000,137000,None,None,112000,87000,None,None,-6281000,11.5,7.98
3,2019-09-30,USD,3674000,2856000,None,3674000,818000,606000,None,None,818000,None,2856000,None,818000,374000,446000.0,212000,3590000,3144000,None,None,None,212000,None,None,606000,606000,None,USD,383438000,None,81935000,976000,348070000,35368000,None,325266000,2824000,22280000,311000,None,292010000,3678000,347759000,20000000,20000000,-231000,3820000,5636000,347624000,35368000,64817000,1958000,None,705000,2493000,None,None,2824000,None,22280000,None,None,24640000,None,1013000,None,None,311000,311000,None,None,None,10495000,383438000,3678000,None,2824412,USD,-16853000,-161000,3805000,-213000,5000000,4840000,5123000,296000,605700,9633000,988000,499000,207000,-283000,104000,None,17000,-180000,112000,17000,None,9633000,10.8,11.5
4,2019-06-30,USD,3376000,2990000,0,3376000,386000,319275,0,0,386000,0,2990000,0,386000,431000,450000.0,67000,3574000,3124000,0,0,0,67000,-60000,0,319000,319275,0,USD,377613000,0,70005000,992000,342723000,34890000,0,320178000,2821000,21957000,304000,0,299240000,2373000,342419000,20000000,20000000,-352000,3840000,4559000,351218000,34890000,61213000,2186000,0,705000,2241000,0,0,2821000,0,21957000,0,0,16232000,0,1059000,0,0,304000,304000,0,0,0,10464000,377613000,2373000,0,2821230,USD,9204000,593000,9114000,213000,-5000000,-16685000,-11404000,275000,319300,-6597000,974000,-277000,232000,-281000,70000,0,117000,-10000,90000,117000,0,-6597000,11.0,10.8
5,2019-03-31,USD,3248000,3077000,0,3248000,171000,135000,0,0,171000,0,3077000,0,171000,436000,570000.0,36000,3709000,3139000,0,0,0,36000,-56000,0,135000,135000,0,USD,393059000,0,77053000,1110000,358604000,34455000,0,331613000,2818000,21919000,298000,0,1197000,2341000,358306000,25000000,25000000,-715000,3901000,4672000,359671000,34455000,61420000,2331000,808000,705000,1693000,0,0,2818000,0,21919000,0,0,22913000,0,1197000,0,0,298000,298000,0,0,0,10433000,393059000,2341000,0,2817821,USD,21516000,-416000,21469000,21516000,-30000000,-21083000,9199000,-520000,135000,581000,195000,-64000,318000,-282000,36000,0,89000,133000,47000,89000,0,581000,10.61,11.0
6,2018-12-31,USD,3302000,2810000,0,3302000,366000,308000,0,0,365000,0,2937000,0,366000,510000,941.64,None,None,None,0,0,0,57000,-127000,0,308000,308000,0,USD,413046000,0,None,2498000,378995000,34051000,0,322453000,2814000,22066000,320247,0,308868000,2605000,378674753,55000000,0,-1230000,3106000,4980000,380632000,34051000,0,2375000,0,705000,1257000,0,0,2814000,0,22066000,0,0,22231000,0,1392000,0,0,285000,285000,0,0,0,10401000,413046000,2605000,0,3000000,USD,-1238000,0,39000,1348000,15000000,463000,-14395000,-2060000,308000,464000,-38000,-2556000,241000,-178000,147000,0,0,1503000,71000,0,0,464000,10.43,10.61
7,2018-09-30,USD,3387000,2756000,1288.62,3387000,631000,542000,0,0,631000,0,2756000,0,631000,258000,895.81,None,None,None,0,0,0,89000,-64000,0,542000,542000,0,USD,411365000,0,None,1233000,378021000,33344000,0,336847000,2811000,21936000,323000,0,306238000,5282000,377698000,40000000,63872.17,-1771000,3154000,6515000,378628000,33344000,0,1233000,0,705000,851000,0,0,2811000,0,21936000,0,0,19500000,0,2863000,0,0,323000,323000,0,0,0,10368000,411365000,5282000,0,2807819,USD,-4492000,56000,-4455000,114000,15000000,9694000,-4922000,1238000,542000,7408000,2169000,2247000,249000,-384000,0,0,0,-834000,77000,-91000,0,7408000,12.27,10.43
8,2018-06-30,USD,3444000,3011000,195411.03,3444000,433000,478000,0,0,433000,0,3011000,None,433000,493000,197425.58,None,None,None,0,-93474.98,0,-45000,36000,0,478000,478000,None,USD,401471000,0,None,1142000,367927000,33544000,0,341807000,2808000,21778000,317000,0,301153000,8082000,367610000,25000000,10072733.79,-1377000,3195000,9224000,375881000,33544000,0,1142000,0,114000,803000,0,0,2808000,0,21778000,0,None,10344000,None,2713000,None,None,317000,317000,None,None,None,10335000,401471000,8082000,None,2807819,USD,-11638000,124000,-11680000,-213000,5000000,10393000,5674000,169000,478000,-446000,841000,-466000,260000,-281000,0,0,0,405000,42000,40000,None,-446000,11.0,12.27
9,2018-03-31,USD,3118000,2835000,812000,3118000,283000,255000,0,0,283000,0,2835000,None,283000,313000,452000.0,None,None,None,0,232000,0,28000,149000,0,255000,255000,None,USD,390370000,0,None,1182000,357183000,33187000,0,336170000,2804000,21581000,1013000,0,105640000,8528000,356842000,20000000,20000000,-1499000,3271000,9710000,364377000,33187000,0,1182000,0,114000,672000,0,0,2804000,0,21581000,0,None,10139000,None,2759000,None,None,341000,341000,None,None,None,10301000,390370000,8528000,None,2804456,USD,-6913000,-175000,-6932000,2000,5000000,1691000,1970000,486000,255000,-4077000,1164000,237000,319000,-279000,0,0,0,577000,19000,-49000,None,-4077000,12.1,11.0
10,2017-12-31,USD,3229000,2664000,552000,3229000,565000,-154000,0,0,565000,0,2664000,None,565000,1764000,459000.0,None,None,None,0,771000,0,719000,-251000,0,-154000,-154000,None,USD,389450000,0,None,5433000,355408000,34042000,0,334238000,2801000,21605000,1170000,0,104337000,12605000,355073000,20000000,10000000,-631000,3371000,103552000,269023000,34042000,89349000,1598000,0,114000,835000,0,0,2801000,0,21605000,0,None,10961000,None,2429000,None,None,335000,335000,None,None,None,10267000,389450000,101954000,None,2801149,USD,-7196000,27000,632000,-2000,35000000,-110000,170000,1154000,-153000,1108000,586000,-308000,132000,-280000,0,0,0,882000,40000,None,None,1108000,11.06,12.1
11,2017-09-30,USD,3225000,2713000,578000,3225000,512000,411000,0,0,512000,0,2713000,None,512000,-364000,1478000.0,None,None,None,0,798000,0,101000,0,0,411000,411000,None,USD,389884000,0,None,1140000,355248000,34636000,0,334105000,2797000,21935000,1143000,0,105982000,11497000,354105000,20000000,20000000,-329000,3451000,103178000,268840000,34636000,89903000,1778000,0,114000,334105000,0,0,2797000,0,21935000,0,None,11454000,None,2847000,None,None,1143000,1143000,None,None,None,10233000,389884000,101400000,None,2797477,USD,3119000,32000,-136000,-3209000,-5000000,-6627000,-1348000,258000,410000,-5841000,922000,226000,275000,-279000,0,0,0,27000,46000,-48000,None,-5841000,10.94,11.06
12,2017-06-30,USD,3231000,2830000,457000,3231000,401000,338000,0,0,401000,0,2830000,None,401000,-188000,0.0,None,None,None,0,-1142000,0,63000,0,0,338000,338000,None,USD,396126000,0,None,1092000,361592000,34534000,0,335481000,2794000,21803000,1111000,0,106706000,17338000,351218000,15000000,25000000,-262000,3547000,109690000,269861000,34534000,90629000,1723000,10000000,114000,737000,0,0,2794000,0,21803000,0,None,10111000,None,2803000,None,10000000,374000,10374000,None,None,None,10199000,396126000,107967000,None,2793748,USD,2932000,102000,-393000,-3295000,5000000,-334000,-5055000,222000,338000,8000,735000,120000,263000,-279000,0,0,42000,-111000,30000,23000,None,8000,10.51,10.94
13,2017-03-31,USD,2934000,2588000,686000,2934000,346000,316000,0,0,346000,0,2588000,None,346000,195000,0.0,None,None,None,0,468000,0,30000,0,0,316000,316000,None,USD,395515000,0,None,None,361584000,33931000,0,340574000,2790000,21745000,1010000,0,107646000,18528000,340574000,None,None,-768000,3434000,109625000,267105000,33931000,91097000,None,20000000,114000,340574000,0,0,2790000,0,21745000,0,None,15351000,None,285890000,None,20000000,1010000,21010000,None,None,None,10164000,395515000,109625000,None,2790260,USD,55000,-371000,-1398000,-1364000,5000000,7096000,7375000,616000,316000,6708000,1010000,616000,255000,-279000,0,0,19000,175000,89000,19000,None,6708000,11.95,10.51
14,2016-12-31,USD,2854301,2565645,1144000,2854301,288656,394720,0,0,288656,0,2565645,None,288656,1556000,2123000.0,None,None,None,0,757000,0,-106064,-288000,0,394720,394720,None,USD,388431995,0,None,4635000,354617806,33814189,0,333237328,2786855,21707535,1381000,0,111799000,11822262,333237328,10000000,10000000,-810057,3436760,107563395,262573603,33814189,94606576,1134557,20000000,114000,333237000,0,0,2786855,0,21707535,0,None,11534686,None,3159917,None,20000000,1380478,21380478,None,None,None,10129856,388431995,106428838,None,2786855,USD,7183746,-141370,-3841057,-10903391,35000000,-2673223,-2394916,-460000,394720,-6054246,460034,-501674,288711,-278307,0,0,0,432799,121412,-13152,None,-6054246,11.5,11.95
15,2016-09-30,USD,3025000,2965000,642000,3025000,60000,115000,0,0,60000,0,2965000,None,60000,0,0.0,None,None,None,0,0,0,-55000,0,0,115000,115000,None,USD,392152000,0,None,None,357191000,34961000,0,335669000,2783000,21591000,1522000,0,114406000,17876000,335669000,None,None,490000,3291000,116408000,257779000,34961000,98532000,None,20000000,0,335669000,0,0,2783000,0,21591000,0,None,14674000,None,275744000,None,20000000,1522000,21522000,None,None,None,10097000,392152000,116408000,None,2783111,USD,-977000,419000,-900000,166000,None,-3873000,-3595000,None,115000,-3828000,945000,38000,312000,-278000,0,0,0,61000,89000,None,None,-3828000,10.16,11.5
16,2016-06-30,USD,3050000,2698000,536000,3050000,352000,308000,0,0,352000,0,2698000,None,352000,0,0.0,None,None,None,0,0,0,44000,0,0,308000,308000,None,USD,395794000,0,None,None,360398000,35396000,0,339295000,2780000,21754000,1103000,0,118307000,21704000,339295000,None,None,793000,3493000,124385000,253490000,35396000,102681000,None,20000000,201000,339295000,0,0,2780000,0,21754000,0,None,14426000,None,271409000,None,20000000,1103000,21103000,None,None,None,10069000,395794000,124385000,None,2780025,USD,-1032000,359000,-1121000,0,None,-1000,277000,None,308000,-113000,1009000,76000,320000,-278000,0,0,0,-54000,89000,None,None,-114000,10.67,10.16
17,2016-03-31,USD,2990000,2673000,669000,2990000,317000,283000,0,0,317000,0,2673000,None,317000,0,0.0,None,None,None,0,0,0,34000,0,0,283000,283000,None,USD,394466000,0,None,None,359799000,34667000,0,339055000,2777000,21723000,744000,0,115554000,21818000,339055000,None,None,131000,3503000,121294000,254791000,34667000,99476000,None,20000000,201000,339055000,0,0,2777000,0,21723000,0,None,14878000,None,273172000,None,20000000,744000,20744000,None,None,None,10036000,394466000,121294000,None,2776566,USD,4464000,-469000,4435000,0,None,3639000,3916000,None,283000,8246000,172000,25000,270000,-277000,0,0,0,63000,29000,None,None,8247000,10.35,10.67
18,2015-12-31,USD,3139034,2587497,986000,3139034,551537,447000,0,0,552000,0,2587497,None,551537,2586078,2391000.0,None,None,None,0,757000,0,105000,0,0,446616,447000,None,USD,390580000,0,None,5590405,356404000,34176000,0,335191530,2773000,21417000,1213000,0,115129000,13574508,335231385,20000000,20000000,-301734,3369000,113485923,259636706,34175813,98790010,1121405,20000000,74000,335191000,0,0,2773361,0,21718122,0,None,11166048,None,2684611,None,20000000,1212848,21212848,None,None,None,9986064,390580191,112364518,None,3000000,USD,15310139,-112745,424721,-15088026,35000000,-5197724,-5089420,-1537127,447000,-4185826,587177,-732382,219547,-108304,0,0,153000,613409,202608,152732,None,-4185826,12.04,10.35
19,2015-09-30,USD,2486000,2655000,1573000,2486000,-169000,8000,0,0,-169000,0,2655000,None,-169000,0,0.0,None,None,None,0,0,0,-177000,0,0,8000,8000,None,USD,395752000,0,None,None,361827000,33925000,0,340307000,2771000,21271000,1520000,0,110413000,17760000,340307000,None,None,-79000,3477000,111750000,265305000,33925000,93990000,None,20000000,0,340307000,0,0,2771000,0,21271000,0,None,15220000,None,284002000,None,20000000,1520000,21520000,None,None,None,9962000,395752000,111750000,None,2771174,USD,13820000,173000,13529000,-299000,None,-8620000,-8257000,None,8000,6178000,1269000,-397000,412000,-363000,0,0,0,1073000,8000,None,None,6178000,14.19,12.04
