,fiscalDateEnding,reportedCurrency_x,totalRevenue,totalOperatingExpense,costOfRevenue,grossProfit,ebit,netIncome_x,researchAndDevelopment,effectOfAccountingCharges,incomeBeforeTax,minorityInterest,sellingGeneralAdministrative,otherNonOperatingIncome,operatingIncome,otherOperatingExpense,interestExpense,taxProvision,interestIncome,netInterestIncome,extraordinaryItems,nonRecurring,otherItems,incomeTaxExpense,totalOtherIncomeExpense,discontinuedOperations,netIncomeFromContinuingOperations,netIncomeApplicableToCommonShares,preferredStockAndOtherAdjustments,reportedCurrency_y,totalAssets,intangibleAssets,earningAssets,otherCurrentAssets,totalLiabilities,totalShareholderEquity,deferredLongTermLiabilities,otherCurrentLiabilities,commonStock,retainedEarnings,otherLiabilities,goodwill,otherAssets,cash,totalCurrentLiabilities,shortTermDebt,currentLongTermDebt,otherShareholderEquity,propertyPlantEquipment,totalCurrentAssets,longTermInvestments,netTangibleAssets,shortTermInvestments,netReceivables,longTermDebt,inventory,accountsPayable,totalPermanentEquity,additionalPaidInCapital,commonStockTotalEquity,preferredStockTotalEquity,retainedEarningsTotalEquity,treasuryStock,accumulatedAmortization,otherNonCurrrentAssets,deferredLongTermAssetCharges,totalNonCurrentAssets,capitalLeaseObligations,totalLongTermDebt,otherNonCurrentLiabilities,totalNonCurrentLiabilities,negativeGoodwill,warrants,preferredStockRedeemable,capitalSurplus,liabilitiesAndShareholderEquity,cashAndShortTermInvestments,accumulatedDepreciation,commonStockSharesOutstanding,reportedCurrency,investments,changeInLiabilities,cashflowFromInvestment,otherCashflowFromInvestment,netBorrowings,cashflowFromFinancing,otherCashflowFromFinancing,changeInOperatingActivities,netIncome_y,changeInCash,operatingCashflow,otherOperatingCashflow,depreciation,dividendPayout,stockSaleAndPurchase,changeInInventory,changeInAccountReceivables,changeInNetIncome,capitalExpenditures,changeInReceivables,changeInExchangeRate,changeInCashAndCashEquivalents,clossingVal,nextClossingVal
0,2020-06-30,USD,102242000,62074000,52764000,49478000,60110000,-155634000,None,None,16125000,281482000,9842000,None,40168000,-532000,17003000,185000,721000,-16516000,None,None,None,185000,-7527000,None,-123425000,-155634000,None,USD,4369239000,None,None,10297000,2884250000,1203507000,None,97449000,97876000,-917274000,133017000,None,79444000,128661000,1406952000,None,1200584000,-55860000,3735348000,241846000,312601000,1203507000,None,18563000,1344281000,3671000,15739000,None,None,None,None,None,None,None,73424000,None,4127393000,None,None,133017000,1477298000,None,None,None,None,None,None,None,None,USD,-52746000,-231000,-52746000,5000000,-17253000,-25139000,-2856000,-7632000,-155634000,-38160000,39725000,None,26982000,-5030000,0,-2168000,-203000,177340000,49984000,None,None,None,7.24,
1,2020-03-31,USD,122559000,76130000,62300000,60259000,-4837000,-104247000,None,None,-53118000,255531000,13830000,None,46429000,-532000,21041000,197000,1544000,-19834000,None,None,None,197000,-79713000,None,-91251000,-104247000,None,USD,4544754000,None,None,11622000,2928692000,1360531000,None,103129000,101303000,-765140000,148408000,None,106906000,130976000,1455691000,None,1232723000,-52881000,3718032000,264621000,455195000,1360531000,None,18360000,1324593000,1503000,30849000,None,None,None,None,None,None,None,115904000,None,4280133000,None,1324593000,148408000,1473001000,None,None,None,2077249000,None,130976000,None,None,USD,-107267000,3049000,-107267000,4204000,16836000,-5942000,-1396000,-57977000,-104247000,-107056000,6153000,None,27240000,-4732000,-16650000,-275000,7110000,129351000,108781000,None,None,None,7.88,7.24
2,2019-12-31,USD,139048000,75091000,61459000,77589000,97338000,24768000,3033000,None,42989000,252565000,14867000,None,63957000,-35000,26028000,369000,1333000,-25901000,None,None,None,369000,4933000,None,44451000,24768000,None,USD,4632144000,None,None,35978000,2881318000,1498261000,None,61830000,101303000,-605145000,136169000,None,147298000,222123000,1443949000,1070538000,1241108000,-34866000,3604644000,371389000,508805000,1498261000,None,25470000,1294719000,1228000,13930000,None,None,None,None,None,-39098000,None,101444000,None,4260755000,10063000,1294719000,24710000,1437369000,None,None,None,2076067000,None,222123000,None,None,USD,-201743000,585000,-201742000,1797000,-2155000,-48269000,-22680000,-32500000,24768000,-215018000,34994000,None,28321000,-4819000,-18615000,4362000,-7618000,15077000,237974000,None,None,None,14.22,7.88
3,2019-09-30,USD,98670000,72750000,62428000,36242000,-1126000,-82301000,490000,None,-52922000,201954000,13122000,None,25920000,-3000000,23368000,274000,3651000,-20548000,None,None,None,274000,-58294000,None,-60957000,-82301000,None,USD,4717616000,None,None,16047000,3025578000,1490084000,None,144208000,101303000,-629913000,132911000,None,217064000,250153000,1303727000,975027000,975027000,-35136000,3475991000,517461000,507100000,1490084000,None,17852000,1579365000,5590000,102939000,None,None,None,None,None,-20483000,None,173139000,None,4200155000,None,1579365000,142486000,1721851000,None,None,None,2074313000,None,250153000,None,None,USD,-40299000,-1427000,-40299000,9002000,82909000,59029000,-1784000,10556000,-82301000,80009000,61279000,None,28428000,-22096000,None,2605000,15868000,85734000,45174000,None,None,None,12.99,14.22
4,2019-06-30,USD,96745000,90365000,73366000,23379000,-8742000,-112682000,-123000,None,-61239000,183451000,14037000,None,6380000,3002000,24376000,176000,2906000,-23442000,None,None,None,176000,-44177000,None,-88385000,-112682000,None,USD,4624297000,None,None,14625000,2863783000,1577063000,None,128136000,101303000,-548090000,137801000,None,257095000,139834000,1050881000,802323000,802323000,-27861000,3390022000,454424000,522538000,1577063000,None,33720000,1665185000,8195000,45411000,None,None,None,None,None,-20483000,None,269406000,None,4169873000,None,1665185000,147717000,1812902000,None,None,None,2072194000,None,139834000,None,None,USD,-33186000,1002000,-33186000,9204000,-51286000,-69458000,-1784000,-54608000,-112682000,-144851000,-42207000,None,28121000,-18172000,None,370000,-6411000,100281000,113716000,None,None,None,18.48,12.99
5,2019-03-31,USD,114287000,81786000,47748000,66539000,53135000,-41741000,1590000,None,-4380000,101483000,13545000,None,28864000,3002000,-30613000,205000,-32194000,-27188000,None,None,None,205000,-9693000,None,-17484000,-41741000,None,USD,4722289000,None,None,350100000,3031983000,1690306000,None,116733000,101303000,-420763000,140517000,None,284549000,212673000,1191218000,924468000,924468000,-29529000,3278039000,606816000,560232000,1690306000,None,27309000,1588722000,8565000,11418000,None,None,None,None,None,-20483000,None,162897000,None,4115473000,None,1588722000,150560000,1739282000,None,None,None,2059778000,None,212673000,None,None,USD,10833000,-838000,10833000,14634000,-57385000,-77302000,-1784000,-22868000,-17484000,-13990000,52479000,None,28163000,-19917000,None,-1559000,37609000,52721000,3801000,None,None,None,21.09,18.48
6,2018-12-31,USD,181939000,116136000,73910000,108029000,65803000,-312957000,0,0,-309560000,80666000,12675000,None,65803000,1256000,-36896000,627000,None,None,0,0,0,627000,-375363000,0,-310187000,-312957000,None,USD,4806595000,None,None,332033000,2980804000,1745125000,None,127409000,101303000,-364379000,145564000,None,279852000,217835000,1000138000,730257000,730257000,-28512000,3291379000,649937000,585427000,1745125000,None,88778000,1835102000,7006000,9701000,None,None,None,None,None,-20483000,None,None,None,None,None,1835102000,None,None,None,None,None,2057196000,None,217835000,None,None,USD,-29531000,1279000,-40566000,9425000,-57978000,-74740000,-1063000,-16929000,-312957000,-59902000,55404000,None,28295000,-15788000,2686000,-1008000,-27444000,383184000,30112000,None,None,None,21.76,21.09
7,2018-09-30,USD,123101000,115361000,59328000,63773000,7740000,66212000,0,0,97368000,83170000,14775000,None,7740000,12730000,-34300000,None,None,None,0,0,0,156000,89628000,0,97212000,66212000,None,USD,5187084000,None,None,318438000,3040688000,2063226000,None,103116000,101299000,-36696000,152449000,None,460920000,306387000,1099570000,830911000,830911000,-35637000,3315960000,686406000,723798000,2063226000,302456000,55583000,1788669000,5998000,7573000,None,None,None,None,None,-20483000,None,None,None,None,None,None,None,None,None,None,None,None,None,None,None,None,USD,-3728000,-20957000,499000,5425000,-60892000,-76657000,-1063000,79809000,66212000,-63222000,12936000,None,28528000,-17179000,None,1445000,-9614000,-134202000,1198000,None,None,None,27.8,21.76
8,2018-06-30,USD,59374000,78727000,48202000,11172000,-19353000,36319000,0,0,53648000,139134000,10076000,None,-19353000,-8000,-23648000,None,None,None,0,-497740,0,490000,73001000,0,53158000,36319000,None,USD,5192974000,None,None,292846000,3350279000,1703561000,None,93146000,101239000,-90331000,335167000,None,403822000,375067000,1159152000,868725000,868725000,-31906000,3342677000,714128000,732347000,1703561000,276289000,38772000,1855960000,7443000,28530000,None,None,None,None,None,-20483000,None,None,None,None,None,None,None,None,None,None,None,None,None,None,None,None,USD,-18845000,-106000,-37859000,9330000,252756000,284572000,35942000,-64943000,36319000,263811000,17098000,None,20457000,-4873000,None,1761000,-8378000,28788000,28344000,None,None,None,29.46,27.8
9,2018-03-31,USD,66190000,73361000,42936000,23254000,-7171000,-21002000,0,0,-8403000,93593000,14016000,None,-7171000,-8000,-6704000,None,None,None,0,497740,0,-6000,-1232000,0,-8397000,-21002000,None,USD,4784146000,None,None,225708000,3003558000,1686995000,None,86945000,101138000,-121777000,337569000,50659861,329082000,172380000,930430000,731053000,731053000,-12807000,3273789000,431680000,749595000,1686995000,215412000,24388000,1735559000,9204000,8780000,None,None,None,None,None,-20483000,None,None,None,None,None,None,None,None,None,None,None,None,None,None,None,None,USD,-43399000,-5029000,-124566000,9005000,48988000,44227000,-164000,24346000,-21002000,-49103000,31236000,None,16409000,-5033000,436000,-1796000,-4502000,20975000,90172000,None,None,None,27.36,29.46
10,2017-12-31,USD,57587000,227022000,36540000,21047000,-84211000,3823000,0,0,15350000,11092000,16763000,None,-84211000,-36060824,1422000,None,None,None,0,2417070,0,435000,-92652000,0,-178672000,3823000,None,USD,4764287000,None,None,3045000,2967983000,1715316000,None,176911000,101119000,-95742000,309795000,50836840,1036279000,214862000,1632274000,1384933000,1384933000,-7769000,3254548000,473460000,720738000,1715316000,222265000,25880000,1025914000,7408000,70430000,None,None,None,None,None,-20483000,None,None,None,None,None,None,None,None,None,None,None,None,None,None,None,None,USD,-123107000,30259000,-433769000,11239000,481806000,377307000,-84061000,38037000,3823000,-9328000,47134000,None,76522000,-20438000,-1167000,-151000,-11413000,122249000,391901000,None,None,None,29.81,27.36
11,2017-09-30,USD,32432000,97694000,26918000,5514000,-75156000,-19980000,0,0,-20844000,7401000,11025000,None,-75156000,-890222,12490000,None,None,None,0,2417070,0,423000,54312000,0,-20460000,-19980000,None,USD,4645223000,None,None,17597000,2860794000,1714533000,None,177173000,101108000,-94511000,228718000,7414120,931018000,286562000,1432087000,1103106000,1103106000,-7921000,3125631000,588574000,696786000,1714533000,270087000,22355000,1199989000,9570000,152354000,None,None,None,None,None,-20483000,None,None,None,None,None,None,None,None,None,None,None,None,None,None,None,None,USD,-34352000,-57000,1433000,1771000,-27048000,300152000,-16632000,-9550000,-43875000,-56664000,-9570000,None,17385000,-15384000,203000,-2760000,798000,28489000,170775000,None,None,None,22.61,29.81
12,2017-06-30,USD,28408000,-147122000,23907000,4501000,100200000,123721000,0,0,112935000,9279000,11105000,None,100200000,164018,24001000,None,None,None,0,-4834140,0,458000,12735000,0,113044000,123721000,None,USD,4498258000,None,None,19781000,2675612000,1760151000,None,181228000,101081000,-45869000,158757000,7492177,963538000,343226000,1113743000,2324585000,2324585000,-7910000,2966486000,568234000,680557000,1760151000,205227000,12971000,1403112000,6810000,12597000,None,None,None,None,None,-20483000,None,None,None,None,None,None,None,None,None,None,None,None,None,None,None,None,USD,-23000000,-2319000,-120725000,-16903000,44177000,348679000,-15262000,5760000,-73808000,-113484000,-16475000,None,17366000,-10334000,203000,447000,-1989000,38903000,134789000,None,None,None,22.25,22.61
13,2017-03-31,USD,25110000,66500000,29873000,-4763000,-41390000,-65843000,0,0,-59002000,6652000,11441000,None,-41390000,65028,19027000,None,None,None,0,2417070,0,189000,-17612000,0,-59191000,-65843000,None,USD,4506938000,None,None,18359000,2616787000,1836935000,None,293413000,101081000,32901000,51552000,6583077,954835000,456710000,1142283000,2271822000,2271822000,-7881000,2903951000,648152000,665240000,1836935000,173083000,None,1422952000,None,5622319,None,None,None,None,None,-20483000,None,None,None,None,None,None,None,None,None,None,None,None,None,None,None,None,USD,-34147000,0,-77755000,10359000,362987000,325114000,-32889000,5334000,-65843000,232520000,-14688000,None,25186000,-5135000,203000,1199000,541000,19800000,53967000,None,None,None,27.93,22.25
14,2016-12-31,USD,23063000,223083000,24057000,-24982000,-144093000,8624000,0,0,16050000,6976000,14887000,None,-144093000,-16000,17684000,None,None,None,0,1706000,0,450000,-21984000,0,-160780000,8624000,None,USD,4256911000,None,None,274289000,2347085000,1863262000,None,499028000,101081000,103650000,52214000,6635655,944676000,224190000,974272000,452924000,452924000,-9542000,2615059000,426217000,661149000,1863262000,183525000,7915000,1320599000,7257000,23790000,None,None,None,None,None,-20483000,None,None,None,None,None,None,None,None,None,None,None,None,None,None,None,None,USD,-10200000,-28511000,-2222000,22928000,133959000,159728000,-82980000,32631000,8624000,118955000,-38551000,None,72972000,-54348000,171311000,987000,-567000,70468000,234518000,None,None,None,22.94,27.93
15,2016-09-30,USD,22267000,56559000,23754000,-7487000,-40292000,9057000,0,0,0,6546000,9808000,None,-40292000,0,10352000,None,None,None,0,0,0,246000,0,0,0,0,None,USD,4178955000,None,None,273320000,2454984000,1684383000,None,542296000,93547000,99836000,53090000,None,948126000,137904000,1333786000,1818256000,1818256000,None,2594187000,636642000,647716000,None,203031000,16496000,1068108000,5891000,59307000,None,None,None,None,None,-20483000,None,None,None,None,None,None,None,None,None,None,None,None,None,None,None,None,USD,None,None,56547000,9774000,None,23184000,5004000,-41860000,-23943000,73184000,12142000,None,16997000,-49743000,None,2021000,671000,None,162274000,None,None,None,21.2,22.94
16,2016-06-30,USD,18370000,-118000000,26221000,22000000,86000000,149000000,0,0,0,9412000,9689000,None,86000000,0,19231000,None,None,None,0,0,0,2000000,0,0,0,0,None,USD,4368731000,None,None,728768000,2627467000,1708222000,None,795918000,93547000,126870000,65993000,None,843726000,64720000,1530673000,1794000000,1794000000,None,2535118000,990000000,518000000,None,196399000,17000000,1030801000,6000000,10000000,None,None,None,None,None,-20483000,None,None,None,None,None,None,None,None,None,None,None,None,None,None,None,None,USD,None,None,20000000,101817000,None,24633000,-11000000,39000000,-91000000,-28000000,-64000000,None,20000000,-45061000,None,3000000,-2000000,None,106761000,None,None,None,15.5,21.2
17,2016-03-31,USD,16573000,58000000,26694000,-10000000,-41000000,-80000000,0,0,0,2817000,11576000,None,-41000000,0,11222000,None,None,None,0,0,0,-1000000,0,0,0,0,None,USD,4284040000,None,None,275157000,2475896000,1784514000,None,416530000,93547000,231012000,67617000,None,847814000,92916000,1236410000,1945000000,1945000000,None,2905861000,530000000,531000000,None,135947000,19229000,1171869000,7116000,69020000,None,None,None,None,None,-20483000,None,None,None,None,None,None,None,None,None,None,None,None,None,None,None,None,USD,None,None,-26000000,5191000,None,9442000,4000000,22000000,-80000000,-12000000,4452000,None,19000000,-45061000,None,3000000,-2000000,None,60404000,None,None,None,17.97,15.5
18,2015-12-31,USD,22994000,232647000,25017000,-24190000,-129973000,-171146000,0,0,-155041000,11020000,10021000,None,-129973000,-16000,3728000,None,None,None,0,2989000,0,-3053000,-25068000,0,-151988000,-171146000,None,USD,4307588000,None,None,273039000,2413249000,1873526000,None,412682000,93547000,315696000,69225000,6941107,816088000,105235000,967581000,495995000,495995000,-12592000,2850727000,638348000,554242000,1895366000,228202000,25647000,1376443000,8650000,53281000,None,None,None,None,None,-12269000,None,None,None,None,None,None,None,None,None,None,None,None,None,None,None,None,USD,202405000,30423000,-255956000,220017000,703438000,514430000,-55606000,-182791000,-171146000,-86175000,-344649000,None,73732000,-121358000,225000,-2252000,911000,-72047000,697349000,None,None,None,15.79,17.97
19,2015-09-30,USD,27378000,0,25903000,1475000,0,0,0,0,0,3103000,7339000,None,0,0,39253000,None,None,None,0,0,0,0,0,0,0,0,None,USD,4038970000,None,None,38751000,2033511000,1995666000,None,145433000,93423000,427052000,72314000,None,863382000,222842000,370298000,None,None,None,2787196000,None,None,None,108017000,18782000,1590899000,None,None,None,None,None,None,None,None,None,None,None,None,None,None,None,None,None,None,None,None,None,None,None,None,USD,None,None,None,19157000,None,266140000,None,None,None,None,None,None,None,-121358000,None,None,None,None,509949000,None,None,None,27.88,15.79
