,fiscalDateEnding,reportedCurrency_x,totalRevenue,totalOperatingExpense,costOfRevenue,grossProfit,ebit,netIncome_x,researchAndDevelopment,effectOfAccountingCharges,incomeBeforeTax,minorityInterest,sellingGeneralAdministrative,otherNonOperatingIncome,operatingIncome,otherOperatingExpense,interestExpense,taxProvision,interestIncome,netInterestIncome,extraordinaryItems,nonRecurring,otherItems,incomeTaxExpense,totalOtherIncomeExpense,discontinuedOperations,netIncomeFromContinuingOperations,netIncomeApplicableToCommonShares,preferredStockAndOtherAdjustments,reportedCurrency_y,totalAssets,intangibleAssets,earningAssets,otherCurrentAssets,totalLiabilities,totalShareholderEquity,deferredLongTermLiabilities,otherCurrentLiabilities,commonStock,retainedEarnings,otherLiabilities,goodwill,otherAssets,cash,totalCurrentLiabilities,shortTermDebt,currentLongTermDebt,otherShareholderEquity,propertyPlantEquipment,totalCurrentAssets,longTermInvestments,netTangibleAssets,shortTermInvestments,netReceivables,longTermDebt,inventory,accountsPayable,totalPermanentEquity,additionalPaidInCapital,commonStockTotalEquity,preferredStockTotalEquity,retainedEarningsTotalEquity,treasuryStock,accumulatedAmortization,otherNonCurrrentAssets,deferredLongTermAssetCharges,totalNonCurrentAssets,capitalLeaseObligations,totalLongTermDebt,otherNonCurrentLiabilities,totalNonCurrentLiabilities,negativeGoodwill,warrants,preferredStockRedeemable,capitalSurplus,liabilitiesAndShareholderEquity,cashAndShortTermInvestments,accumulatedDepreciation,commonStockSharesOutstanding,reportedCurrency,investments,changeInLiabilities,cashflowFromInvestment,otherCashflowFromInvestment,netBorrowings,cashflowFromFinancing,otherCashflowFromFinancing,changeInOperatingActivities,netIncome_y,changeInCash,operatingCashflow,otherOperatingCashflow,depreciation,dividendPayout,stockSaleAndPurchase,changeInInventory,changeInAccountReceivables,changeInNetIncome,capitalExpenditures,changeInReceivables,changeInExchangeRate,changeInCashAndCashEquivalents,clossingVal,nextClossingVal
0,2020-06-30,EUR,103600000.0,189814000.0,149114000.0,-45514000.0,-86803000.0,-115042000.0,None,None,-114669000.0,None,54759000.0,None,-86214000.0,None,27866000.0,373000,None,-27866000,None,None,None,373000.0,-589000.0,None,-115042000.0,-115042000.0,None,EUR,5851564000.0,39254000.0,None,10319000.0,3078301000.0,2773263000.0,None,27316000.0,290462000.0,-235224000,2439379000.0,None,116519000.0,2384220000.0,618538000.0,None,None,-5646000,73786000.0,5622005000,None,2734009000,3182276000,45190000,None,None,179432000.0,None,None,None,None,None,None,None,9522000,None,229559000,27256000,None,10691000,2459763000,None,None,None,None,None,None,None,None,EUR,-216836000,-82532000,-216836000,699000,-1598000,16315000.0,1000,None,-115042000,-341473000,-140955000,None,None,None,None,None,None,60310000,11855000.0,None,None,None,197.29,
1,2020-03-31,EUR,98172000.0,142758000.0,116763000.0,-18591000.0,-21204000.0,-50601000.0,None,None,-50266000.0,None,34738000.0,None,-44586000.0,None,24873000.0,336000,39722000,14849000,None,None,None,336000.0,-20529000.0,None,-50602000.0,-50601000.0,None,EUR,5992406000.0,33856000.0,None,8706000.0,3152365000.0,2840041000.0,None,26727000.0,288106000.0,-150597000,2510883000.0,None,111307000.0,2743573000.0,622626000.0,None,None,-5582000,66979000.0,5780264000,None,2806185000,2978805000,49180000,None,None,169477000.0,None,None,None,None,None,None,None,13945000,None,212142000,25066000,18856000,8112000,2529739000,None,None,None,2708114000,None,5722378000,None,65000000,EUR,929640000,-66715000,929640000,2597000,-1425000,3930000.0,1000,None,-50601000,864695000,-68874000,None,4189000,None,5355000,-62000,None,16734000,13025000.0,None,None,None,195.92,197.29
2,2019-12-31,EUR,119267000.0,141993000.0,129073000.0,-9806000.0,-136105000.0,-115484000.0,0,0,-98570000.0,0,35568000.0,0,-22726000.0,0,-41146000.0,16913000,-26099000,8104000,0,0,0,16913000.0,-83946000.0,0,-115483000.0,-115484000.0,0,EUR,6068609000.0,24925000.0,None,9137000.0,3192951000.0,2875658000.0,14872000,6199000.0,349789000.0,-109223000,2601600000.0,0,115301000.0,1861616000.0,571793000.0,0,0,-68491000,66052000.0,5865927000,11275000,2865603000,3919216000,61552000,0,255000,142510000.0,0,0,0,0,0,0,0,28164000,0,202682000,25384000,19558000,6989000,2621158000,0,0,0,2703583000,0,5780832000,0,60000000,EUR,-3741779000,-155349000,-3741779000,5060000,-1257000,365018000.0,-4447000,79940000,-115484000,-3496902000,-120141000,0,3611000,0,1345289000,17000,99055171.84,106245000,22898000.0,0,0,0,206.83,195.92
3,2019-09-30,EUR,633934000.0,143303000.0,120680000.0,513254000.0,386220000.0,361233000.0,0,0,344405000.0,0,32643000.0,0,490631000.0,0,38631000.0,-16828000,34755000,-3876000,0,0,0,-16828000.0,-142349000.0,0,361233000.0,361233000.0,0,EUR,5851752000.0,23492000.0,None,8838000.0,3316471000.0,2535281000.0,0,-1000.0,272605000.0,-3907000,2665510000.0,0,115364000.0,5599787000.0,631300000.0,0,0,-2002000,61883000.0,5651013000,0,2511789000,0,42388000,0,0,156254000.0,0,0,0,0,0,0,0,5993000,0,200739000,24912000,19661000,2471000,2685171000,0,0,0,2268585000,0,5599787000,0,60000000,EUR,-14220000,2996055000,-14220000,5060000,-1690000,965072000.0,-4447000,1000,361233000,4421350000,3470498000,0,3184000,0,974567000,0,12254652.81,105271000,14219000.0,0,0,0,152.66,206.83
4,2019-06-30,EUR,58738000.0,103106000.0,94372000.0,-35634000.0,-41472000.0,-47249000.0,356888913.31,0,-47188000.0,0,17586000.0,0,-44368000.0,0,2821000.0,61000,-1349000,-2821000,0,0,0,61000.0,-10664463.34,0,-47249000.0,-47249000.0,0,EUR,1357848000.0,7191000.0,None,6970000.0,214481000.0,1143367000.0,0,-1000.0,238475000.0,-376518000,5312000.0,0,90873000.0,1147923000.0,188712000.0,0,691911761073390000,-2240000,51180000.0,1208604000,0,1136176000,0,53711000,999999999999999999.99,0,86216000.0,0,0,0,0,0,0,0,5713000,0,149244000,25598000,20457000,1373000,25769000,0,0,0,1283650000,0,1147923000,0,55000000,EUR,-5263000,-9468000,-5263000,5060000,-896000,3428000.0,-4447000,-15918000,-47249000,-71877000,-70042000,0,2895000,0,7805000,1000,-119714273.74,15435000,5264000.0,0,0,0,128.93,152.66
5,2019-03-31,EUR,40919000.0,86291000.0,83195000.0,-50148000.0,-43485000.0,-48656000.0,328786297.91,0,-48588000.0,0,10967000.0,0,-53242000.0,0,2345000.0,68000,4654000,4654000,0,0,0,68000.0,18395435.33,0,-48656000.0,-48656000.0,0,EUR,1400200000.0,6497000.0,None,9351000.0,224445000.0,1175755000.0,0,493930280.98,237348000.0,-340755000,4586000.0,0,8888000.0,199114000.0,199450000.0,0,28614488.67,-1290000,49542000.0,1259244000,0,1169258000,0,15347000,127509410.36,0,69880000.0,0,0,0,0,0,0,0,6377000,0,140956000,24989000,20409000,735000,24995000,0,0,0,1280452000,0,1222901000,0,55000000,EUR,-3398000,-27036000,-3398000,-94000,-1248000,2233000.0,-4447000,-15918000,-48656000,-67895000,-71698000,0,2758000,0,3481000,2000,-4896228.63,2473000,3304000.0,0,0,0,117.78,128.93
6,2018-12-31,EUR,256846194.9,237011878.71,-222559796.01,479405990.87,19834316.2,34065460.83,430098081.28,0,34960601.66,0,29473593.44,0,19834316.2,0,-9263454.73,None,None,None,0,0,0,680338.58,15126285.46,0,34065460.83,25890950.7,0,EUR,3278757328.64,8272650.03,None,9347730.09,513047797.28,2765709531.35,0,343882126.23,509994254.9,-515497553.40,9247757.33,0,134814367.25,2940061552.64,500880259.73,0,0,-104477845.46,40053418.46,3026739883.22,13666272.08,2095749201.89,0,76378516.84,0,628648.51,154970969.78,0,0,0,0,0,0,0,0,0,0,0,0,0,0,0,0,0,0,0,0,0,52000000,EUR,-5311624.41,-121728669.45,-17756317.30,-2890655.44,1731.14,3282183.01,-1654971.17,-1731.14,34065460.83,-120424911.73,-82312311.05,0,-947528.19,0,603347851.67,9110.85,7382064.62,7450832.56,13969207.74,0,0,0,91.74,117.78
7,2018-09-30,USD,138320631.43,121874886.25,107637810.95,30682820.48,16445745.17,19890090.8,253070949.07,0,19246788.89,0,14237075.3,0,16445745.17,0,-625879.15,None,None,None,0,0,0,-555684.19,2801043.71,0,19890090.8,17181060.43,0,USD,1990953727.77,2758156.92,None,12659645.42,398483984.01,1592469743.77,0,251308569.89,272831674.0,-372186848.81,32677703.17,0,86802500.58,1800800385.51,360653811.31,0,0,-2592035.19,20968974.3,1863431186.88,0,1373192868.72,74551827280042,49595896.50,0,375259.45,108183277.36,0,0,0,0,0,0,0,0,0,0,0,0,0,0,0,0,0,0,0,0,0,53000000,USD,179588.45,-28234545.03,-2237786.52,0,1157.68,376842235.73,-17374392.22,-1157.68,19890090.80,371106127.07,-4213938.41,0,1517120.33,0,0,-17422.76,-151443.99,5674924.75,1683306.66,0,0,0,112.43,91.74
8,2018-06-30,USD,77258326.14,122977472.01,110643827.87,-33385501.73,-45719145.87,-29493732.43,255787994.29,0,-29392137.33,0,12333644.13,0,-45719145.87,0,-632598.77,None,None,None,0,0,0,87290.5,16327008.54,0,-29493732.43,-25341014.9,0,USD,1631411273.41,1900505.52,None,9598704.26,431696509.08,1199714764.33,0,239200902.32,274188780.26,-400135009.31,83918761.64,0,89862662.94,1445042527.98,334025697.11,0,0,-2612895.72,20779795.16,1500736957.25,0,1029162011.17,0,45734046.49,0,361678.53,93658483.15,0,0,0,0,0,0,0,0,0,0,0,0,0,0,0,0,0,0,0,0,0,52000000,USD,181516.56,-13640595.90,-2552374.30,0,13966.48,1827357.05,-17467411.55,-1163.87,-29493732.43,-56107582.65,-59909217.88,0,3368893.24,0,0,35219.63,-21852426.92,-5076815.64,2453182.81,0,0,0,92.18,112.43
9,2018-03-31,USD,55240000.0,76875000.0,93584000.0,-24927000.0,-32037000.0,-37283000.0,85950000,0,-37221000.0,0,7110000.0,None,-32037000.0,0,-1194000.0,None,None,None,0,0,0,77000.0,-5184000.0,0,-37283000.0,-37283000.0,None,USD,1515192000.0,3147000.0,None,8835000.0,407199000.0,1107993000.0,None,205882000.0,289553000.0,-328620000,131686000.0,None,95058000.0,1365285000.0,275513000.0,None,None,-2398000,20907000.0,1135735000,None,896790000,None,20086000,None,361000,68569000.0,None,None,None,None,None,None,None,None,None,None,None,None,None,None,None,None,None,None,None,None,None,51000000,USD,134000,-26890000,-1531000,None,-19000,4811000.0,-15008000,None,-37283000,-43025000,-39804000,None,1197000,None,3924000,-14000,15926000,10258000,1468000.0,None,None,None,99.76,92.18
10,2017-12-31,USD,61809000.0,241345000.0,94519000.0,31682000.0,-92277000.0,-136781000.0,86404000,0,-136468000.0,0,28120000.0,None,-92277000.0,0,-1028000.0,None,None,None,0,0,0,45000.0,-44191000.0,0,-136781000.0,-136781000.0,None,USD,1546359000.0,2999000.0,None,8358000.0,329753000.0,1216606000.0,116897000,148716000.0,280610000.0,-211441000,123336000.0,None,86481000.0,1383987000.0,206417000.0,9000,9000,-45111000,20067000.0,1197647000,1754000,1009488000,None,41789000,None,335000,56650000.0,None,None,None,None,None,None,None,None,None,None,None,None,None,None,None,None,None,None,None,None,None,None,USD,372000,-50950000,-549000,5272000,-65000,424806000.0,-15790000,1000,-115704000,177970000,-147030000,None,3641000,None,424393000,26000,-27656000,42973000,6387000.0,None,None,None,93.76,99.76
11,2017-09-30,USD,42300000.0,51709000.0,77300000.0,6254000.0,1699000.0,29511000.0,70254000,0,29304000.0,0,4555000.0,None,1699000.0,0,-757000.0,None,None,None,0,0,0,86000.0,27605000.0,0,29511000.0,29511000.0,None,USD,1572751000.0,882000.0,None,8197000.0,347823000.0,1224928000.0,None,124314000.0,275470000.0,-186432000,165277000.0,None,85356000.0,1439834000.0,182546000.0,23000,23000,-2721000,18049000.0,1243839000,None,1036185000,None,17740000,None,359000,57219000.0,None,None,None,None,None,None,None,None,None,None,None,None,None,None,None,None,None,None,None,None,None,None,USD,None,-5271000,4259000,7347000,-17000,417020000.0,-15790000,None,-36606000,-43205000,-34933000,None,1067000,None,262000,15000,-5992000,11854000,3527000.0,None,None,None,101.75,93.76
12,2017-06-30,USD,40691000.0,-98423000.0,64904000.0,386000.0,12002000.0,5171000.0,57960000,0,5263000.0,0,-11616000.0,None,12002000.0,0,1623000.0,None,None,None,0,0,0,105000.0,-6739000.0,0,5171000.0,5171000.0,None,USD,1561430000.0,980000.0,None,7915000.0,341564000.0,1219866000.0,None,106050000.0,265897000.0,-154553000,192448000.0,None,77471000.0,1440138000.0,149116000.0,37000,37000,-2215000,17694000.0,1284957000,None,1068167000,None,15642000,None,363000,41862000.0,None,None,None,None,None,None,None,None,None,None,None,None,None,None,None,None,None,None,None,None,None,None,USD,372000,-21278000,5079000,7220000,-19000,402549000.0,-15790000,None,-35644000,308676000,-28455000,None,1094000,None,352806000,6000,9338000,18029000,2579000.0,None,None,None,76.52,101.75
13,2017-03-31,USD,42645000.0,51089000.0,53531000.0,-5067000.0,-11226000.0,-13605000.0,48065000,0,-13605000.0,0,6159000.0,None,-11226000.0,0,-774000.0,None,None,None,0,0,0,0.0,-2379000.0,0,-13605000.0,-13605000.0,None,USD,1147696000.0,1030000.0,None,8788000.0,347325000.0,800371000.0,None,85527000.0,239558000.0,-122854000,210409000.0,None,70209000.0,1019931000.0,136916000.0,50000,50000,-2059000,16115000.0,992122000,None,747187000,4316000,26164000,None,347000,50242000.0,None,None,None,None,None,None,None,None,None,None,None,None,None,None,None,None,None,None,None,None,None,48000000,USD,372000,-4167000,5881000,6860000,-14000,-14000.0,-15790000,None,-13605000,-19856000,-22843000,None,1050000,None,352806000,-24000,-11586000,5489000,980000.0,None,None,None,86.19,76.52
14,2016-12-31,USD,86890000.0,204694000.0,43574000.0,-18547000.0,8661000.0,47927000.0,38564000,0,48095000.0,0,5858000.0,None,42361000.0,0,-1553000.0,None,None,None,0,-3304000,0,168000.0,63196000.0,-2260000,63814000.0,47927000.0,None,USD,1143138000.0,1079000.0,None,7661000.0,342557000.0,800581000.0,226545000,75390000.0,236289000.0,-112272000,232922000.0,None,64520000.0,1026963000.0,109520000.0,63000,63000,-28349000,15787000.0,1007232000,57155000,757678000,6933000,23479000,115000,317000,32995000.0,None,None,None,None,None,None,None,None,None,None,None,None,None,None,None,None,None,None,None,None,None,None,USD,-2750000,247908000,-7287000,235000,-49000,417855000.0,-337000,2000,47927000,632927000,252618000,None,3326000,None,417730000,26000,-12978000,-53746000,4704000.0,None,None,None,64.19,86.19
15,2016-09-30,USD,19295000.0,-82592000.0,45667000.0,327639000.0,-33189000.0,-34791000.0,39862000,0,-30057000.0,0,53013000.0,None,-40809000.0,0,2506000.0,None,None,None,0,9912000,0,105000.0,7623000.0,6780000,-29406000.0,-22629000.0,None,USD,1172228000.0,1292000.0,None,7695000.0,375654000.0,796574000.0,None,112285000.0,251127000.0,-162048000,229730000.0,None,73153000.0,1046041000.0,145898000.0,76000,76000,None,16893000.0,962967000,None,None,7708000,18127000,26000,366000,31184000.0,None,None,None,None,None,None,None,None,None,None,None,None,None,None,None,None,None,None,None,None,None,None,USD,None,None,-3631000,None,None,444163000.0,-2840000,None,-24162000,-29674000,229580000,None,1076000,None,None,-4000,-4586000,None,4076000.0,None,None,None,64.66,64.19
16,2016-06-30,USD,36920000.0,41000000.0,42861000.0,-229460000.0,13038000.0,-29861000.0,37168000,0,-20909000.0,0,-35342000.0,None,18118000.0,0,-1000000.0,None,None,None,0,-6608000,0,432000.0,-5082000.0,-4520000,19604000.0,-25861000.0,None,USD,1176589000.0,1353000.0,None,7703000.0,371475000.0,805114000.0,None,95627000.0,246178000.0,-141000000,248373000.0,None,65272000.0,1059602000.0,123061000.0,None,None,None,16648000.0,992000000,None,None,7566000,18000000,41000,355000,25013000.0,None,None,None,None,None,None,None,None,None,None,None,None,None,None,None,None,None,None,None,None,None,None,USD,None,None,-2000000,None,None,435555000.0,-3000000,None,-4000000,-18000000,253937000,None,1000000,None,None,3000,-5000000,None,3121000.0,None,None,None,55.47,64.66
17,2016-03-31,USD,16877000.0,0.0,35592000.0,0.0,0.0,40947000.0,31685000,0,40947000.0,0,0.0,None,0.0,0,0.0,None,None,None,0,0,0,0.0,0.0,0,0.0,40947000.0,None,USD,1229308000.0,1574000.0,None,6424000.0,399495000.0,829813000.0,None,88708000.0,252606000.0,None,280144000.0,None,65507000.0,1114323000.0,119294000.0,None,None,None,16072000.0,None,None,None,9415000,None,57000,395000,27590000.0,None,None,None,None,None,None,None,None,None,None,None,None,None,None,None,None,None,None,None,None,None,45000000,USD,None,None,None,None,None,446520000.0,None,None,40947000,None,286512000,None,None,None,None,None,None,None,1167000.0,None,None,None,41.82,55.47
18,2015-12-31,USD,13078000.0,150023000.0,38717000.0,-20253000.0,-89444000.0,-118410000.0,32726000,0,-119628000.0,0,20309000.0,None,-89444000.0,0,-46000.0,None,None,None,0,0,0,252000.0,-30184000.0,0,-118410000.0,-118410000.0,None,USD,480526000.0,1683000.0,None,15088000.0,84174000.0,396352000.0,226545000,44157000.0,201325000.0,-177317000,5039000.0,None,58923000.0,369546000.0,78632000.0,115000,115000,-26475000,14966000.0,374471000,53646000,363449000,7446000,16057000,503000,353000,31614000.0,None,None,None,None,None,None,None,None,None,None,None,None,None,None,None,None,None,None,None,None,None,36000000,USD,-2750000,-26728000,-4297000,1958000,-43000,294680000.0,-19292000,2000,-118410000,152601000,-114590000,None,2376000,None,294838000,-44000,-7220000,34410000,6624000.0,None,None,None,62.88,41.82
19,2015-09-30,USD,11524000.0,0.0,41640000.0,0.0,0.0,0.0,37545000,0,0.0,0,0.0,None,0.0,0,0.0,None,None,None,0,0,0,63000.0,0.0,0,0.0,0.0,None,USD,514623000.0,1693000.0,None,5194000.0,47168000.0,467455000.0,None,1992000.0,206558000.0,None,5505000.0,None,56827000.0,409138000.0,41578000.0,None,None,None,14038000.0,None,None,None,7653000,None,85000,384000,36582000.0,None,None,None,None,None,None,None,None,None,None,None,None,None,None,None,None,None,None,None,None,None,38000000,USD,None,None,None,None,None,302754000.0,None,None,None,None,None,None,None,None,None,None,None,None,4723000.0,None,None,None,40.71,62.88
