,fiscalDateEnding,reportedCurrency_x,totalRevenue,totalOperatingExpense,costOfRevenue,grossProfit,ebit,netIncome_x,researchAndDevelopment,effectOfAccountingCharges,incomeBeforeTax,minorityInterest,sellingGeneralAdministrative,otherNonOperatingIncome,operatingIncome,otherOperatingExpense,interestExpense,taxProvision,interestIncome,netInterestIncome,extraordinaryItems,nonRecurring,otherItems,incomeTaxExpense,totalOtherIncomeExpense,discontinuedOperations,netIncomeFromContinuingOperations,netIncomeApplicableToCommonShares,preferredStockAndOtherAdjustments,reportedCurrency_y,totalAssets,intangibleAssets,earningAssets,otherCurrentAssets,totalLiabilities,totalShareholderEquity,deferredLongTermLiabilities,otherCurrentLiabilities,commonStock,retainedEarnings,otherLiabilities,goodwill,otherAssets,cash,totalCurrentLiabilities,shortTermDebt,currentLongTermDebt,otherShareholderEquity,propertyPlantEquipment,totalCurrentAssets,longTermInvestments,netTangibleAssets,shortTermInvestments,netReceivables,longTermDebt,inventory,accountsPayable,totalPermanentEquity,additionalPaidInCapital,commonStockTotalEquity,preferredStockTotalEquity,retainedEarningsTotalEquity,treasuryStock,accumulatedAmortization,otherNonCurrrentAssets,deferredLongTermAssetCharges,totalNonCurrentAssets,capitalLeaseObligations,totalLongTermDebt,otherNonCurrentLiabilities,totalNonCurrentLiabilities,negativeGoodwill,warrants,preferredStockRedeemable,capitalSurplus,liabilitiesAndShareholderEquity,cashAndShortTermInvestments,accumulatedDepreciation,commonStockSharesOutstanding,reportedCurrency,investments,changeInLiabilities,cashflowFromInvestment,otherCashflowFromInvestment,netBorrowings,cashflowFromFinancing,otherCashflowFromFinancing,changeInOperatingActivities,netIncome_y,changeInCash,operatingCashflow,otherOperatingCashflow,depreciation,dividendPayout,stockSaleAndPurchase,changeInInventory,changeInAccountReceivables,changeInNetIncome,capitalExpenditures,changeInReceivables,changeInExchangeRate,changeInCashAndCashEquivalents,clossingVal,nextClossingVal
0,2020-06-30,USD,112446000,112509000,None,None,None,-63000,None,None,-63000,None,2881000,None,None,None,1562000,0,538000,-1562000,None,None,None,None,None,None,-63000,-63000,None,USD,1279456000,None,None,None,849552000,429904000,None,None,3627000,-71282000,228964000,None,20263000,7318000,None,None,None,None,100000,None,None,429904000,None,271388000,94637000,None,94217000,None,None,None,None,None,None,None,None,None,None,None,None,None,None,None,None,None,None,None,None,None,None,USD,13288000,7909000,13288000,358000,None,None,None,-16197000,-63000,-5438000,-10954000,None,7000,None,None,None,-4539000,-2610000,0,None,None,None,6.52,
1,2020-03-31,USD,116971000,156817000,None,None,None,-40270000,None,None,-39846000,None,3858000,None,-44607000,None,1561000,424000,5754000,-1561000,None,None,None,424000,None,None,-40270000,-40270000,None,USD,1288049000,None,None,None,851150000,436899000,None,None,3743000,-71219000,225040000,None,20738000,8094000,None,None,None,None,200000,None,None,436899000,None,266849000,93076000,None,114208000,None,None,None,None,None,None,None,None,None,None,None,93076000,None,None,None,None,None,504375000,None,None,None,36000000,USD,8034000,-1991000,8034000,2000,None,None,None,-31108000,-40270000,-23858000,-31770000,None,7000,None,None,None,-9070000,41592000,0,None,None,None,5.95,6.52
2,2019-12-31,USD,105136000,134799000,121608000,-20879000,-28217000,-30346000,None,None,-29663000,None,4142000,None,-30300000,None,1579000,683000,2385000,-1579000,None,None,None,683000,-1446000,None,-30346000,-30346000,None,USD,1355193000,49665000,None,1000909000,878010000,477183000,None,184418000,3699000,-30063000,233787000,None,22366000,25813000,550585000,None,None,None,None,1026722000,0,477183000,None,257915000,93514000,None,122665000,None,None,None,None,None,None,None,None,None,None,None,93514000,None,None,None,None,None,503547000,None,None,None,36000000,USD,-15884000,-17118000,-15884000,1687000,None,0,None,43518000,-30346000,-6100000,10311000,None,0,None,0,None,56890000,14257000,0,None,None,None,10.11,5.95
3,2019-09-30,USD,132649000,127688000,123924000,15184000,7459000,5140000,None,None,4961000,None,4727000,None,3227000,None,1578000,-179000,3593000,-1578000,None,None,None,-179000,-2498000,None,5140000,5140000,None,USD,1422180000,50607000,None,1084769000,915637000,506543000,None,206531000,3699000,283000,243706000,None,30676000,11781000,579732000,None,None,None,300000,1096550000,0,506543000,None,314805000,91936000,None,129959000,None,None,None,None,None,None,None,None,None,None,None,91936000,None,None,None,None,None,502561000,None,None,None,37000000,USD,15752000,-40521000,15752000,-1075000,None,0,None,38883000,5140000,13164000,-2905000,None,7000,None,0,None,13721000,-6414000,0,None,None,None,10.5,10.11
4,2019-06-30,USD,124808000,109588000,115648000,140349000,265478000,15314000,None,None,15220000,None,3657000,None,12596000,-125129000,1562000,-94000,4144000,-1562000,None,None,None,-94000,1117000,None,15314000,15314000,None,USD,1455803000,56754000,None,1100158000,955065000,500738000,None,250007000,3679000,-4857000,237293000,None,29124000,14934000,625269000,None,None,None,300000,1115092000,0,500738000,None,328526000,92357000,None,136472000,None,None,3679000,None,-4857000,None,None,2622000,None,56754000,None,92357000,849800000,955065000,None,None,None,501916000,1455803000,760842000,None,37000000,USD,20340000,10131000,20340000,-6980000,None,None,None,-12628000,15314000,21187000,1338000,-40181000,7000,None,None,None,44288000,-11486000,0,40669000,None,21678000,8.49,10.5
5,2019-03-31,USD,126498000,120519000,144391000,158754000,311529000,5906000,None,None,5979000,None,6840000,None,5956000,-152775000,1544000,73000,23000,-1544000,None,None,None,73000,1069000,None,5906000,5906000,None,USD,1479256000,52657000,None,1127222000,994941000,484315000,None,242024000,3672000,-20171000,254178000,None,730155000,9500000,649781000,165000,165000,None,300000,1136722000,0,484315000,None,372814000,90796000,None,150071000,None,None,3672000,None,-20171000,None,None,2849000,None,52657000,None,90796000,889089000,994941000,None,None,None,500814000,1479256000,739655000,None,36000000,USD,43126000,15179000,43126000,43126000,None,None,None,2657000,5906000,36424000,-7113000,21855000,7000,None,None,None,-28858000,-30862000,0,-29492000,None,36013000,10.87,8.49
6,2018-12-31,USD,62337000,139889000,134766000,-72429000,-77552000,-80819000,0,0,-79208000,2177000,5123000,1200000,-77552000,932585000,-1646000,None,None,None,0,0,0,1780000,-1656000,0,-80988000,-80819000,None,USD,1435445000,49929000,None,1053953000,955981000,477287000,None,228207000,3638000,-26077000,249361000,None,29420000,18215000,615435000,None,None,None,None,1109076000,247020000,477287000,None,395798000,91185000,None,383928000,None,None,3638000,None,-26077000,None,None,2559000,None,49929000,None,107603000,848378000,955981000,None,1692000,None,499726000,1435445000,703231000,None,36000000,USD,57526000,-15728000,23117000,-34409000,1000,1000,None,-5149000,-80819000,-14516000,-37242000,12049000,17000,None,-16503000,None,None,64437000,0,-15547000,-392000,-14516000,8.62,10.87
7,2018-09-30,USD,36610000,122247000,115111000,-78501000,-85637000,-89115000,0,0,-90629000,17067000,7136000,None,-85637000,-123174000,-5328000,None,None,None,0,0,0,-355000,-4992000,0,-90274000,-89115000,None,USD,1704312000,52717000,None,1095135000,1130264000,556981000,0,278082000,3639000,54742000,354905000,0,33554000,43912000,685753000,None,None,None,0,1197815000,420226000,556981000,731611000,382537000,89606000,0,377671000,558738000,498600000,3639000,0,54742000,0,None,4118000,None,52717000,None,126484000,960093000,1086577000,None,15310000,None,498600000,1704312000,717747000,None,36000000,USD,-217594000,-17290000,-701281000,-483687000,96575000,82825000,None,29458000,-89115000,-612635000,6568000,4207000,26000,0,-13750000,0,3240000,83489000,0,33695000,-747000,-612635000,12.4,8.62
8,2018-06-30,USD,93586000,126396000,119438000,-25852000,-32810000,-37368000,0,0,-38312000,17155000,6958000,None,-32810000,-126396000,-7309000,None,None,None,0,0,0,-323000,-5502000,0,-37989000,-37368000,None,USD,2778768000,56136000,None,1719288000,2110667000,650946000,0,1451949000,3742000,143873000,234399000,0,32939000,65441000,1876268000,30000000,30000000,None,0,2620442000,69251000,650946000,2085668000,416225000,35692000,0,394319000,661665000,503331000,3742000,0,143873000,0,None,4327000,None,56136000,None,35692000,1554803000,1590495000,None,6436000,None,503331000,2778768000,1330382000,None,37000000,USD,115945000,-10951000,44558000,-71387000,96575000,-2753000,None,6597000,-37368000,38873000,537000,-6768000,125000,0,-2753000,0,0,42134000,0,4911000,-3469000,38873000,14.2,12.4
9,2018-03-31,USD,141000,-145989000,140033000,141000,146130000,-142752000,0,0,-145848000,-2326000,5956000,None,146130000,-145989000,-6209000,None,None,None,0,0,0,-770000,-7404000,0,-145078000,-142752000,None,USD,2876649000,60263000,None,1698303000,2169028000,689845000,0,1508503000,3755000,181520000,232683000,0,34826000,1291509000,574800000,30000000,30000000,None,0,1713705000,1098863000,689845000,2209553000,450877000,31007000,0,574800000,700916000,504570000,3755000,0,181520000,0,None,3818000,None,60263000,None,31007000,1563221000,1594228000,None,6705000,None,504570000,2876649000,1291509000,None,37000000,USD,-211657000,-8605000,-211657000,-166892000,96575000,-2753000,None,-29735000,-142752000,-239589000,-29171000,21626000,92000,0,0,0,0,143284000,0,-42816000,1239000,-239589000,16.05,14.2
10,2017-12-31,USD,124535000,1200404000,157747000,124535000,-1075869000,-37732000,0,0,-38276000,-202000,-17785000,None,-1075869000,1218189000,-23937000,None,None,None,0,0,0,-342000,-31590000,0,-37934000,-37732000,None,USD,3357393000,62350000,None,1872568000,2505967000,831324000,0,912797000,3736000,324272000,776412000,0,224451000,1531098000,672700000,25000000,25000000,None,0,1915936000,1375877000,831324000,2707926000,372611000,45801000,0,672700000,844257000,503316000,3736000,0,324272000,0,None,3230000,None,62350000,None,45801000,1787466000,1833267000,None,7169000,None,503316000,3357393000,1531098000,None,37000000,USD,126645000,35685000,-23897000,-150542000,96576000,-2819000,None,141163000,-37732000,-4760000,19137000,35867000,93000,0,0,0,0,15642000,0,-30418000,158000,-4602000,20.1,16.05
11,2017-09-30,USD,236149000,-215131000,206929000,236149000,451280000,19875000,0,0,21018000,1078000,8111000,None,451280000,-215131000,0,None,None,None,0,0,0,65000,0,0,20953000,19875000,None,USD,3170708000,0,None,1689162000,2284978000,867505000,0,890001000,3735000,362004000,770986000,0,223099000,1381876000,3955000,None,None,None,0,1730360000,1357410000,867505000,2546594000,362997000,26896000,0,3955000,885730000,501766000,3735000,0,362004000,0,None,5697000,None,77241000,None,26896000,2254127000,2281023000,None,None,None,501766000,3170708000,1381876000,None,37000000,USD,-40201000,30258000,-37181000,3020000,None,-551000,-37181000,76858000,19875000,-9774000,27525000,87857000,91000,0,-551000,0,0,-73568000,0,-36988000,433000,-9774000,21.65,20.1
12,2017-06-30,USD,121478000,-157792000,151445000,121478000,279270000,-35469000,0,0,-36314000,-550000,6255000,None,279270000,-157792000,0,None,None,None,0,0,0,-295000,0,0,-36019000,-35469000,None,USD,3012244000,0,None,1651542000,2148360000,846737000,0,878714000,3737000,342318000,670718000,0,228924000,1394500000,0,None,None,None,0,1700514000,1227267000,846737000,2406479000,332201000,22386000,0,598928000,863884000,500682000,3737000,0,342318000,0,None,6247000,None,78216000,None,22386000,2125974000,2148360000,None,None,None,500682000,3012244000,1394500000,None,37000000,USD,-12077000,12001000,-27582000,-15505000,None,-2268000,-27582000,11878000,-35469000,2465000,32315000,11957000,92000,0,-2268000,0,0,40482000,0,3252000,1235000,3700000,20.9,21.65
13,2017-03-31,USD,163513000,-154766000,148023000,163513000,318279000,8374000,0,0,8747000,252000,6651000,None,318279000,-154766000,0,None,None,None,0,0,0,121000,0,0,8626000,8374000,None,USD,3008836000,0,None,1653592000,2107673000,883466000,0,867709000,3744000,378542000,628917000,0,224714000,1382020000,1189000,None,None,None,0,1691440000,1240209000,883466000,2398486000,309420000,8791000,0,1189000,901163000,501180000,3744000,0,378542000,0,None,3717000,None,73470000,None,8791000,2097693000,2106484000,None,None,None,501180000,3008836000,1382020000,None,37000000,USD,125261000,53876000,-17874000,-143135000,None,0,-17874000,21557000,8374000,-2432000,15442000,21435000,92000,0,0,0,0,-18007000,0,-50328000,535000,-1897000,22.1,20.9
14,2016-12-31,USD,188735000,943889000,131547000,188735000,-755154000,49196000,0,0,50310000,856000,6786000,None,-755154000,943889000,-22334000,None,None,None,0,0,0,258000,-19346000,0,50052000,49196000,None,USD,2664693000,61022000,None,1503021000,1773006000,874242000,0,859902000,3737000,370168000,551859000,0,243163000,1242509000,1767479000,None,None,None,698000,1500450000,1098918000,874242000,2046652000,257941000,8164000,0,361245000,891687000,500337000,3737000,0,370168000,0,None,4303000,None,61022000,None,8164000,1764842000,1773006000,None,None,None,500337000,2664693000,1242509000,None,37000000,USD,57792000,16282000,-29974000,-92993000,96576000,-2819000,-22679000,-4357000,49196000,6777000,36751000,18979000,92000,0,0,0,0,-57364000,0,9566000,-6082000,695000,22.8,22.1
15,2016-09-30,USD,145545000,-114248000,107311000,145545000,259793000,30011000,0,0,31297000,981000,6842000,None,259793000,-114248000,0,None,None,None,0,0,0,305000,0,0,30992000,30011000,None,USD,2593752000,0,None,1371752000,1755202000,824205000,0,802863000,3736000,320972000,520513000,0,311234000,1137881000,2413000,None,None,None,0,1405759000,1127297000,824205000,1932999000,267878000,8500000,0,2413000,838550000,499497000,3736000,0,320972000,0,None,4878000,None,55818000,None,8500000,1744289000,1752789000,None,None,None,499497000,2593752000,1137881000,None,37000000,USD,95287000,-47014000,61813000,-33474000,None,0,71813000,-73279000,30011000,-6393000,-72538000,-72648000,95000,0,0,0,0,-40702000,0,58842000,None,-6393000,20.44,22.8
16,2016-06-30,USD,87810000,-151854000,146860000,87810000,239664000,-62995000,0,0,-64044000,-791000,4893000,None,239664000,-151854000,0,None,None,None,0,0,0,-258000,0,0,-63786000,-62995000,None,USD,2704784000,0,None,1322000000,1888538000,792882000,0,797773000,3732000,290961000,578320000,0,330468000,1123102000,0,None,None,None,0,1450687000,1194192000,792882000,1977450000,327585000,11402000,0,512445000,816246000,498189000,3732000,0,290961000,0,None,7077000,None,52828000,None,11402000,1877136000,1888538000,None,None,None,498189000,2704784000,1123102000,None,37000000,USD,-233844000,36351000,-154490000,79354000,None,0,-154000000,61000000,-62995000,-151000000,3912000,28938000,101000,0,0,0,0,41081000,0,-40509000,None,-150578000,20.16,20.44
17,2016-03-31,USD,166276000,-136630000,129631000,166276000,302906000,28669000,0,0,29646000,773000,6897000,None,302906000,-136630000,0,None,None,None,0,0,0,204000,0,0,29442000,28669000,None,USD,2929828000,0,None,1421000000,2050853000,854820000,0,876248000,3723000,353956000,610420000,0,339268000,1353790000,3081000,None,None,None,0,1642542000,1211913000,854820000,2091888000,288752000,16142000,0,3081000,0,0,3723000,0,353956000,0,None,7189000,None,68184000,None,16142000,2031630000,2047772000,None,None,None,497141000,2929828000,1353790000,None,37000000,USD,15887000,29845000,92216000,76329000,None,0,92000000,-29000000,28669000,84000000,-8244000,26347000,102000,0,0,0,0,-34444000,0,-58763000,None,83972000,21.79,20.16
18,2015-12-31,USD,73518000,795381000,113097000,73748000,-721633000,-43105000,0,0,-44347000,-881000,4897000,None,-721633000,795381000,-31092000,None,None,None,0,0,0,-361000,-34817000,0,-43986000,-43105000,None,USD,2712522000,60031000,None,1440995000,1863749000,825391000,0,882906000,3703000,325287000,566064000,0,1129263000,1348751000,1553227000,None,None,None,1088000,1568456000,1077379000,825183000,1236589000,219705000,35388000,0,414779000,0,0,3703000,0,325287000,0,None,6864000,None,59823000,None,35388000,1828361000,1863749000,None,None,None,496401000,2712522000,1348751000,None,37000000,USD,244931000,51349000,54066000,-190865000,96576000,83000,83000,-62808000,-43105000,12811000,-41338000,-2925000,101000,0,-35384000,0,0,39630000,0,-86388000,None,12811000,18.71,21.79
19,2015-09-30,USD,89870000,-134949000,129567000,-89870000,45079000,-219677000,0,0,-224819000,-3909000,5281000,None,45079000,-134949000,0,None,None,None,0,0,0,-1287000,0,0,-223586000,-219677000,None,USD,2514379000,0,None,None,1622763000,867353000,0,800105000,3703000,368392000,537031000,0,1162768000,1145508000,0,None,None,None,0,1335939000,1118409000,867353000,1046157000,190431000,32292000,0,285627000,0,0,3703000,0,368392000,0,None,6008000,None,54023000,None,32292000,1590471000,1622763000,None,None,None,495258000,2514379000,1145508000,None,37000000,USD,-573455000,29642000,25639000,599094000,None,-13453000,None,None,-219677000,8396000,-3790000,23395000,101000,0,13453000,0,3850000,179468000,0,-16719000,None,8396000,22.28,18.71
