,fiscalDateEnding,reportedCurrency_x,totalRevenue,totalOperatingExpense,costOfRevenue,grossProfit,ebit,netIncome_x,researchAndDevelopment,effectOfAccountingCharges,incomeBeforeTax,minorityInterest,sellingGeneralAdministrative,otherNonOperatingIncome,operatingIncome,otherOperatingExpense,interestExpense,taxProvision,interestIncome,netInterestIncome,extraordinaryItems,nonRecurring,otherItems,incomeTaxExpense,totalOtherIncomeExpense,discontinuedOperations,netIncomeFromContinuingOperations,netIncomeApplicableToCommonShares,preferredStockAndOtherAdjustments,reportedCurrency_y,totalAssets,intangibleAssets,earningAssets,otherCurrentAssets,totalLiabilities,totalShareholderEquity,deferredLongTermLiabilities,otherCurrentLiabilities,commonStock,retainedEarnings,otherLiabilities,goodwill,otherAssets,cash,totalCurrentLiabilities,shortTermDebt,currentLongTermDebt,otherShareholderEquity,propertyPlantEquipment,totalCurrentAssets,longTermInvestments,netTangibleAssets,shortTermInvestments,netReceivables,longTermDebt,inventory,accountsPayable,totalPermanentEquity,additionalPaidInCapital,commonStockTotalEquity,preferredStockTotalEquity,retainedEarningsTotalEquity,treasuryStock,accumulatedAmortization,otherNonCurrrentAssets,deferredLongTermAssetCharges,totalNonCurrentAssets,capitalLeaseObligations,totalLongTermDebt,otherNonCurrentLiabilities,totalNonCurrentLiabilities,negativeGoodwill,warrants,preferredStockRedeemable,capitalSurplus,liabilitiesAndShareholderEquity,cashAndShortTermInvestments,accumulatedDepreciation,commonStockSharesOutstanding,reportedCurrency,investments,changeInLiabilities,cashflowFromInvestment,otherCashflowFromInvestment,netBorrowings,cashflowFromFinancing,otherCashflowFromFinancing,changeInOperatingActivities,netIncome_y,changeInCash,operatingCashflow,otherOperatingCashflow,depreciation,dividendPayout,stockSaleAndPurchase,changeInInventory,changeInAccountReceivables,changeInNetIncome,capitalExpenditures,changeInReceivables,changeInExchangeRate,changeInCashAndCashEquivalents,clossingVal,nextClossingVal
0,2020-06-30,USD,906000,12067000,None,None,-10956000,-11321000,8587000,None,-11321000,None,3480000,205000,-11161000,-906000,365000,None,-143000,-365000,None,None,None,None,205000,None,-11321000,-11321000,None,USD,40516000,None,None,2559000,32479000,8037000,None,14103000,30000,-355128000,1483000,None,2065000,22108000,21523000,13627000,13627000,None,2519000,24667000,None,7336000,None,None,13627000,None,4749000,None,None,30000,701000,-355128000,None,None,13330000,None,15849000,11526000,None,None,10956000,None,None,None,362434000,40516000,22108000,None,None,USD,-311000,0,-311000,6000,-33000,5826000,-33000,734000,-11321000,-4401000,-9916000,734000,280000,None,5859000,None,None,391000,317000,None,None,-4401000,2.3,
1,2020-03-31,USD,0,13375000,None,None,-12594000,-12853000,9987000,None,-12853000,None,3388000,781000,-13375000,None,259000,None,None,-259000,None,None,None,None,781000,None,-12853000,-12853000,None,USD,45192000,None,None,2562000,32179000,13013000,None,19542000,28000,-343807000,1705000,None,1865000,26509000,14665000,7700000,7700000,None,2474000,29071000,None,12312000,None,None,5815000,None,4937000,None,None,28000,701000,-343807000,None,None,13647000,None,16121000,12022000,5815000,None,17514000,None,None,None,356091000,45192000,26509000,None,28000000,USD,-217000,0,-217000,16000,-45000,395000,-45000,-1015000,-12853000,-13618000,-13796000,-1015000,276000,None,440000,None,None,-204000,233000,None,None,-13618000,1.72,2.3
2,2019-12-31,USD,0,9862000,6817000,-6817000,-5295000,-9356000,6817000,None,-5486000,None,3045000,4567000,-9862000,None,191000,None,None,-191000,None,None,None,None,697000,None,-5486000,-9356000,None,USD,52611000,97000,None,1457000,27569000,25042000,None,1117000,27000,-330954000,2486000,None,2104000,40127000,6281000,None,None,None,2617000,41584000,None,24341000,None,None,13407000,None,5164000,None,None,27000,701000,-330954000,None,None,8410000,None,11027000,6512000,13407000,7881000,21288000,None,None,None,355268000,52611000,40127000,None,27453651,USD,-117000,-297000,-117000,29000,-45000,2580000,130000,1323000,-9356000,-6523000,-8986000,624000,272000,None,2580000,None,None,-229000,146000,None,None,-6523000,2.07,1.72
3,2019-09-30,USD,0,9584000,6826000,-6826000,-7378000,-7532000,6826000,None,-7532000,None,2758000,2206000,-9584000,None,154000,None,None,-154000,None,None,None,None,2206000,None,-7532000,-7532000,None,USD,59287000,None,None,1271000,27914000,31373000,None,17861000,26000,-321598000,3183000,None,1955000,46649000,11070000,5256000,5256000,None,2896000,47920000,None,30672000,None,None,8041000,None,4797000,None,None,26000,701000,-321598000,None,None,8471000,None,11367000,6637000,8041000,None,16844000,None,None,None,352244000,59287000,46649000,None,27000000,USD,-335000,0,-335000,19000,-542000,-565000,None,-2263000,-7532000,-11706000,-10806000,-2263000,275000,None,-23000,None,None,-1286000,335000,None,None,-11706000,2.9,2.07
4,2019-06-30,USD,0,10066000,170000,-170000,-10066000,-6495000,6849000,None,-10365000,None,3217000,None,-10066000,None,299000,None,None,-299000,None,None,None,None,3870000,None,-10365000,-6495000,None,USD,70762000,None,None,1062000,32324000,38438000,None,17965000,26000,-314066000,5389000,None,1377000,58670000,10015000,2673000,2673000,None,2813000,59732000,None,37737000,None,None,11059000,None,6297000,None,None,26000,701000,-314066000,None,None,8217000,None,11030000,6906000,11059000,None,22309000,None,None,None,351777000,70762000,58670000,None,15000000,USD,-414000,0,-414000,19000,-536000,37689000,None,2111000,-6495000,29632000,-7643000,2111000,278000,None,38225000,None,None,-3537000,433000,None,None,29632000,3.92,2.9
5,2019-03-31,USD,0,9477000,6460000,-6460000,-15265000,-15567000,6460000,None,-15567000,None,3017000,-5788000,-9477000,None,302000,None,None,-302000,None,None,None,None,-5788000,None,-15567000,-15567000,None,USD,35824000,None,None,1537000,29589000,6235000,None,732000,112000,-307571000,9259000,None,1060000,29038000,12323000,6115000,6115000,None,2531000,30891000,None,5534000,None,None,8007000,None,4776000,None,None,112000,701000,-307571000,None,None,1060000,None,3591000,1432000,8007000,9259000,17266000,None,None,None,312993000,35824000,29038000,None,13000000,USD,-221000,0,-221000,None,-841000,13197000,None,-1382000,-15567000,2677000,-10299000,-1382000,272000,None,14038000,None,None,6378000,221000,None,None,2677000,0.59,3.92
6,2018-12-31,USD,0,8886000,6259000,-6259000,864000,350000,6259000,0,350000,0,2627000,9750000,-8886000,0,514000,None,None,None,0,0,0,0,9236000,0,350000,350000,None,USD,31115000,None,None,696000,23780000,7335000,110000,910000,87000,-292004000,3483000,None,1476000,26361000,10732000,5257000,5257000,None,2582000,27057000,None,6634000,None,None,9565000,None,5475000,None,None,87000,701000,-292004000,None,None,1476000,None,4058000,None,9565000,3483000,13048000,None,None,None,298551000,31115000,26361000,None,86771000,USD,None,-4007000,10000,38000,-841000,36000,52411000,2245000,350000,-8132000,-8178000,4149000,273000,None,36000,None,None,-8943000,28000,None,None,-8132000,0.2868,0.59
7,2018-09-30,USD,0,10460000,6359000,-6359000,-7567000,-7833000,6359000,0,-7833000,0,4101000,2893000,-10460000,0,266000,None,None,None,0,0,0,0,2627000,0,-7833000,-7833000,None,USD,39701000,0,None,1884000,33203000,6498000,0,1678000,87000,-292354000,13056000,0,487000,34494000,9083000,3574000,3574000,None,2836000,36378000,None,5796000,0,None,11064000,0,5509000,0,0,87000,702000,-292354000,0,None,487000,None,3323000,None,11064000,13056000,24120000,None,None,None,298063000,39701000,34494000,None,11000000,USD,None,0,-39000,0,-841000,36000,None,137000,-7833000,-9721000,-9682000,137000,272000,0,52538000,0,0,-2258000,39000,None,None,-9721000,0.7797,0.2868
8,2018-06-30,USD,0,9788000,5316000,-5316000,-4197000,-4438000,5316000,0,-4438000,0,4472000,5591000,-9788000,0,241000,None,None,None,0,0,0,0,5350000,0,-4438000,-4438000,None,USD,49040000,0,None,1269000,35175000,13865000,0,146000,87000,-284500000,15976000,0,487000,44215000,6655000,1924000,1924000,None,3069000,45484000,None,13163000,0,None,12544000,0,4731000,0,0,87000,702000,-284500000,0,None,487000,None,3556000,None,12544000,15976000,28520000,None,None,None,297597000,49040000,44215000,None,83057643,USD,None,0,-158000,16000,592000,3436000,-107000,-1707000,-4438000,-6964000,-10242000,-1352000,273000,0,2951000,0,0,-4725000,174000,None,None,-6964000,0.8557,0.7797
9,2018-03-31,USD,0,10384000,7275000,-7275000,-15890000,-15890000,7275000,0,-15890000,0,3109000,-5506000,-10384000,0,-300000,None,None,None,0,0,0,0,-5506000,0,-15890000,-15890000,None,USD,56464000,0,None,1378000,41896000,14568000,0,652000,83000,-280083000,21501000,0,735000,51179000,6521000,13874000,13874000,None,3172000,52557000,None,13866000,0,None,13874000,0,6521000,0,0,83000,702000,-280083000,0,None,735000,None,3907000,None,13874000,21501000,35375000,None,None,None,293866000,56464000,51179000,None,83057643,USD,None,0,56000,56000,-535000,51983000,-20000,-3515000,-15890000,38906000,-13133000,-1400000,270000,0,52538000,0,0,3887000,174000,None,None,38906000,1.05,0.8557
10,2017-12-31,USD,0,10385000,10076000,-39204000,-9027000,-10732000,7880000,0,-10732000,0,2478000,1358000,-10385000,0,1705000,None,None,None,0,27000,0,0,-4073000,0,-10732000,-10732000,None,USD,17488000,0,None,808000,23538000,-6050000,571000,5604000,29000,-264193000,107000,0,947000,12273000,15779000,6659000,6659000,None,3460000,13081000,None,-6050000,0,None,7652000,0,9120000,0,0,29000,0,-264193000,0,None,947000,None,4407000,None,7652000,107000,7759000,None,None,None,258114000,17488000,12273000,None,28735000,USD,1000,1855000,221000,150000,4708000,-1757000,-197000,1362000,-10732000,-9710000,-8174000,-669000,282000,0,-609000,0,0,1090000,70000,None,None,-9710000,1.16,1.05
11,2017-09-30,USD,0,16496000,13549000,0,-16868000,-16868000,10155000,0,-16868000,0,3750000,-372000,-16496000,0,435000,None,None,None,0,2591000,0,0,0,0,-16868000,-16868000,None,USD,28044000,0,None,1309000,24358000,3686000,0,6321000,29000,-253500000,126000,0,752000,21983000,14988000,6538000,6538000,None,4000000,23292000,None,3686000,0,None,9244000,0,8450000,0,0,29000,0,-253500000,0,None,752000,None,4752000,None,9244000,126000,9370000,None,None,None,257118000,28044000,21983000,None,4000000,USD,1000,0,-513000,0,-1559000,-1304000,-197000,2866000,-16868000,-13242000,-11425000,2866000,356000,0,255000,0,0,2221000,513000,None,None,-13242000,1.46,1.16
12,2017-06-30,USD,0,14998000,14569000,0,-15375000,-15375000,11427000,0,-15375000,0,3571000,-377000,-14998000,0,448000,None,None,None,0,-15546000,0,0,0,0,-15375000,-15375000,None,USD,42612000,0,None,1726000,23405000,19207000,0,3584000,29000,-236593000,144000,0,752000,35225000,12466000,6419000,17214000,None,4909000,36951000,None,19207000,0,None,10795000,0,6047000,0,0,29000,0,-236593000,0,None,752000,None,5661000,None,10795000,144000,10939000,None,None,None,255771000,42612000,35225000,None,28624126,USD,14539000,0,14086000,0,-1559000,342000,-197000,322000,-15375000,1087000,-13341000,322000,429000,0,342000,0,0,1283000,453000,None,None,1087000,5.22,1.46
13,2017-03-31,USD,0,13376000,12927000,0,-13735000,-13735000,9742000,0,-13735000,0,3634000,-359000,-13376000,0,436000,None,None,None,0,2591000,0,0,0,0,-13735000,-13735000,None,USD,55645000,0,None,1443000,22561000,33084000,0,2440000,29000,-221200000,163000,0,745000,34138000,10086000,4771000,4771000,-3000,4782000,50118000,None,33084000,14537000,None,12312000,0,5315000,0,0,29000,0,-221200000,0,None,316000,None,5098000,None,12312000,163000,12475000,None,None,None,254276000,55645000,48675000,None,28502470,USD,21397000,1855000,21115000,0,-1559000,258000,-197000,-2521000,-13735000,6714000,-14659000,-2521000,449000,0,258000,0,0,1148000,282000,None,None,6714000,6.09,5.22
14,2016-12-31,USD,235000,15682000,15178000,-34410000,-14296000,-16034000,11824000,0,-16034000,0,3858000,1386000,-15682000,0,1738000,None,None,None,0,2618000,0,0,264000,0,-16034000,-16034000,None,USD,69896000,0,None,926000,24355000,45541000,339000,4178000,28000,-207483000,176000,0,737000,27424000,10370000,3149000,3149000,None,4871000,64288000,0,45541000,35938000,None,13809000,0,7221000,0,0,28000,0,-207483000,0,None,737000,None,5608000,None,13809000,176000,13985000,None,None,None,252996000,69896000,63362000,None,28445000,USD,13113000,1309000,12543000,0,-3149000,196000,-197000,342000,-16034000,1007000,-11732000,1330000,504000,0,-278000,0,0,1159000,570000,None,None,1007000,4.12,6.09
15,2016-09-30,USD,0,12430000,11949000,0,-12765000,-12765000,8811000,0,-12765000,0,3619000,-335000,-12430000,0,438000,None,None,None,0,0,0,0,0,0,-12765000,-12765000,None,USD,82869000,0,None,950000,22520000,60349000,0,3641000,28000,-191400000,158000,0,1424000,26417000,7088000,1559000,1559000,8000,5034000,76411000,None,60349000,49044000,None,15274000,0,5529000,0,0,28000,0,-191400000,0,None,316000,None,5350000,None,15274000,158000,15432000,None,None,None,251762000,82869000,75461000,None,28380663,USD,18665000,1309000,18262000,0,None,136000,None,796000,-12765000,8152000,-10246000,796000,481000,0,136000,0,0,1242000,403000,None,None,8152000,5.12,4.12
16,2016-06-30,USD,235000,10704000,10237000,0,-11023000,-11023000,6678000,0,-11023000,0,4026000,-319000,-10704000,0,430000,None,None,None,0,0,0,0,0,0,-11023000,-11023000,None,USD,92864000,0,None,1342000,20998000,71866000,0,3046000,28000,-178684000,127000,0,671000,18265000,4161000,1559000,1559000,17000,4877000,87316000,None,71866000,67709000,None,16710000,0,4161000,0,0,28000,0,-178684000,0,None,316000,None,5193000,None,16710000,127000,16837000,None,None,None,250505000,92864000,85974000,None,28334912,USD,-9749000,1309000,-10737000,0,None,950000,None,-171000,-11023000,-19465000,-9678000,-171000,467000,0,950000,0,0,1049000,988000,None,None,-19465000,4.1,5.12
17,2016-03-31,USD,235000,9664000,9303000,235000,-9751000,-9751000,7332000,0,-9751000,0,3924000,-322000,-9429000,-1592000,431000,None,None,None,0,0,0,0,0,0,-9751000,-9751000,None,USD,102655000,0,None,1561000,21665000,80990000,0,2911000,28000,-167661000,11000,0,371000,38046000,5062000,None,None,None,4751000,97533000,None,80990000,57926000,None,16592000,0,5062000,0,0,28000,0,-167661000,0,None,371000,None,5122000,None,16592000,11000,16603000,None,None,None,248623000,102655000,95972000,None,28155302,USD,31220000,None,30643000,0,None,7000,None,None,-9751000,20471000,-10179000,-1967000,361000,0,7000,0,0,1178000,577000,None,None,20471000,7.74,4.1
18,2015-12-31,USD,221000,10294000,9904000,221000,-10073000,-10314000,6513000,0,-10314000,0,3781000,None,-10073000,0,241000,None,None,None,0,2618000,0,0,-836000,0,-10314000,-10314000,None,USD,112142000,338000,None,865000,22481000,89661000,304000,235000,28000,-157910000,37000,0,12866000,17259000,5967000,16477000,16477000,-7000,4083000,95193000,12104000,89661000,77069000,None,16477000,0,5732000,0,0,28000,0,-157910000,0,None,762000,None,16949000,None,16477000,37000,16514000,None,None,None,247550000,112142000,94328000,None,28151596,USD,-19455000,-1473000,-20390000,0,4722000,4808000,-197000,956000,-10314000,-25568000,-9986000,-153000,365000,0,-95476000,0,0,1124000,935000,None,None,-25568000,5.27,7.74
19,2015-09-30,USD,213000,9703000,9433000,213000,-9490000,-9771000,6058000,0,-9771000,0,3645000,None,-9490000,0,281000,None,None,None,0,0,0,0,7000,0,-9771000,-9771000,None,USD,117880000,0,None,883000,18995000,98885000,0,591000,28000,-147596000,87000,0,15712000,42827000,8350000,1100000,None,17000,3674000,98494000,14934000,98885000,54784000,None,10558000,0,6659000,0,0,28000,0,-147596000,0,None,778000,None,19386000,None,10558000,87000,10645000,None,None,None,246436000,117880000,97611000,None,28114158,USD,-44698000,None,-45554000,0,-1000,47099000,None,None,-9771000,-6753000,-8298000,226000,275000,0,47100000,0,0,972000,856000,None,None,-6753000,6.85,5.27
