,fiscalDateEnding,reportedCurrency_x,totalRevenue,totalOperatingExpense,costOfRevenue,grossProfit,ebit,netIncome_x,researchAndDevelopment,effectOfAccountingCharges,incomeBeforeTax,minorityInterest,sellingGeneralAdministrative,otherNonOperatingIncome,operatingIncome,otherOperatingExpense,interestExpense,taxProvision,interestIncome,netInterestIncome,extraordinaryItems,nonRecurring,otherItems,incomeTaxExpense,totalOtherIncomeExpense,discontinuedOperations,netIncomeFromContinuingOperations,netIncomeApplicableToCommonShares,preferredStockAndOtherAdjustments,reportedCurrency_y,totalAssets,intangibleAssets,earningAssets,otherCurrentAssets,totalLiabilities,totalShareholderEquity,deferredLongTermLiabilities,otherCurrentLiabilities,commonStock,retainedEarnings,otherLiabilities,goodwill,otherAssets,cash,totalCurrentLiabilities,shortTermDebt,currentLongTermDebt,otherShareholderEquity,propertyPlantEquipment,totalCurrentAssets,longTermInvestments,netTangibleAssets,shortTermInvestments,netReceivables,longTermDebt,inventory,accountsPayable,totalPermanentEquity,additionalPaidInCapital,commonStockTotalEquity,preferredStockTotalEquity,retainedEarningsTotalEquity,treasuryStock,accumulatedAmortization,otherNonCurrrentAssets,deferredLongTermAssetCharges,totalNonCurrentAssets,capitalLeaseObligations,totalLongTermDebt,otherNonCurrentLiabilities,totalNonCurrentLiabilities,negativeGoodwill,warrants,preferredStockRedeemable,capitalSurplus,liabilitiesAndShareholderEquity,cashAndShortTermInvestments,accumulatedDepreciation,commonStockSharesOutstanding,reportedCurrency,investments,changeInLiabilities,cashflowFromInvestment,otherCashflowFromInvestment,netBorrowings,cashflowFromFinancing,otherCashflowFromFinancing,changeInOperatingActivities,netIncome_y,changeInCash,operatingCashflow,otherOperatingCashflow,depreciation,dividendPayout,stockSaleAndPurchase,changeInInventory,changeInAccountReceivables,changeInNetIncome,capitalExpenditures,changeInReceivables,changeInExchangeRate,changeInCashAndCashEquivalents,clossingVal,nextClossingVal
0,2020-06-30,USD,33525000,25853000,6295000,33525000,7681000,993000,None,None,965000,-28000,1147000,9000,7672000,22985000,6716000,None,None,-6716000,None,1721000,None,-28000,-1712000,None,993000,-1899000,2688000,USD,1086051000,117106000,None,None,723278000,205742000,36655000,149000,35000,-388900000,37086000,None,42072000,14551000,51926000,42410000,42410000,-5135000,887099000,50401000,None,242775000,None,35850000,624473000,None,9516000,None,None,35000,None,-388900000,None,None,31445000,None,1035650000,5768000,624473000,46879000,671352000,None,154140000,None,599741000,1086051000,14551000,None,33960707,USD,-434000,-1022000,-1959000,316000,256000,-13114000,-239000,-2000,967000,20000,15093000,-217000,14102000,-15824000,2454000,None,None,1263000,1841000,None,None,20000,18.75,
1,2020-03-31,USD,33619000,24092000,6213000,33619000,9510000,2267000,None,None,2258000,-9000,1278000,-17000,9527000,22764000,7252000,None,-7252000,-7252000,None,None,None,9000,-17000,None,2249000,-619000,2678000,USD,1098825000,122036000,None,None,723168000,220354000,37991000,None,34000,-374259000,36792000,None,43626000,14531000,31730000,20846000,20846000,-4653000,907097000,50130000,None,250511000,None,35599000,645348000,None,10884000,None,None,34000,None,-374259000,None,None,19562000,None,1048695000,5808000,645348000,46138000,691486000,None,152193000,None,599232000,1098825000,14531000,None,33930020,USD,-1745000,3541000,-68745000,6494000,39223000,51458000,-882000,2549000,2258000,3043000,20330000,710000,14023000,-15738000,27973000,None,None,-202000,73494000,None,None,3043000,14.36,18.75
2,2019-12-31,USD,29386000,22462000,3262000,29386000,7345000,572000,None,None,472000,-100000,1692000,421000,6924000,18860000,6873000,None,-6873000,-6873000,None,1813000,None,-74000,-1392000,None,546000,-5305000,2986000,USD,1039508000,115465000,None,15855000,676318000,208134000,34551000,21000,32000,-360978000,34206000,None,43214000,11488000,60056000,51579000,51579000,-2125000,849455000,48665000,None,244822000,None,37177000,575015000,3990000,8477000,None,None,32000,None,-360978000,None,None,25923000,None,990843000,5847000,575015000,41247000,616262000,None,152153000,None,571205000,1039508000,11488000,None,32593651,USD,-5677000,3649000,-68398000,4629000,35277000,53805000,-56600000,-392000,473000,2535000,17128000,-2371000,13441000,-15377000,90485000,None,-29000,1936000,67350000,None,None,2535000,21.86,14.36
3,2019-09-30,USD,28667000,19445000,3202000,28667000,9361000,2207000,None,None,2191000,-16000,1007000,139000,9222000,18481000,7170000,None,-7170000,-7170000,None,None,None,16000,139000,None,2175000,-631000,2612000,USD,978012000,110197000,None,8789000,634161000,253771000,32734000,None,31000,-343736000,30455000,None,36067000,8953000,40273000,34915000,34915000,-2482000,805958000,46297000,None,229170000,None,37344000,555908000,None,5358000,None,None,31000,2000,-343736000,None,None,15560000,None,931715000,5886000,555908000,37950000,593858000,None,85598000,None,599956000,978012000,8953000,None,31220465,USD,-21698000,-936000,-21698000,326000,14942000,6183000,-1485000,1000000,2207000,-1399000,14116000,20000,12979000,-14759000,0,None,-578000,-655000,21749000,None,None,-1399000,23.5,21.86
4,2019-06-30,USD,28197000,19058000,3060000,25137000,21832000,2221000,None,None,2205000,-16000,3376000,71000,9139000,17886000,7005000,None,-7005000,-7005000,None,None,None,16000,71000,None,2205000,-616000,2612000,USD,969787000,111074000,None,8475000,705702000,259420000,19312000,None,31000,-331461000,29474000,None,45522000,7590000,57349000,50585000,50585000,-1858000,794834000,16065000,None,233942000,None,37047000,526185000,None,4129000,None,None,31000,2000,-331461000,None,None,4870000,None,953722000,5924000,526185000,8396000,648353000,None,85598000,None,592706000,969787000,10352000,None,30878146,USD,-41627000,1891000,-41627000,875000,24035000,28612000,-1316000,889000,2221000,3335000,16350000,-62000,12622000,-14559000,0,None,-289000,-289000,41640000,None,None,3335000,21.22,23.5
5,2019-03-31,USD,28137000,19266000,4135000,28137000,11904000,4628000,None,None,4673000,45000,1057000,3033000,8871000,18278000,7231000,None,-7231000,-7231000,None,None,None,-45000,3033000,None,4718000,1792000,2612000,USD,935020000,108047000,None,8204000,591131000,253629000,17771000,None,30000,-319402000,26991000,None,43355000,7017000,37538000,32335000,32335000,-869000,767871000,42168000,None,231178000,None,35151000,520065000,None,5203000,None,None,30000,2000,-319402000,None,None,16934000,None,892852000,5948000,520065000,15757000,553593000,None,85598000,None,573868000,935020000,7017000,None,29957594,USD,-56000,-848000,-314000,6886000,-14272000,-14351000,-599000,-1539000,4673000,-2065000,12600000,-881000,13189000,-14192000,14113000,None,-581000,-3533000,7144000,None,None,-2065000,20.77,21.22
6,2018-12-31,USD,27261000,18771000,4467000,27261000,9414000,2513000,0,0,2517000,4000,1020000,924000,8490000,17751000,6897000,None,None,None,0,0,0,4000,-5973000,0,2513000,-331000,2613000,USD,938775000,111448000,None,12652000,598758000,249744000,17305000,None,29000,-310117000,27076000,None,35427000,9082000,55311000,50084000,None,-147000,768392000,43853000,None,223892000,None,34771000,515975000,4151000,5227000,None,None,29000,2000,-310117000,None,None,15082000,None,894922000,None,515975000,10167000,543447000,None,85598000,None,559977000,938775000,9082000,None,29254899,USD,-1076000,1584000,-19623000,2840000,16806000,8822000,-213000,702000,2517000,4007000,14808000,-615000,12881000,-13950000,5966000,None,-640000,-1559000,21387000,None,None,4007000,17.92,20.77
7,2018-09-30,USD,26591000,17422000,3880000,26591000,9208000,2677000,0,0,2677000,4675000,950000,39000,9169000,16472000,6531000,None,None,None,0,0,0,0,-6492000,0,2677000,-170000,2612000,USD,904175000,109343000,None,9975000,571453000,247124000,15350000,297000,29000,-298866000,23886000,0,33248000,5075000,35520000,30334000,None,1064000,742653000,39688000,None,223377000,8539000,34613000,511750000,0,5186000,0,0,29000,2000,-298866000,0,None,12491000,None,864487000,None,511750000,8833000,535933000,None,85598000,None,544895000,904175000,5075000,None,28926468,USD,-630000,189000,-9258000,156000,-737000,-7753000,-198000,68000,2677000,-2215000,14796000,608000,11895000,-13635000,6619000,0,-573000,-573000,8784000,None,None,-2215000,19.15,17.92
8,2018-06-30,USD,26593000,17542000,4076000,26593000,9056000,2525000,0,0,2525000,4675000,960000,5000,9051000,16582000,6531000,None,None,None,0,0,0,0,-6526000,0,2525000,-317000,2609000,USD,912008000,111978000,None,13694000,575194000,251216000,15278000,297000,29000,-287910000,24478000,0,35078000,7290000,40766000,32808000,542461000,819000,742000000,41570000,None,224834000,12258000,34280000,509653000,0,7958000,0,0,29000,2000,-287910000,0,None,16460000,None,870438000,None,509653000,9497000,534428000,None,85598000,None,538276000,912008000,7290000,None,28578654,USD,-52000,-1399000,-1460000,-164000,-2247000,-11645000,-109000,-179000,2525000,264000,13369000,983000,11891000,-13506000,4108000,0,-631000,-631000,1244000,None,None,264000,19.22,19.15
9,2018-03-31,USD,26353000,17402000,4087000,26353000,10818000,4605000,0,0,4605000,4675000,1033000,1867000,8951000,16369000,6213000,None,None,None,0,0,0,0,-4346000,0,4605000,1791000,2582000,USD,923106000,116301000,None,13843000,579707000,259033000,15778000,297000,28000,-276927000,26278000,0,37205000,7026000,40869000,32065000,544328000,531000,748785000,40877000,None,227096000,12411000,33851000,512263000,0,8804000,0,0,28000,2000,-276927000,0,None,17143000,None,882229000,None,512263000,10797000,538838000,None,84366000,None,535399000,923106000,7026000,None,28423908,USD,-439000,742000,-4099000,11606000,1350000,-10581000,-264000,-790000,4605000,-2054000,12626000,-1823000,11650000,-13474000,1543000,0,-704000,-2548000,15266000,None,None,-2054000,17.34,19.22
10,2017-12-31,USD,25252000,102051000,19540000,82152000,-45289000,3554000,0,0,3554000,0,869000,None,4843000,-17623000,6347000,None,None,None,0,-32196000,0,0,-21244000,0,-37362000,-30005000,None,USD,928454000,118927000,None,20812000,578224000,266798000,16250000,2289000,28000,-268058000,25969000,0,876672000,9080000,30343000,20715000,542627000,36000,744436000,42413000,None,231301000,11766000,33333000,521912000,9046000,9628000,0,0,28000,2000,-268058000,0,None,22678000,None,886041000,None,521912000,9719000,547881000,None,83432000,None,534790000,928454000,9080000,None,28384016,USD,2036000,-524000,-99865000,3980000,22828000,54415000,-4241000,-1345000,5937000,1392000,46842000,None,42069000,-50408000,86260000,0,-3077000,2069000,0,None,None,None,21.06,17.34
11,2017-09-30,USD,24365000,15867000,14924000,24365000,8502000,2383000,0,0,2383000,0,943000,4000,8498000,14924000,6119000,None,None,None,0,57508000,0,0,1734000,0,2383000,-384000,2520000,USD,904851000,115210000,None,15845000,555841000,267032000,15554000,2250000,28000,-253314000,26493000,0,853689000,7820000,54404000,43933000,518877000,173000,734385000,38850000,None,233798000,15845000,31030000,474944000,0,10471000,0,0,28000,2000,-253314000,0,None,16406000,None,866001000,None,474944000,10939000,501437000,None,81978000,None,520143000,904851000,7820000,None,27694624,USD,-3741000,871000,-78226000,5676000,33904000,64122000,-1895000,304000,2383000,-727000,13377000,38000,10981000,-12971000,43189000,0,0,-896000,80161000,None,None,-727000,22.27,21.06
12,2017-06-30,USD,22867000,14357000,13441000,22867000,6605000,661000,0,0,661000,0,915000,-1905000,8510000,13189000,5944000,None,None,None,0,253000,0,0,-7600000,0,661000,-2025000,2437000,USD,831573000,101035000,None,11590000,515157000,238804000,14581000,2104000,26000,-242726000,24491000,0,790776000,7791000,43363000,37478000,484781000,180000,679726000,36192000,None,215379000,7382000,28401000,447303000,0,5885000,0,0,26000,2000,-242726000,0,None,14620000,None,795381000,None,447303000,9910000,471794000,None,77612000,None,481322000,831573000,7791000,None,25754876,USD,-1974000,-173000,4837000,13161000,-22877000,-14873000,-1008000,-1418000,664000,909000,10945000,-1198000,10060000,-12176000,20180000,0,0,1592000,6350000,None,None,909000,21.79,22.27
13,2017-03-31,USD,22314000,17708000,16794000,22314000,10514000,4356000,0,0,4356000,0,911000,5908000,4606000,13051000,6158000,None,None,None,0,3746000,0,0,-250000,0,4356000,1735000,2373000,USD,832977000,102075000,None,9756000,525408000,234604000,12316000,2103000,25000,-231214000,23576000,0,791324000,7221000,69361000,63797000,63797000,1000,683851000,37372000,None,205492000,7397000,30151000,432471000,0,5564000,0,0,25000,2000,-231214000,0,None,9679000,None,795605000,None,432471000,11260000,456047000,None,72965000,None,465790000,832977000,7221000,None,25003842,USD,2525000,-207000,10037000,12476000,-13658000,-21065000,-78000,-886000,4356000,-553000,10475000,-886000,10167000,-11983000,4576000,0,0,-2955000,4964000,None,None,-553000,20.67,21.79
14,2016-12-31,USD,22009000,53579000,12840000,76553000,63848000,2293000,0,0,2293000,0,894000,None,8275000,74084000,6254000,None,None,None,0,1520000,0,0,-22346000,0,8456000,-4519000,None,USD,851742000,105553000,None,19398000,541122000,239877000,12647000,2075000,25000,-223587000,23761000,0,807523000,7688000,47191000,39225000,509395000,1000,690088000,37413000,None,205065000,9836000,29725000,470170000,9562000,7966000,0,0,25000,2000,-223587000,0,None,18688000,None,814329000,None,470170000,11114000,493931000,None,70743000,None,463436000,851742000,7688000,None,24882758,USD,7803000,932000,-59849000,2765000,-15794000,17019000,-4377000,143000,2293000,-1669000,41161000,None,37002000,-42494000,118362000,0,-3423000,617000,0,None,None,None,20.1,20.67
15,2016-09-30,USD,21589000,15172000,14290000,21589000,6396000,-73000,0,0,-73000,0,732000,-21000,6417000,12505000,6469000,None,None,None,0,1935000,0,0,442000,0,-73000,-2329000,2002000,USD,838643000,102765000,None,None,545515000,225915000,11275000,1991000,24000,-214248000,23307000,0,789434000,12749000,52794000,46772000,46772000,1000,671865000,42037000,None,190361000,11174000,29288000,469414000,0,6022000,0,0,24000,2000,-214248000,0,None,21976000,None,796606000,None,469414000,12032000,492721000,None,67213000,None,440136000,838643000,12749000,None,23601153,USD,-2500000,1389000,-23943000,3596000,-10900000,16714000,-13500000,-50000,-73000,4754000,11983000,-50000,9728000,-11096000,52210000,0,0,989000,25039000,None,None,4754000,18.63,20.1
16,2016-06-30,USD,21247000,13433000,12338000,21247000,8148000,883000,0,0,883000,0,979000,334000,7814000,12150000,7265000,None,None,None,0,304000,0,0,486000,0,883000,-631000,1263000,USD,818285000,101683000,None,None,566198000,226555000,8964000,1884000,23000,-203079000,20489000,0,775559000,7895000,65794000,60229000,60229000,1000,667405000,36804000,None,150402000,9824000,28909000,466491000,0,5565000,0,0,23000,2000,-203079000,0,None,12393000,None,781481000,None,466491000,24949000,500404000,None,25532000,None,429608000,818285000,7895000,None,22983604,USD,-555000,-597000,-17126000,1398000,8415000,7059000,-25000000,-208000,885000,-1017000,9050000,-208000,9655000,-10030000,33674000,0,0,-685000,17969000,None,None,-1017000,16.89,18.63
17,2016-03-31,USD,21527000,13257000,12265000,21527000,8270000,853000,0,0,2225000,0,983000,None,8270000,12222000,6045000,None,None,None,0,52000,0,0,-7417000,0,2225000,-426000,1027000,USD,811461000,101571000,None,None,583903000,227558000,9163000,1898000,23000,-193934000,21232000,0,768139000,9300000,48932000,42465000,None,1000,659839000,37455000,None,125985000,10157000,28155000,475547000,0,6467000,0,0,23000,2000,-193934000,0,None,12596000,None,774006000,None,475547000,50261000,534971000,None,None,None,421466000,811461000,9300000,None,22550111,USD,7567000,-387000,5822000,-60000,-7580000,-14746000,None,None,853000,-142000,8782000,-82000,9442000,-9736000,2570000,0,0,-1044000,1685000,None,None,-142000,16.38,16.89
18,2015-12-31,USD,21783000,50343000,12153000,74996000,33423000,2566000,0,0,2566000,0,817000,None,8813000,35288000,7788000,None,None,None,0,622000,0,0,-21960000,0,3596000,1542000,None,USD,833322000,104914000,None,12816000,599451000,233871000,9657000,1858000,22000,-185051000,21635000,0,783088000,9357000,53546000,45300000,563432000,1000,668134000,42700000,None,128955000,11739000,33343000,485770000,1077000,8246000,0,0,22000,2000,-185051000,0,None,11436000,None,6138000,None,485770000,50478000,545905000,None,None,None,418897000,833322000,9357000,None,22485607,USD,2704000,-452000,-74482000,5322000,28785000,39548000,-2906000,-1228000,2566000,-3447000,31487000,None,34925000,-36871000,50165000,0,-4464000,-2845000,0,None,None,None,14.59,16.38
19,2015-09-30,USD,21375000,13643000,12734000,21375000,7732000,-96000,0,0,1276000,0,772000,None,7732000,12111000,6456000,None,None,None,0,760000,0,0,-205000,0,1276000,-1382000,1023000,USD,838483000,105963000,None,None,608056000,230427000,9014000,1820000,22000,-177999000,21504000,0,788058000,8491000,65140000,55500000,None,1000,656581000,39489000,None,124462000,15697000,30998000,482912000,0,9640000,0,0,22000,2000,-177999000,0,None,30439000,None,6011000,None,482912000,50990000,542916000,None,None,None,408401000,838483000,8491000,None,21743779,USD,1342000,430000,-13322000,233000,5705000,5353000,None,None,-95000,433000,8402000,-940000,9285000,-9334000,8982000,0,0,-278000,14897000,None,None,433000,14.11,14.59
