,fiscalDateEnding,reportedCurrency_x,totalRevenue,totalOperatingExpense,costOfRevenue,grossProfit,ebit,netIncome_x,researchAndDevelopment,effectOfAccountingCharges,incomeBeforeTax,minorityInterest,sellingGeneralAdministrative,otherNonOperatingIncome,operatingIncome,otherOperatingExpense,interestExpense,taxProvision,interestIncome,netInterestIncome,extraordinaryItems,nonRecurring,otherItems,incomeTaxExpense,totalOtherIncomeExpense,discontinuedOperations,netIncomeFromContinuingOperations,netIncomeApplicableToCommonShares,preferredStockAndOtherAdjustments,reportedCurrency_y,totalAssets,intangibleAssets,earningAssets,otherCurrentAssets,totalLiabilities,totalShareholderEquity,deferredLongTermLiabilities,otherCurrentLiabilities,commonStock,retainedEarnings,otherLiabilities,goodwill,otherAssets,cash,totalCurrentLiabilities,shortTermDebt,currentLongTermDebt,otherShareholderEquity,propertyPlantEquipment,totalCurrentAssets,longTermInvestments,netTangibleAssets,shortTermInvestments,netReceivables,longTermDebt,inventory,accountsPayable,totalPermanentEquity,additionalPaidInCapital,commonStockTotalEquity,preferredStockTotalEquity,retainedEarningsTotalEquity,treasuryStock,accumulatedAmortization,otherNonCurrrentAssets,deferredLongTermAssetCharges,totalNonCurrentAssets,capitalLeaseObligations,totalLongTermDebt,otherNonCurrentLiabilities,totalNonCurrentLiabilities,negativeGoodwill,warrants,preferredStockRedeemable,capitalSurplus,liabilitiesAndShareholderEquity,cashAndShortTermInvestments,accumulatedDepreciation,commonStockSharesOutstanding,reportedCurrency,investments,changeInLiabilities,cashflowFromInvestment,otherCashflowFromInvestment,netBorrowings,cashflowFromFinancing,otherCashflowFromFinancing,changeInOperatingActivities,netIncome_y,changeInCash,operatingCashflow,otherOperatingCashflow,depreciation,dividendPayout,stockSaleAndPurchase,changeInInventory,changeInAccountReceivables,changeInNetIncome,capitalExpenditures,changeInReceivables,changeInExchangeRate,changeInCashAndCashEquivalents,clossingVal,nextClossingVal
0,2020-06-30,USD,38297000000,13361000000,18553000000,19744000000,8277000000,6959000000,6875000000,None,8277000000,None,6486000000,1894000000,6383000000,None,13000000,1318000000,433000000,420000000,None,None,None,1318000000,1474000000,None,6959000000,6959000000,None,USD,278492000000,1697000000,None,5579000000,71170000000,207322000000,1797000000,2061000000,55937000000,151681000000,12785000000,20824000000,3626000000,17742000000,43658000000,None,None,-296000000,90315000000,149069000000,12961000000,184801000000,103338000000,21595000000,2963000000,815000000,41597000000,None,None,55937000000,None,151681000000,None,None,93046000000,None,895000000,13180000000,4018000000,21697000000,27512000000,None,None,None,None,278492000000,121080000000,None,681215000,USD,-3011000000,2361000000,-8448000000,-46000000,-35000000,-7498000000,-1475000000,1367000000,6959000000,-1953000000,13993000000,1590000000,3386000000,None,-5988000000,None,-80000000,3163000000,5391000000,-80000000,None,-1953000000,1413.61,
1,2020-03-31,USD,41159000000,14200000000,18982000000,22177000000,7757000000,6836000000,6820000000,None,7757000000,None,7380000000,-220000000,7977000000,None,21000000,921000000,586000000,565000000,None,None,None,921000000,-785000000,None,6836000000,6836000000,None,USD,273403000000,1840000000,None,5165000000,69744000000,203659000000,2079000000,1938000000,53688000000,151068000000,14063000000,20734000000,3478000000,19644000000,40189000000,None,None,-1097000000,87966000000,147018000000,12367000000,181085000000,97585000000,23735000000,3960000000,889000000,38251000000,None,None,53688000000,None,151068000000,None,None,90714000000,None,730000000,12844000000,5016000000,22460000000,29555000000,None,None,None,53687316030,273403000000,117229000000,None,683972000,USD,3936000000,-4611000000,-1847000000,222000000,-49000000,-8186000000,-1241000000,-4517000000,6836000000,1418000000,11451000000,2961000000,3108000000,None,-6896000000,None,2602000000,3663000000,6005000000,2602000000,None,1418000000,1162.81,1413.61
2,2019-12-31,USD,46075000000,15789000000,21020000000,25055000000,10704000000,10671000000,7222000000,None,10704000000,None,8567000000,1438000000,9266000000,None,17000000,33000000,621000000,604000000,None,None,None,33000000,834000000,None,10671000000,10671000000,None,USD,275909000000,1979000000,None,4412000000,74467000000,201442000000,1701000000,1908000000,50552000000,152122000000,14478000000,20624000000,3063000000,18498000000,45221000000,None,None,-1232000000,84587000000,152578000000,13078000000,178839000000,101177000000,27492000000,3958000000,999000000,43313000000,None,None,50552000000,None,152122000000,None,None,86929000000,None,721000000,12009000000,4554000000,22991000000,29246000000,None,None,None,50551311670,275909000000,119675000000,None,688335000,USD,3370000000,1719000000,-4703000000,-2021000000,-47000000,-7326000000,-1199000000,5481000000,10671000000,2398000000,14427000000,4438000000,3413000000,None,-6080000000,None,-4365000000,1964000000,6052000000,-4365000000,None,2398000000,1337.02,1162.81
3,2019-09-30,USD,40499000000,13754000000,17568000000,22931000000,8628000000,7068000000,6554000000,None,8628000000,None,7200000000,-549000000,9177000000,None,23000000,1560000000,631000000,608000000,None,None,None,1560000000,-1157000000,None,7068000000,7068000000,None,USD,263044000000,1747000000,None,4699000000,68075000000,194969000000,1747000000,1679000000,49040000000,147125000000,15103000000,18069000000,2789000000,16032000000,39224000000,None,None,-1196000000,69252000000,148358000000,12488000000,175153000000,105145000000,21081000000,3956000000,1401000000,37545000000,None,None,49040000000,None,147125000000,None,None,12566000000,None,564000000,9792000000,4082000000,23022000000,28851000000,None,None,None,49039309090,263044000000,121177000000,None,690906000,USD,-2466000000,2095000000,-8945000000,253000000,-145000000,-6954000000,-1131000000,1503000000,7068000000,-433000000,15466000000,3990000000,2920000000,None,-5678000000,None,-1000000,2314000000,6732000000,-1000000,None,-433000000,1219.0,1337.02
4,2019-06-30,USD,38944000000,12468000000,17296000000,21648000000,12147000000,9947000000,6213000000,None,12147000000,None,6255000000,2967000000,9180000000,None,25000000,2200000000,653000000,628000000,None,None,None,2200000000,2339000000,None,9947000000,9947000000,None,USD,257101000000,1902000000,None,4100000000,64909000000,192192000000,1892000000,1717000000,47937000000,145346000000,14747000000,18000000000,3046000000,16587000000,37000000000,1064000000,1064000000,-1091000000,64891000000,147437000000,12112000000,172290000000,104469000000,21317000000,3954000000,964000000,35283000000,None,None,47937000000,None,145346000000,None,None,12174000000,None,585000000,9208000000,4074000000,21943000000,27909000000,None,None,None,47936304440,257101000000,121056000000,None,694050000,USD,-4236000000,242000000,-10455000000,-93000000,-46000000,-4746000000,-1260000000,1479000000,9947000000,-2574000000,12627000000,205000000,2835000000,None,-3440000000,None,-1146000000,3379000000,6126000000,-1146000000,None,-2592000000,1080.91,1219.0
5,2019-03-31,USD,36339000000,13719000000,16012000000,20327000000,8146000000,6657000000,6029000000,None,8146000000,None,7690000000,1538000000,6608000000,None,35000000,1489000000,1417000000,487000000,None,None,None,1489000000,-646000000,None,6657000000,6657000000,None,USD,245349000000,2063000000,None,4406000000,61877000000,183472000000,1282000000,1667000000,46532000000,138720000000,14695000000,17943000000,3297000000,19148000000,34910000000,1142000000,1142000000,-1780000000,60528000000,138207000000,14474000000,163466000000,94340000000,19260000000,3952000000,1053000000,33243000000,None,None,46532000000,None,138720000000,None,None,11384000000,None,750000000,8320000000,4066000000,21619000000,26967000000,None,None,None,46531305220,245349000000,113488000000,None,694782000,USD,-685000000,414000000,-5388000000,-65000000,-30000000,-4183000000,-1175000000,-641000000,6657000000,2429000000,12000000000,1039000000,2416000000,None,-2978000000,None,1172000000,2718000000,4638000000,1172000000,18000000,2447000000,1173.31,1080.91
6,2018-12-31,USD,39276000000,13155000000,17918000000,21358000000,10072000000,8948000000,6034000000,0,10072000000,0,7121000000,1869000000,8203000000,0,-29000000,None,None,None,0,0,0,1124000000,1869000000,0,8948000000,8948000000,None,USD,232792000000,2220000000,None,4236000000,55164000000,177628000000,1264000000,1784000000,45049000000,134885000000,16532000000,17888000000,3430000000,16701000000,34620000000,None,None,-2306000000,59719000000,135676000000,13859000000,157520000000,92439000000,21193000000,3950000000,1107000000,32836000000,None,None,45049000000,None,134885000000,None,None,2693000000,None,737000000,None,4012000000,15268000000,20544000000,None,None,None,45048304440,232792000000,109140000000,None,695556000,USD,215000000,2571000000,-6876000000,-10000000,-5000000,-2746000000,-1041000000,2869000000,8948000000,3365000000,12987000000,2154000000,2575000000,None,-1700000000,None,-2887000000,2201000000,7081000000,-2887000000,-107000000,3258000000,1035.61,1173.31
7,2018-09-30,USD,33740000000,11149000000,14281000000,19459000000,10083000000,9192000000,5232000000,0,10083000000,0,5917000000,1773000000,8310000000,0,-28000000,None,None,None,0,0,0,891000000,1773000000,0,9192000000,9192000000,None,USD,221538000000,2448000000,None,4007000000,51698000000,169840000000,1318000000,1752000000,43111000000,128405000000,16411000000,17895000000,3520000000,13443000000,31301000000,None,None,-1676000000,55300000000,129702000000,12673000000,149497000000,92973000000,18067000000,3948000000,1212000000,29549000000,0,0,43111000000,0,128405000000,0,None,2838000000,None,682000000,None,3986000000,15093000000,20397000000,None,None,None,None,221538000000,106416000000,None,695957000,USD,-5128000000,938000000,-10408000000,2000000,-25000000,-3478000000,-1253000000,1480000000,9192000000,-676000000,13210000000,602000000,2356000000,0,-2200000000,0,-670000000,3148000000,5282000000,-670000000,-29000000,-705000000,1193.47,1035.61
8,2018-06-30,USD,32657000000,15967000000,13883000000,18774000000,4215000000,3195000000,5114000000,0,4215000000,0,10853000000,1408000000,2807000000,0,-27000000,None,None,None,0,0,0,1020000000,-3663000000,0,3195000000,3195000000,None,USD,211610000000,2662000000,None,3961000000,49610000000,162000000000,479000000,1714000000,42243000000,121282000000,15726000000,17895000000,3737000000,14148000000,29903000000,3981000000,3981000000,-1525000000,51672000000,124157000000,11487000000,141443000000,88106000000,17244000000,3947000000,698000000,28189000000,0,0,42243000000,0,121282000000,0,None,3052000000,None,685000000,None,3981000000,15247000000,19707000000,None,None,None,None,211610000000,102254000000,None,695946000,USD,2268000000,4029000000,-3374000000,-165000000,-1344000000,-4937000000,-1541000000,5210000000,3195000000,1821000000,10132000000,809000000,2112000000,0,-2052000000,0,-312000000,2411000000,5477000000,-312000000,-331000000,1490000000,1115.65,1193.47
9,2018-03-31,USD,31146000000,10678000000,13467000000,17679000000,10543000000,9401000000,5039000000,0,10543000000,0,5639000000,3542000000,7001000000,0,-30000000,None,None,None,0,0,0,1142000000,3542000000,0,9401000000,9401000000,None,USD,206935000000,2809000000,None,3426000000,46110000000,160825000000,709000000,1596000000,41487000000,120008000000,16743000000,17862000000,2682000000,12658000000,25394000000,1329000000,5302000000,-670000000,48845000000,123761000000,10976000000,140154000000,90227000000,16814000000,3944000000,636000000,22469000000,0,0,41487000000,0,120008000000,0,None,2004000000,None,678000000,None,3973000000,16034000000,20716000000,None,None,None,None,206935000000,102885000000,None,694945000,USD,673000000,-108000000,-7846000000,-1220000000,1313000000,-2018000000,-1158000000,-1669000000,9401000000,1778000000,11642000000,-1533000000,1986000000,0,-2173000000,0,1700000000,2182000000,7299000000,1700000000,165000000,1943000000,1031.79,1115.65
10,2017-12-31,USD,32323000000,10392000000,14267000000,18056000000,8018000000,-3020000000,4306000000,0,8018000000,0,6086000000,354000000,7664000000,0,-136000000,None,None,None,0,0,0,11038000000,-1886000000,0,-3020000000,3342000000,None,USD,197295000000,2692000000,None,2983000000,44793000000,152502000000,770000000,1432000000,40247000000,113247000000,16641000000,16747000000,3352000000,10715000000,24183000000,3969000000,3969000000,-992000000,42383000000,124308000000,7813000000,133063000000,91156000000,18705000000,3943000000,749000000,22751000000,0,0,40247000000,0,113247000000,0,None,2672000000,None,680000000,None,3969000000,15871000000,20610000000,None,None,None,None,197295000000,101871000000,None,694783000,USD,-2671000000,11681000000,-6974000000,4000000,-22000000,-3178000000,-1055000000,3682000000,-3020000000,116000000,10268000000,2755000000,6899000000,0,-2101000000,0,-3768000000,1901000000,4307000000,-3049000000,18000000,134000000,1046.4,1031.79
11,2017-09-30,USD,27772000000,8842000000,11148000000,16624000000,7979000000,6732000000,4205000000,0,7979000000,0,4637000000,197000000,7782000000,0,6000000,None,None,None,0,0,0,1247000000,-48000000,0,6732000000,6732000000,None,USD,189536000000,2883000000,None,2860000000,32436000000,157100000000,497000000,1269000000,39609000000,118237000000,7779000000,16731000000,2683000000,10581000000,20693000000,3964000000,3964000000,-746000000,40120000000,119345000000,7269000000,137486000000,89562000000,15577000000,3941000000,765000000,19424000000,0,0,39609000000,0,118237000000,0,None,2683000000,None,505000000,None,3964000000,7282000000,11743000000,None,None,None,None,189536000000,100143000000,None,694790000,USD,-10763000000,2320000000,-14404000000,-103000000,-8000000,-706000000,-1018000000,-22000000,6732000000,-5238000000,9872000000,381000000,0,0,320000000,0,719000000,1589000000,3538000000,-1150000000,108000000,-5130000000,959.11,1046.4
12,2017-06-30,USD,26010000000,11505000000,10373000000,15637000000,4377000000,3524000000,4172000000,0,4377000000,0,7333000000,245000000,4132000000,0,-4000000,None,None,None,0,0,0,853000000,-6000000,0,3524000000,3524000000,None,USD,178621000000,2933000000,None,2398000000,30335000000,148286000000,714000000,1226000000,38509000000,111505000000,7695000000,16604000000,0,15711000000,18685000000,3955000000,3955000000,-1728000000,37676000000,112386000000,6642000000,128749000000,79002000000,14877000000,3939000000,398000000,17459000000,0,0,38509000000,0,111505000000,0,None,2004000000,None,376000000,None,3955000000,6981000000,11650000000,None,None,None,None,178621000000,94713000000,None,692876000,USD,-4312000000,1366000000,-7172000000,-29000000,-38000000,-2740000000,-1084000000,3309000000,3524000000,-2509000000,7403000000,1395000000,0,0,-1618000000,0,-431000000,1954000000,2831000000,-836000000,88000000,-2421000000,908.73,959.11
13,2017-03-31,USD,24750000000,8387000000,9795000000,14955000000,6819000000,5426000000,3942000000,0,6819000000,0,4445000000,251000000,6568000000,0,25000000,None,None,None,0,0,0,1393000000,251000000,0,5426000000,5426000000,None,USD,172756000000,3137000000,None,3106000000,27807000000,144949000000,927000000,1148000000,37698000000,109420000000,7687000000,16547000000,0,18132000000,15256000000,None,None,-2169000000,35936000000,108794000000,6131000000,125265000000,74307000000,12969000000,3937000000,280000000,14108000000,0,0,37698000000,0,109420000000,0,None,1846000000,365000000,63962000000,None,3937000000,7687000000,12551000000,None,None,None,None,172756000000,92439000000,None,692108000,USD,-283000000,-1144000000,-2851000000,-60000000,-18000000,-1674000000,-1009000000,-128000000,5426000000,5023000000,9548000000,1369000000,0,0,-647000000,0,-1267000000,2630000000,2508000000,1267000000,191000000,5214000000,829.56,908.73
14,2016-12-31,USD,26064000000,8764000000,10661000000,15403000000,6857000000,2892000000,3622000000,0,6857000000,0,5142000000,218000000,6639000000,0,-153000000,None,None,None,0,0,0,1524000000,156000000,0,5333000000,5333000000,None,USD,167497000000,3307000000,None,4575000000,28461000000,139036000000,428000000,1099000000,36307000000,105131000000,7770000000,16468000000,2202000000,12918000000,16756000000,3935000000,3935000000,-2402000000,34234000000,105408000000,5878000000,119261000000,73415000000,14232000000,3935000000,268000000,15657000000,0,0,36307000000,0,105131000000,0,None,1819000000,383000000,62089000000,None,3935000000,7342000000,11705000000,None,None,None,None,167497000000,86333000000,None,691293000,USD,-976000000,2202000000,-4702000000,-648000000,-13000000,-892000000,-879000000,2420000000,5333000000,3819000000,9413000000,2411000000,6100000000,0,0,0,-2578000000,1746000000,3078000000,-2279000000,-307000000,3512000000,771.82,829.56
15,2016-09-30,USD,22451000000,7985000000,8699000000,13752000000,6045000000,5061000000,3596000000,0,6045000000,0,4389000000,278000000,5767000000,0,-3000000,None,None,None,0,0,0,984000000,127000000,0,5061000000,5061000000,None,USD,159948000000,3367000000,None,2536000000,25845000000,134103000000,562000000,923000000,35337000000,99798000000,None,16028000000,0,9406000000,14323000000,None,None,-1032000000,32753000000,98546000000,5705000000,114708000000,73650000000,12395000000,3938000000,559000000,13400000000,0,0,35337000000,0,99798000000,0,None,3276000000,273000000,61402000000,None,3938000000,7022000000,11522000000,None,None,None,None,159948000000,83056000000,None,689136000,USD,-8871000000,1780000000,-13045000000,-1591000000,-274000000,-1089000000,-815000000,None,5061000000,-4289000000,9845000000,1645000000,0,0,0,0,299000000,1641000000,2583000000,-282000000,68000000,-4221000000,777.29,771.82
16,2016-06-30,USD,21500000000,7402000000,8130000000,13370000000,6119000000,7318000000,3363000000,0,6119000000,0,4039000000,151000000,5968000000,0,2000000,None,None,None,0,0,0,1242000000,364000000,0,4877000000,4877000000,None,USD,154292000000,3452000000,None,3016000000,26413000000,127879000000,802000000,900000000,34293000000,94737000000,None,15841000000,0,13627000000,17341000000,2219000000,None,-1151000000,31413000000,94238000000,5820000000,108586000000,64833000000,12762000000,1984000000,0,14222000000,0,0,34293000000,0,94737000000,0,None,3275000000,253000000,60054000000,None,1984000000,6286000000,9072000000,None,None,None,None,154292000000,78460000000,None,686778000,USD,-4756000000,2035000000,-7173000000,-294000000,-1042000000,-3440000000,-803000000,None,4877000000,-1493000000,9120000000,1563000000,0,0,-1595000000,0,17000000,1480000000,2123000000,-835000000,9000000,-1484000000,692.1,777.29
17,2016-03-31,USD,20257000000,7267000000,7648000000,12609000000,5129000000,4207000000,3367000000,0,5129000000,0,3900000000,-213000000,5342000000,0,30000000,None,None,None,0,0,0,922000000,-213000000,0,4207000000,4207000000,None,USD,149747000000,3657000000,None,2719000000,26178000000,123569000000,730000000,933000000,33695000000,91168000000,None,15866000000,0,15111000000,17684000000,3221000000,None,-1294000000,30162000000,90955000000,5577000000,104046000000,60153000000,12972000000,0,0,13530000000,0,0,33695000000,0,91168000000,0,None,3297000000,233000000,58792000000,None,1987000000,5777000000,8494000000,None,None,None,None,149747000000,75264000000,None,686792000,USD,-3626000000,-1044000000,-6245000000,-191000000,-6000000,-2911000000,-807000000,None,4207000000,-1498000000,7658000000,1705000000,0,0,-2098000000,0,-818000000,1972000000,2428000000,818000000,60000000,-1438000000,744.95,692.1
18,2015-09-30,USD,18675000000,6930000000,7037000000,11638000000,4891000000,5977000000,3230000000,None,4891000000,None,3700000000,183000000,4708000000,None,78000000,None,None,None,None,None,None,912000000,471000000,None,3979000000,3979000000,None,USD,144281000000,4023000000,None,2688000000,28040000000,116241000000,2109000000,705000000,31864000000,85969000000,None,15675000000,0,18068000000,18457000000,3237000000,None,-1592000000,28338000000,88103000000,4813000000,96543000000,54699000000,12648000000,0,0,14515000000,0,0,31864000000,0,85969000000,0,None,3329000000,None,56178000000,None,1994000000,5480000000,9583000000,None,None,None,None,144281000000,72767000000,None,746000000,USD,None,None,-18224000000,0,None,-1312000000,None,None,11425000000,None,19609000000,None,0,-47000000,0,0,336000000,None,7815000000,None,None,None,608.42,744.95
