,fiscalDateEnding,reportedCurrency_x,totalRevenue,totalOperatingExpense,costOfRevenue,grossProfit,ebit,netIncome_x,researchAndDevelopment,effectOfAccountingCharges,incomeBeforeTax,minorityInterest,sellingGeneralAdministrative,otherNonOperatingIncome,operatingIncome,otherOperatingExpense,interestExpense,taxProvision,interestIncome,netInterestIncome,extraordinaryItems,nonRecurring,otherItems,incomeTaxExpense,totalOtherIncomeExpense,discontinuedOperations,netIncomeFromContinuingOperations,netIncomeApplicableToCommonShares,preferredStockAndOtherAdjustments,reportedCurrency_y,totalAssets,intangibleAssets,earningAssets,otherCurrentAssets,totalLiabilities,totalShareholderEquity,deferredLongTermLiabilities,otherCurrentLiabilities,commonStock,retainedEarnings,otherLiabilities,goodwill,otherAssets,cash,totalCurrentLiabilities,shortTermDebt,currentLongTermDebt,otherShareholderEquity,propertyPlantEquipment,totalCurrentAssets,longTermInvestments,netTangibleAssets,shortTermInvestments,netReceivables,longTermDebt,inventory,accountsPayable,totalPermanentEquity,additionalPaidInCapital,commonStockTotalEquity,preferredStockTotalEquity,retainedEarningsTotalEquity,treasuryStock,accumulatedAmortization,otherNonCurrrentAssets,deferredLongTermAssetCharges,totalNonCurrentAssets,capitalLeaseObligations,totalLongTermDebt,otherNonCurrentLiabilities,totalNonCurrentLiabilities,negativeGoodwill,warrants,preferredStockRedeemable,capitalSurplus,liabilitiesAndShareholderEquity,cashAndShortTermInvestments,accumulatedDepreciation,commonStockSharesOutstanding,reportedCurrency,investments,changeInLiabilities,cashflowFromInvestment,otherCashflowFromInvestment,netBorrowings,cashflowFromFinancing,otherCashflowFromFinancing,changeInOperatingActivities,netIncome_y,changeInCash,operatingCashflow,otherOperatingCashflow,depreciation,dividendPayout,stockSaleAndPurchase,changeInInventory,changeInAccountReceivables,changeInNetIncome,capitalExpenditures,changeInReceivables,changeInExchangeRate,changeInCashAndCashEquivalents,clossingVal,nextClossingVal
0,2020-06-30,USD,20381000,8447000,966000,20381000,12109000,10184000,None,None,10114000,-1373000,878000,175000,11934000,7569000,1820000,105000,0,-1820000,None,None,None,105000,None,None,10009000,10184000,None,USD,105311000,None,None,1286000,174463000,-69152000,None,12865000,-67779000,None,2610000,10598000,18000,3037000,58063000,36334000,36334000,-69152000,35953000,21183000,3662000,-79750000,None,16860000,90576000,None,8864000,None,None,None,None,None,None,None,33915000,None,84128000,35079000,90576000,25824000,116400000,None,None,None,None,105311000,3037000,None,None,USD,-32000,-2324000,-32000,None,-3342000,-6178000,-3199000,-448000,10184000,2773000,8983000,-448000,1360000,-2836000,None,None,-768000,979000,32000,-768000,None,2773000,6.68,
1,2020-03-31,USD,20271000,8165000,961000,20271000,12264000,10369000,None,None,10242000,-1520000,1044000,158000,12106000,7121000,1864000,31000,0,-1864000,None,None,None,31000,None,None,10211000,10369000,None,USD,106408000,None,None,473000,182987000,-76579000,None,13718000,-75059000,None,2654000,10598000,304000,264000,155025000,130200000,130200000,-76579000,36805000,16829000,4487000,-87177000,None,16092000,None,None,11107000,None,None,None,None,None,None,None,37689000,None,89579000,38207000,None,27962000,27962000,None,None,None,None,106408000,264000,None,23000000,USD,-22000,1010000,-22000,None,-1956000,-13236000,-334000,146000,10369000,3000,13261000,146000,1256000,-11280000,None,None,559000,-79000,22000,559000,None,3000,6.64,6.68
2,2019-12-31,USD,20321000,8039000,694000,20321000,12452000,10390000,None,None,10315000,-1449000,1001000,170000,12282000,7038000,1986000,76000,20000,-1966000,None,None,None,76000,-1000,None,10239000,10390000,None,USD,105653000,None,None,517000,181400000,-75747000,None,13658000,-74298000,None,2500000,10598000,486000,261000,155812000,132100000,132100000,-75747000,37355000,17429000,4329000,-86345000,None,16651000,None,None,10054000,None,None,None,None,None,None,None,35942000,None,88224000,36181000,None,25588000,25588000,None,None,None,None,105653000,261000,None,23000000,USD,-48000,-2229000,-48000,195000,100000,-11179000,1000,157000,10390000,-729000,10498000,157000,913000,-11280000,None,None,1358000,-91000,243000,1358000,None,-729000,13.82,6.64
3,2019-09-30,USD,20154000,8156000,991000,20154000,12280000,10132000,None,None,10004000,-1379000,949000,282000,11998000,7207000,2103000,45000,21000,-2082000,None,None,None,45000,88000,None,9959000,10132000,None,USD,119758000,None,None,721000,194696000,-74938000,None,13253000,-73559000,None,2913000,10598000,8265000,990000,158037000,132498000,132498000,-74938000,38052000,20218000,11780000,-85536000,None,18507000,7564000,None,12286000,None,None,None,None,None,None,None,39110000,None,99540000,39225000,7564000,29095000,36659000,None,None,None,None,119758000,990000,None,23000000,USD,-8000,-2462000,-8000,136000,-200000,-11474000,6000,274000,10132000,721000,12203000,274000,1371000,-11280000,None,None,3069000,-181000,144000,3069000,None,721000,13.28,13.82
4,2019-06-30,USD,20825000,7992000,771000,20825000,12922000,10709000,None,None,10614000,-1309000,988000,89000,12833000,7004000,2166000,47000,20000,-2146000,None,None,None,47000,-73000,None,10567000,10709000,None,USD,123178000,None,None,869000,197055000,-73877000,None,12644000,-72568000,None,2740000,10598000,8630000,269000,27524000,332000,332000,-73877000,38822000,22578000,11773000,-84475000,None,21440000,139917000,None,14548000,None,None,None,None,None,None,None,39407000,None,100600000,39207000,139917000,29614000,169531000,None,None,None,None,123178000,269000,None,23000000,USD,82000,2989000,82000,82000,-2800000,-14069000,-278000,-522000,10709000,-35000,13952000,-522000,916000,-11269000,None,None,-155000,15000,82000,-155000,None,-35000,14.0,13.28
5,2019-03-31,USD,21087000,8967000,985000,21087000,12355000,10248000,None,None,10085000,-1244000,1117000,235000,12120000,7850000,2055000,52000,-2035000,-2035000,None,None,None,52000,-1820000,None,10033000,10248000,None,USD,121400000,None,None,667000,194796000,-73396000,None,13304000,-72152000,None,2592000,10598000,1069000,304000,24844000,12621000,12621000,-73396000,39926000,21894000,11963000,-83994000,None,20923000,143037000,None,11540000,None,None,None,None,None,None,None,37019000,None,99506000,36944000,143037000,26915000,169952000,None,None,None,None,121400000,304000,None,23000000,USD,0,4079000,82000,None,1000000,-10269000,-278000,153000,10248000,-265000,10004000,153000,1248000,-11269000,None,None,-5566000,-158000,62000,-5566000,None,-265000,15.84,14.0
6,2018-12-31,USD,16772000,-2605000,7280000,469000,16109000,14136000,0,0,14099000,-1171000,-1569000,20000,16089000,-1036000,-2054000,None,None,None,0,0,0,-31000,-1922000,0,14130000,15250000,-1114000,USD,81144000,None,None,690000,153598000,-72454000,None,922000,-71283000,None,3385000,10598000,9371000,569000,8188000,None,None,-72454000,40911000,16616000,11748000,-83052000,None,15357000,142025000,None,7266000,None,None,None,None,None,None,None,1271000,None,64528000,843000,142868000,2542000,145410000,None,None,None,None,81144000,569000,None,31000000,USD,-1425000,-5409000,2687000,2721000,24400000,-9984000,-1000,63000,14136000,137000,7434000,11000,1036000,15503000,None,None,3277000,81000,34000,668000,None,137000,13.57,15.84
7,2018-09-30,USD,25770000,-2229000,7283000,25770000,16279000,14451000,0,0,14408000,-995000,-1109000,21000,16258000,-1120000,-1871000,None,None,None,0,0,0,-5000,-1802000,0,14413000,14451000,None,USD,89311000,10598000,None,743000,156711000,-67400000,832000,824000,-66405000,0,3736000,10598000,9228000,432000,16963000,None,None,-67400000,46156000,19749000,11680000,-77998000,0,18574000,136012000,0,16139000,0,0,0,0,0,0,None,1128000,None,69562000,None,136012000,2904000,139748000,None,None,None,None,89311000,432000,None,32000000,USD,137000,-1449000,-139000,2721000,16400000,-16395000,7000,327000,14451000,164000,16698000,13000,1120000,15502000,0,0,1627000,76000,2000,-491000,None,164000,14.9,13.57
8,2018-06-30,USD,25840000,-2284000,-7893000,33733000,15683000,13722000,0,0,13872000,-908000,-1179000,20000,15663000,-1105000,-1811000,None,None,None,0,0,0,-33000,-1908000,0,13905000,13722000,None,USD,92191000,10598000,None,1059000,158623000,-66432000,819000,1235000,-65524000,0,4209000,10598000,9381000,268000,17514000,136900000,136900000,-66432000,47241000,21528000,11543000,-77030000,0,20201000,136900000,0,16279000,0,0,0,0,0,0,None,1281000,None,70663000,None,136900000,3390000,141109000,None,None,None,None,92191000,268000,None,32000000,USD,116000,-2551000,-1296000,2721000,17900000,-15594000,-383000,-175000,13722000,-320000,16570000,11000,1105000,15494000,0,0,3324000,60000,8000,412000,None,-320000,17.15,14.9
9,2018-03-31,USD,25885000,-2582000,-8410000,34295000,14913000,13372000,0,0,13417000,-800000,-1401000,20000,14893000,-1181000,-1571000,None,None,None,0,0,0,-32000,-1489000,0,13449000,13372000,None,USD,96890000,10598000,None,909000,161610000,-64720000,808000,1836000,-63920000,0,4251000,10598000,9535000,588000,20371000,136988000,136988000,-64720000,48339000,25022000,11496000,-75318000,0,23525000,136988000,0,18535000,0,0,0,0,0,0,None,1435000,None,71868000,None,136988000,3443000,141239000,None,None,None,None,96890000,588000,None,32000000,USD,1172000,2583000,-1212000,2721000,24400000,-13391000,-540000,201000,13372000,86000,14689000,11000,1181000,15306000,0,0,-3551000,60000,1212000,-1829000,None,86000,17.4,17.15
10,2017-12-31,USD,26789000,-2295000,-8340000,35129000,17635000,16339000,0,0,16324000,-738000,-965000,20000,17615000,-1330000,-1461000,None,None,None,0,0,0,26000,-3790000,0,16298000,17516000,-1177000,USD,92268000,10598000,None,1158000,155114000,-62846000,0,1414000,-62134000,0,4181000,10598000,22329000,502000,16058000,134875000,134875000,-62846000,48305000,21634000,10337000,-73444000,0,19974000,134875000,0,14644000,0,0,0,0,0,0,None,1394000,None,70634000,797000,135672000,3384000,139056000,None,None,None,None,92268000,502000,None,32000000,USD,964000,-724000,-966000,2721000,19100000,-17176000,2000,31000,16339000,249000,18391000,13000,1330000,14932000,0,0,316000,-139000,2000,1828000,None,249000,18.7,17.4
11,2017-09-30,USD,24748000,-2202000,-8346000,33094000,15921000,14466000,0,0,14509000,-667000,-922000,20000,15901000,-1280000,-1412000,None,None,None,0,0,0,-43000,-112000,0,14552000,14466000,None,USD,92797000,10598000,None,895000,157112000,-64315000,784000,2014000,0,0,3363000,10598000,21374000,253000,16786000,136963000,136963000,-64315000,49630000,21793000,9384000,-74913000,0,20645000,136963000,0,14772000,0,0,0,0,0,0,None,1392000,None,71004000,None,136963000,2579000,140326000,None,None,None,None,92797000,253000,None,32000000,USD,1284000,215000,-2065000,0,17700000,-13505000,3000,158000,14466000,-2686000,12884000,15000,1280000,14608000,0,0,-701000,40000,781000,13000,None,-2686000,20.1,18.7
12,2017-06-30,USD,23514000,-2371000,-8284000,31798000,14431000,13085000,0,0,13130000,1411000,-1124000,21000,14410000,-1247000,-1301000,None,None,None,0,0,0,-45000,-72000,0,13175000,13085000,None,USD,90627000,10598000,None,1162000,154843000,-64216000,769000,2758000,0,0,3167000,10598000,20150000,2939000,15825000,135851000,135851000,-64216000,50073000,20404000,8100000,-74814000,0,16303000,135851000,0,13067000,0,0,0,0,0,0,None,1452000,None,70223000,None,135851000,2398000,139018000,None,None,None,None,90627000,2939000,None,32000000,USD,-1284000,-669000,-1317000,0,19100000,-12878000,-286000,640000,13085000,1860000,16055000,15000,1247000,14278000,0,0,3987000,60000,945000,-159000,None,2046000,18.7,20.1
13,2017-03-31,USD,25757000,-2466000,-8531000,34288000,16252000,14977000,0,0,15024000,-718000,-1212000,20000,16232000,-1254000,-1228000,None,None,None,0,0,0,-47000,-1208000,0,15071000,14977000,None,USD,93303000,10598000,None,1840000,156386000,-63083000,754000,1779000,0,0,3353000,10598000,20302000,893000,18594000,134439000,134439000,-63083000,50156000,22845000,8100000,-73681000,0,20112000,134439000,0,16815000,0,0,0,0,0,0,None,1604000,None,70458000,None,134439000,2599000,137792000,None,None,None,None,93303000,893000,None,32000000,USD,-1284000,-316000,186000,0,14200000,-16453000,3000,-449000,14977000,457000,16724000,15000,1254000,13953000,0,0,178000,59000,186000,-555000,None,271000,20.1,18.7
14,2016-12-31,USD,26025000,-2195000,-8498000,34523000,17612000,16442000,0,0,16362000,-739000,-768000,20000,17592000,-1427000,-1250000,None,None,None,0,0,0,80000,-1981000,0,16282000,16442000,None,USD,93776000,10598000,None,1363000,157942000,-64166000,0,901000,-63427000,0,3712000,10598000,20479000,622000,17303000,136927000,136927000,-64166000,51022000,22275000,8100000,-74764000,0,20290000,136927000,0,16402000,0,0,0,0,0,0,None,1781000,None,71501000,739000,137666000,2973000,140639000,None,None,None,None,93776000,622000,None,32000000,USD,-2248000,4153000,-70000,2721000,51000000,-16629000,-2047000,-32000,16442000,-703000,15996000,31000,1207000,13629000,0,0,-5377000,2000,70000,996000,None,-703000,19.8,20.1
15,2016-09-30,USD,24139000,-2910000,-8564000,32703000,14752000,14199000,0,0,14251000,0,-1395000,21000,14731000,-1515000,-501000,None,None,None,0,0,0,-52000,-92000,0,14303000,14199000,None,USD,88935000,10598000,None,1051000,155975000,-67040000,0,1092000,0,0,3301000,10598000,20662000,1325000,12759000,None,None,-67040000,51986000,16287000,8100000,-77638000,0,13911000,139915000,0,11667000,0,0,0,0,0,0,None,1964000,None,72648000,None,139915000,3301000,143216000,None,None,None,None,88935000,1325000,None,32000000,USD,None,721000,-90136000,27688000,101000000,70714000,4000,675000,14199000,-1439000,17983000,48000,1515000,13303000,0,0,1002000,-1000,136000,-620000,None,-1439000,19.2,19.8
16,2016-06-30,USD,23538000,-2539000,-8504000,32042000,14471000,13982000,0,0,14061000,0,-1051000,21000,14450000,-1488000,-410000,None,None,None,0,0,0,-79000,-26000,0,14140000,13982000,None,USD,78775000,10598000,None,1733000,69285000,9490000,0,1335000,0,0,2832000,10598000,19796000,2764000,11550000,None,None,9490000,40412000,18567000,8100000,-1108000,0,14070000,54903000,0,10215000,0,0,0,0,0,0,None,1098000,None,60208000,None,54903000,2832000,57735000,None,None,None,None,78775000,2764000,None,32000000,USD,None,713000,-244000,0,10000000,-17135000,-1000,-84000,13982000,-2862000,14517000,47000,1488000,13136000,0,0,843000,-4000,244000,232000,None,-2862000,15.55,19.2
17,2016-03-31,USD,21768000,-2426000,-8645000,30413000,12739000,12182000,0,0,12355000,0,-1209000,21000,12718000,-1217000,-384000,None,None,None,0,0,0,-173000,-363000,0,12528000,12182000,None,USD,81198000,10598000,None,1968000,72592000,8606000,0,1519000,0,0,2714000,10598000,19884000,5626000,10987000,None,None,8606000,41357000,19957000,8100000,-1992000,0,12363000,58891000,0,9468000,0,0,0,0,0,0,None,1186000,None,61241000,None,58891000,2714000,61605000,None,None,None,None,81198000,5626000,None,32000000,USD,None,-1884000,-62399000,62312000,56000000,37941000,None,None,12182000,-10759000,13699000,264000,1217000,13057000,0,0,2550000,1000,87000,339000,None,-10759000,13.45,15.55
18,2015-12-31,USD,22686000,38543000,7475000,21336000,12394000,12130000,0,0,12120000,1854000,976000,None,12758000,-2721000,154000,None,None,None,0,0,0,-10000,-131000,0,16108000,12130000,None,USD,89551000,10598000,None,2621000,24040000,65511000,0,2366000,69956000,0,2337000,10598000,20217000,16385000,13603000,7879000,7879000,65511000,35415000,33919000,8100000,54913000,0,14913000,8100000,0,13603000,0,0,0,0,0,0,None,1442000,77000,55632000,349000,8449000,1988000,10437000,None,None,None,None,89551000,16385000,None,32000000,USD,-2248000,11922000,-1478000,19000,129000000,-3575000,7018000,-496000,12130000,10680000,15963000,None,6029000,-168275000,0,0,-13365000,-3529000,1497000,None,None,None,16.25,13.45
19,2015-09-30,USD,19247000,-10380000,-7715000,26962000,11052000,10879000,0,0,10879000,0,-1032000,22000,11030000,-1633000,-173000,None,None,None,0,0,0,-4788000,-151000,0,10879000,11097000,-218000,USD,93317000,10598000,None,2581000,27034000,66283000,0,910000,0,0,2905000,10598000,20367000,18234000,16029000,None,None,66283000,35912000,37038000,8100000,55685000,0,16223000,8100000,0,16029000,0,0,0,0,0,0,None,1669000,None,56279000,349000,8449000,2556000,11005000,None,None,None,None,93317000,18234000,None,32000000,USD,None,14320000,-1005000,19000,None,9140000,7018000,None,10879000,None,4394000,None,0,-155300000,0,0,-136000,None,1024000,None,None,None,13.2,16.25
