,fiscalDateEnding,reportedCurrency_x,totalRevenue,totalOperatingExpense,costOfRevenue,grossProfit,ebit,netIncome_x,researchAndDevelopment,effectOfAccountingCharges,incomeBeforeTax,minorityInterest,sellingGeneralAdministrative,otherNonOperatingIncome,operatingIncome,otherOperatingExpense,interestExpense,taxProvision,interestIncome,netInterestIncome,extraordinaryItems,nonRecurring,otherItems,incomeTaxExpense,totalOtherIncomeExpense,discontinuedOperations,netIncomeFromContinuingOperations,netIncomeApplicableToCommonShares,preferredStockAndOtherAdjustments,reportedCurrency_y,totalAssets,intangibleAssets,earningAssets,otherCurrentAssets,totalLiabilities,totalShareholderEquity,deferredLongTermLiabilities,otherCurrentLiabilities,commonStock,retainedEarnings,otherLiabilities,goodwill,otherAssets,cash,totalCurrentLiabilities,shortTermDebt,currentLongTermDebt,otherShareholderEquity,propertyPlantEquipment,totalCurrentAssets,longTermInvestments,netTangibleAssets,shortTermInvestments,netReceivables,longTermDebt,inventory,accountsPayable,totalPermanentEquity,additionalPaidInCapital,commonStockTotalEquity,preferredStockTotalEquity,retainedEarningsTotalEquity,treasuryStock,accumulatedAmortization,otherNonCurrrentAssets,deferredLongTermAssetCharges,totalNonCurrentAssets,capitalLeaseObligations,totalLongTermDebt,otherNonCurrentLiabilities,totalNonCurrentLiabilities,negativeGoodwill,warrants,preferredStockRedeemable,capitalSurplus,liabilitiesAndShareholderEquity,cashAndShortTermInvestments,accumulatedDepreciation,commonStockSharesOutstanding,reportedCurrency,investments,changeInLiabilities,cashflowFromInvestment,otherCashflowFromInvestment,netBorrowings,cashflowFromFinancing,otherCashflowFromFinancing,changeInOperatingActivities,netIncome_y,changeInCash,operatingCashflow,otherOperatingCashflow,depreciation,dividendPayout,stockSaleAndPurchase,changeInInventory,changeInAccountReceivables,changeInNetIncome,capitalExpenditures,changeInReceivables,changeInExchangeRate,changeInCashAndCashEquivalents,clossingVal,nextClossingVal
0,2020-06-30,USD,232833000,-25672000,-178938000,53895000,84741000,33647000,None,None,36185000,1190000,-25672000,5174000,79567000,None,None,None,None,None,None,None,None,1348000,None,None,34837000,33647000,None,USD,910248000,665000,None,None,313818000,575759000,None,None,511000,285528000,None,680000,30350000,51321000,211988000,143875000,None,None,3994000,816929000,35130000,586899000,None,14487000,73527000,751121000,68113000,None,None,511000,None,285528000,-3167000,None,37473000,None,15377000,None,73527000,24054000,97581000,None,12485000,None,292887000,910248000,51321000,None,50661919,USD,-490000,5275000,-616000,None,-94751000,-98537000,-3786000,-1136000,34837000,-61310000,37843000,-2278000,912000,None,-3786000,19682000,None,-3468000,126000,-8466000,None,-61310000,11.85,
1,2020-03-31,USD,213267000,26869000,164298000,48969000,22756000,15917000,None,None,22756000,799000,26869000,656000,22100000,None,None,6040000,2565000,None,None,None,None,6040000,656000,None,16716000,15917000,None,USD,975180000,686000,None,None,409886000,542982000,None,None,510000,250944000,5267000,680000,26826000,112631000,305582000,242758000,None,None,4743000,889280000,31202000,553028000,None,6021000,73466000,770628000,62824000,None,None,510000,None,250944000,-3167000,None,33327000,None,15262000,2986000,73466000,30838000,104304000,None,11412000,None,294695000,975180000,112631000,None,50616922,USD,-1054000,8138000,-1054000,None,78000000,74838000,-192000,-3550000,16716000,74946000,1162000,-4222000,627000,None,-2970000,-16884000,None,826000,1054000,-1301000,None,74946000,8.05,11.85
2,2019-12-31,USD,230122000,30712000,181412000,48710000,22582000,15920000,None,None,22582000,1628000,30712000,4584000,17998000,None,None,5034000,2244000,None,None,None,None,5034000,-913000,None,17548000,15920000,None,USD,875539000,707000,None,19102000,325533000,523168000,None,23954000,509000,235027000,5267000,680000,25429000,37685000,243296000,164642000,None,-3167000,4309000,795972000,30294000,535392000,None,4720000,73406000,753567000,54700000,None,None,509000,None,235027000,-3167000,None,28315000,None,15262000,3564000,73406000,8831000,82237000,None,13611000,None,581598000,875539000,37685000,None,50488010,USD,-5300000,-14339000,-6031000,-5300000,-292000,3308000,3308000,-9868000,17548000,-3547000,-824000,-175000,636000,None,3600000,-12578000,4790000,3294000,731000,4790000,None,-3547000,11.48,8.05
3,2019-09-30,USD,209404000,26570000,164679000,44725000,24972000,15671000,None,None,24972000,3468000,26570000,6817000,18155000,None,None,5833000,3022000,None,None,None,None,5833000,1530000,None,19139000,15671000,None,USD,865789000,728000,None,22042000,337087000,508715000,None,27122000,509000,220262000,2110000,680000,24540000,41232000,257782000,164792000,None,-3167000,4192000,791541000,24444000,519516000,None,9510000,73358000,740799000,65868000,None,None,509000,None,220262000,-3167000,None,28411000,None,15793000,3837000,73358000,5947000,79305000,None,12209000,None,291111000,865789000,41232000,None,50488010,USD,-695000,8229000,-695000,None,5318000,3520000,-1682000,-4916000,19139000,2380000,-445000,-3877000,765000,None,-1798000,-20745000,-4501000,545000,695000,-4501000,None,2380000,10.7,11.48
4,2019-06-30,USD,183506000,22297000,143225000,40281000,21456000,14460000,None,None,21456000,1664000,22297000,3472000,17984000,None,None,5332000,2697000,None,None,None,None,5332000,3669000,None,16124000,14460000,None,USD,832961000,750000,None,17380000,321809000,493470000,None,31578000,509000,204591000,618000,680000,23754000,38852000,317440000,232657000,None,-1369000,4261000,763739000,23139000,504549000,None,5009000,232657000,719878000,53205000,None,None,509000,None,204591000,-1369000,None,24449000,None,15943000,3751000,245166000,4369000,4369000,None,12509000,None,289739000,832961000,38852000,None,50696011,USD,-572000,894000,-572000,None,26000000,24373000,-1041000,-1304000,16124000,12238000,-11563000,1584000,790000,-258000,-586000,-28927000,-2236000,208000,572000,-2236000,None,12238000,8.31,10.7
5,2019-03-31,USD,168628000,23986000,133262000,35366000,15319000,12605000,None,None,15319000,-1114000,23986000,3939000,11380000,None,None,3828000,1846000,None,None,None,None,3828000,1392000,None,11491000,12605000,None,USD,793020000,765000,None,16215000,297068000,480869000,None,30335000,508000,190131000,2661000,680000,20195000,26614000,290411000,206522000,206522000,-1041000,4464000,720205000,21843000,489719000,None,2774000,216817000,690817000,53554000,None,None,508000,None,190131000,-1041000,None,27609000,None,17454000,3996000,216817000,6657000,6657000,None,10295000,None,291271000,793020000,26614000,None,50675930,USD,-571000,-3239000,-571000,None,6000000,-5339000,-544000,2463000,11491000,-15141000,-9231000,1718000,888000,-10735000,-10795000,-21720000,2069000,-438000,571000,2069000,None,-15141000,8.75,8.31
6,2018-12-31,USD,190380000,17764000,152456000,37924000,20723000,13354000,0,0,20723000,3574000,16071000,563000,20160000,1693000,-2479000,None,None,None,0,0,0,3795000,-1130000,0,16928000,13354000,None,USD,784026000,856000,None,20233000,289863000,468351000,None,31978000,507000,177526000,2207000,680000,25180000,41755000,287656000,200386000,None,None,4690000,715558000,20269000,475346000,None,4842000,200386000,668961000,55292000,None,None,507000,None,177526000,-981000,None,25474000,None,16499000,None,None,2207000,2207000,None,8531000,None,291299000,784026000,41755000,None,50583128,USD,None,-5186000,-1444000,-27616000,313000,-664000,-638000,5131000,16928000,-3259000,-1151000,1410000,1139000,-1000,-977000,-20657000,-784000,5999000,1444000,-784000,None,-3259000,7.24,8.75
7,2018-09-30,USD,149992000,13979000,119334000,30658000,20107000,12197000,0,0,20107000,3176000,13979000,3428000,16679000,0,2479000,None,None,None,0,0,0,4734000,3428000,0,15373000,12197000,None,USD,771016000,1041000,None,29788000,292981000,455686000,0,33814000,507000,164172000,514000,680000,29084000,45014000,291422000,198965000,895000,None,4201000,697314000,20806000,461806000,11898000,4059000,1045000,648241000,58643000,470194000,291007000,507000,0,164172000,0,None,26883000,None,20091000,None,1045000,514000,1559000,None,7841000,None,291007000,771016000,45014000,None,50719884,USD,None,17729000,-2103000,-1514000,32263000,31940000,-401000,3729000,15373000,3813000,-26024000,1497000,766000,-323000,-323000,-65195000,2146000,1660000,589000,2146000,None,3813000,10.1,7.24
8,2018-06-30,USD,155010000,14017000,120392000,34618000,24230000,14869000,0,0,24230000,4126000,14017000,3629000,20601000,0,2006000,None,None,None,0,0,0,5235000,3629000,0,18995000,14869000,None,USD,705049000,275000,None,29583000,242845000,443324000,0,33988000,507000,151975000,628000,1725000,25880000,41201000,241012000,166395000,905000,None,3454000,628774000,19490000,447996000,4132000,6205000,1205000,581368000,40629000,455532000,290842000,507000,0,151975000,0,None,28440000,None,22891000,None,1205000,628000,1833000,None,6672000,None,290842000,705049000,41201000,None,50719884,USD,-755000,958000,-26679000,-25347000,23340000,20962000,-2528000,3343000,18995000,2353000,8070000,-2560000,636000,-2378000,-2378000,-9491000,-4448000,4028000,577000,-4448000,None,2353000,9.8,10.1
9,2018-03-31,USD,128265000,12763000,101135000,27130000,16611000,11203000,0,0,16611000,2036000,12763000,2244000,14367000,0,1628000,None,None,None,0,0,0,3372000,2211700,0,13239000,11203000,None,USD,643192000,0,None,27777000,204124000,428386000,0,22698000,507000,137106000,22698000,0,31162000,38848000,194210000,135000000,9914000,None,2108000,568895000,17653000,428386000,4403000,1548000,9914000,528499000,36512000,439068000,290773000,507000,0,137106000,0,None,26756000,None,27780000,None,9914000,None,9914000,None,None,None,290773000,643192000,38848000,None,50685699,USD,-755000,-3056000,-601000,0,27988000,19531000,-412000,-1897000,13239000,-1441000,-20371000,-969000,402000,-8045000,-8045000,-33948000,57000,3856000,601000,57000,None,-1441000,10.9,9.8
10,2017-12-31,USD,136380000,10284000,107549000,28831000,21016000,-8196000,0,0,21016000,3816000,10284000,2469000,18547000,0,1501000,None,None,None,0,0,0,25396000,4800000,0,-4380000,-8196000,None,USD,612230000,0,None,25643000,179192000,416347000,1200000,21447000,506000,125903000,21447000,0,73877000,40289000,169266000,107000000,9926000,None,804000,537549000,16878000,416347000,3605000,1605000,9926000,495655000,40819000,433038000,289938000,506000,0,125903000,0,None,25788000,None,31211000,None,9926000,None,9926000,None,None,None,289938000,612230000,40289000,None,50598901,USD,-45000,6734000,-167000,0,11722000,10566000,-10458000,5893000,-4379000,15201000,4802000,3176000,87000,-1156000,-10896000,-24813000,843000,23794000,122000,203000,None,15201000,11.3,10.9
11,2017-09-30,USD,113706000,9520000,88296000,25410000,17293000,9280000,0,0,17293000,2649000,9520000,1403000,15890000,0,1177000,None,None,None,0,0,0,5364000,0,0,11929000,9280000,None,USD,606508000,0,None,29757000,168263000,424214000,0,22756000,506000,134098000,30283000,0,100562000,25088000,150532000,95000000,105204000,None,681000,505265000,15771000,424214000,4368000,1808000,10204000,478369000,32776000,438245000,289610000,506000,0,134098000,0,None,28964000,None,55827000,None,10204000,7527000,17731000,None,None,None,289610000,606508000,25088000,None,50584501,USD,-241000,5477000,-268000,0,20991000,20866000,-125000,1112000,11928000,-6683000,-27281000,-4677000,66000,-270000,-125000,-44856000,640000,4208000,27000,573000,None,-6683000,9.9,11.3
12,2017-06-30,USD,104951000,9499000,82025000,22926000,13813000,7689000,0,0,13813000,1742000,9499000,386000,13427000,0,885000,None,None,None,0,0,0,4382000,0,0,9431000,7689000,None,USD,554323000,0,None,25791000,142872000,399944000,0,19292000,491000,124819000,27896000,0,84861000,31771000,124055000,74000000,84213000,None,720000,468742000,None,399944000,4474000,2381000,10213000,434590000,30763000,411451000,274634000,491000,0,124819000,0,None,24287000,None,60574000,None,10213000,8604000,18817000,None,None,None,274634000,554323000,31771000,None,49107501,USD,-241000,4956000,0,0,11490000,6822000,-4668000,-1047000,9431000,-6061000,-12883000,-2777000,84000,-4873000,-4668000,-28901000,67000,3849000,0,487000,None,-6061000,11.45,9.9
13,2017-03-31,USD,99337000,9713000,78051000,21286000,12115000,6197000,0,0,12115000,2029000,9713000,542000,11573000,0,893000,None,None,None,0,0,0,3889000,0,0,8226000,6197000,None,USD,533465000,0,None,24267000,126936000,392096000,0,17067000,491000,117130000,26181000,0,85761000,37832000,107599000,62500000,62500000,None,805000,446899000,None,392096000,5500000,2868000,10223000,406199000,28032000,406529000,274475000,491000,0,117130000,0,None,21510000,None,64251000,None,10223000,9114000,19337000,None,None,None,274475000,533465000,37832000,None,49069522,USD,-241000,1608000,0,0,-13225000,-18320000,-586000,-1363000,8226000,-1770000,16550000,-1363000,88000,-4597000,-4509000,3152000,420000,5247000,0,-420000,None,-1770000,9.95,11.45
14,2016-12-31,USD,119764000,6132000,94899000,24865000,18942000,7676000,0,0,19141000,5424000,6331000,408000,18534000,0,951000,None,None,None,0,0,0,6041000,4007000,0,13100000,7676000,None,USD,540984000,0,None,22588000,139499000,384572000,800000,14088000,490000,110933000,24148000,0,87745000,39602000,118491000,75000000,85948000,None,892000,452347000,None,384572000,4445000,2448000,10948000,410297000,29403000,401485000,273149000,490000,0,110933000,0,None,20147000,None,67598000,None,10948000,10060000,21008000,None,None,None,273149000,540984000,39602000,None,48955909,USD,-286000,-18760000,-115000,0,-5265000,-5883000,-6827000,16764000,13100000,15403000,21401000,19327000,87000,-625000,-9748000,3054000,866000,4974000,115000,-381000,None,15403000,10.05,9.95
15,2016-09-30,USD,91670000,10999000,69413000,22257000,11900000,6243000,0,0,11822000,1922000,10921000,564000,11336000,78000,742000,None,None,None,0,0,0,3657000,-2398000,0,8165000,6243000,None,USD,554114000,0,None,None,165415000,376592000,0,15318000,489000,103257000,27269000,0,91276000,44583000,143751000,81500000,81500000,None,946000,461892000,None,376592000,24829000,2067000,9713000,415242000,46933000,388699000,272846000,489000,0,103257000,0,None,19090000,None,72186000,None,9713000,11951000,21664000,None,None,None,272846000,554114000,44583000,None,48937084,USD,None,26262000,-179000,0,18712000,16444000,-586000,-24165000,8165000,-4359000,-20624000,-22715000,78000,-2838000,-2268000,-36072000,1247000,3539000,179000,119000,None,-4359000,8.26,10.05
16,2016-06-30,USD,98936000,11236000,75372000,23564000,13713000,6743000,0,0,13648000,2675000,11171000,1320000,12393000,65000,817000,None,None,None,0,0,0,4230000,1199000,0,9418000,6743000,None,USD,505886000,None,None,None,123227000,370206000,None,10122000,489000,97014000,24861000,None,95239000,25657000,99488000,63500000,63500000,None,846000,409801000,None,370206000,1544000,2186000,9000000,381958000,25866000,None,None,489000,None,97014000,None,None,19660000,None,75579000,None,9000000,14739000,23739000,None,None,None,272703000,505886000,25657000,None,48937084,USD,None,2862000,-157000,None,-4987000,-9656000,-586000,-1157000,9418000,-344000,9469000,-296000,65000,-4792000,-4669000,-8764000,1128000,4244000,157000,1940000,None,-344000,7.27,8.26
17,2016-03-31,USD,69958000,10262000,54269000,15689000,5999000,3094000,0,0,5943000,1396000,10206000,516000,5483000,56000,708000,None,None,None,0,0,0,1453000,0,0,4490000,3094000,None,USD,505528000,0,None,None,128210000,362871000,0,9071000,488000,90271000,26666000,0,99187000,25412000,100627000,67500000,None,None,753000,405588000,None,362871000,955000,4126000,9988000,376050000,24056000,0,0,488000,0,90271000,0,None,19953000,None,79234000,None,9988000,17595000,27583000,None,None,None,272112000,505528000,25412000,None,48833323,USD,None,6940000,-7000,0,19830000,20558000,728000,None,4490000,3250000,-17301000,2850000,56000,-1500000,728000,-32499000,812000,1674000,7000,-812000,None,3250000,7.59,7.27
18,2015-12-31,USD,73890000,22405000,58864000,18044000,9892000,4693000,0,0,10009000,2374000,22749000,1700000,8309000,-344000,387000,None,None,None,0,0,0,2942000,2440000,0,7067000,4693000,None,USD,473876000,0,None,20413000,102021000,359532000,800000,6938000,488000,87177000,25114000,0,104327000,19909000,73687000,47500000,57658000,None,802000,389066000,None,359532000,1392000,3314000,10158000,344132000,19249000,0,0,488000,0,87177000,0,None,23664000,None,80663000,None,10158000,18176000,28334000,None,None,None,271867000,473876000,21301000,None,48833323,USD,-286000,-2202000,691000,2768000,32239000,30898000,-41000,-19335000,7067000,5504000,-26085000,-3517000,-344000,-1300000,-7723000,-27258000,-2566000,2757000,691000,-2588000,None,5504000,7.2,7.59
19,2015-09-30,USD,75198000,9068000,59390000,15808000,7763000,2826000,0,0,7142000,2460000,8447000,402000,7361000,621000,1890000,None,None,None,0,0,0,1856000,0,0,5286000,2826000,None,USD,440130000,0,None,None,76090000,352791000,0,8393000,488000,80551000,28562000,0,102753000,16702000,44463000,13960000,None,None,1922000,335455000,None,352791000,2297000,726000,11458000,318027000,22110000,0,0,488000,0,80551000,0,None,19307000,None,83446000,None,11458000,20169000,31627000,None,None,None,271752000,440130000,16702000,None,48813889,USD,None,-6417000,-320000,2768000,-156904000,9329000,169983000,None,5286000,-766000,-9775000,-7855000,621000,-3750000,-3750000,-3373000,22000,1879000,320000,84000,None,-766000,10.83,7.2
