,fiscalDateEnding,reportedCurrency_x,totalRevenue,totalOperatingExpense,costOfRevenue,grossProfit,ebit,netIncome_x,researchAndDevelopment,effectOfAccountingCharges,incomeBeforeTax,minorityInterest,sellingGeneralAdministrative,otherNonOperatingIncome,operatingIncome,otherOperatingExpense,interestExpense,taxProvision,interestIncome,netInterestIncome,extraordinaryItems,nonRecurring,otherItems,incomeTaxExpense,totalOtherIncomeExpense,discontinuedOperations,netIncomeFromContinuingOperations,netIncomeApplicableToCommonShares,preferredStockAndOtherAdjustments,reportedCurrency_y,totalAssets,intangibleAssets,earningAssets,otherCurrentAssets,totalLiabilities,totalShareholderEquity,deferredLongTermLiabilities,otherCurrentLiabilities,commonStock,retainedEarnings,otherLiabilities,goodwill,otherAssets,cash,totalCurrentLiabilities,shortTermDebt,currentLongTermDebt,otherShareholderEquity,propertyPlantEquipment,totalCurrentAssets,longTermInvestments,netTangibleAssets,shortTermInvestments,netReceivables,longTermDebt,inventory,accountsPayable,totalPermanentEquity,additionalPaidInCapital,commonStockTotalEquity,preferredStockTotalEquity,retainedEarningsTotalEquity,treasuryStock,accumulatedAmortization,otherNonCurrrentAssets,deferredLongTermAssetCharges,totalNonCurrentAssets,capitalLeaseObligations,totalLongTermDebt,otherNonCurrentLiabilities,totalNonCurrentLiabilities,negativeGoodwill,warrants,preferredStockRedeemable,capitalSurplus,liabilitiesAndShareholderEquity,cashAndShortTermInvestments,accumulatedDepreciation,commonStockSharesOutstanding,reportedCurrency,investments,changeInLiabilities,cashflowFromInvestment,otherCashflowFromInvestment,netBorrowings,cashflowFromFinancing,otherCashflowFromFinancing,changeInOperatingActivities,netIncome_y,changeInCash,operatingCashflow,otherOperatingCashflow,depreciation,dividendPayout,stockSaleAndPurchase,changeInInventory,changeInAccountReceivables,changeInNetIncome,capitalExpenditures,changeInReceivables,changeInExchangeRate,changeInCashAndCashEquivalents,clossingVal,nextClossingVal
0,2020-06-30,EUR,1384022000.0,1244667000.0,936638000.0,447384000.0,211772000.0,31867000.0,74248000.0,None,75869000.0,1675835000.0,233781000.0,None,139355000.0,None,55261000.0,17733000,1982000,-59744000,None,None,None,17733000.0,-3742000.0,None,58136000.0,31867000.0,None,EUR,15597511000.0,1433768000.0,None,43370000.0,8556735000.0,5364941000.0,None,217385000.0,119604000.0,218247000.0,533082000.0,5501972000,254449000.0,878406000.0,1240627000.0,None,215445000,4238917000,2911500000.0,3554170000,2071069000,-1570799000,12317000,439291000,6087705000.0,2085104000.0,551905000,None,None,None,None,None,None,None,None,None,12043341000,739935000,None,34999000,7316108000,None,None,None,None,None,None,None,None,EUR,-109755000,-56762000,-109755000,8912000,-56967000,-68378000,-11411000,-11729000,31867000.0,254402000,435341000.0,None,80642000,None,None,325563000,None,139185000,96641000.0,None,None,None,18.24,
1,2020-03-31,EUR,1293319000.0,1020535000.0,702085000.0,591234000.0,350358000.0,186380000.0,67865000.0,0,251276000.0,1663027000.0,250585000.0,0,272784000.0,0,0.0,47736000,None,-16846000,0,0,0,47736000.0,-4662000.0,0,203540000.0,186380000.0,0,EUR,15896382000.0,0.0,None,45925000.0,8689846000.0,5543509000.0,0,1333835000.0,119604000.0,186380000.0,492373000.0,0,131545000.0,637697000.0,1333835000.0,0,0,4512732000,2209941000.0,3663767000,2089839000,-2257781000,13035000,507617000,0.0,2459493000.0,0,0,0,0,0,0,0,0,131545000,0,12232615000,0,0,7356011000,7356011000,0,0,0,0,0,0,0,690000000,EUR,-113308000,-23282000,-113308000,-8912000,-114843000,-110039000,4804000,-11729000,186380000.0,-117978000,105369000.0,0,77574000,0,0,-74684000,1344000,-61963000,86397000.0,0,0,0,20.14,18.24
2,2019-12-31,EUR,1360910000.0,1073967000.0,752292000.0,608618000.0,396430000.0,201744000.0,75029000.0,0,259100000.0,2023649000.0,246646000.0,0,286943000.0,0,58996000.0,56858000,None,36617000,0,0,0,56858000.0,-64460000.0,0,202242000.0,201744000.0,0,EUR,15542611000.0,1433534000.0,None,58111000.0,8696843000.0,4822119000.0,331808000,41768000.0,119604000.0,625146000.0,544198000.0,5507063000,564251000.0,741982000.0,1366558000.0,0,276397000,3313283000,2863403000.0,5362184000,143984000,-1786670000,1727429000,390205000,6089802000.0,2342590000.0,581882000,0,0,0,0,0,0,0,10180427000,0,10180427000,740690000,0,72341000,7330285000,0,0,0,0,0,0,0,0,EUR,-155648000,26127000,-155648000,18934000,143810000,-92748000,-236558000,-13871000,201744000.0,1731000,229725000.0,0,78334000,-140317000,0,-70730000,-269075975.15,93832000,157843000.0,0,0,0,23.29,20.14
3,2019-09-30,EUR,1314421000.0,1021322000.0,707754000.0,606667000.0,359412000.0,136522000.0,68416000.0,0,189704000.0,520002000.0,245152000.0,0,293099000.0,0,94517000.0,37941000,None,-96330000,0,0,0,37941000.0,-7065000.0,0,151763000.0,136522000.0,0,EUR,14036984000.0,18641888361.96,None,173752503.53,8745110000.0,4771872000.0,0,979388000.0,119604000.0,423402000.0,446719000.0,0,119774000.0,792134000.0,1394814000.0,0,982727127.73,3367722000,2112661000.0,3659798000,264308000,-3108571000,2764000,464280000,16331025011.16,2327170000.0,0,0,0,0,0,0,0,0,119774000,0,10377186000,0,0,446719000,7350296000,0,0,0,0,0,0,0,0,EUR,38823000,23049000,38823000,-18934000,-49220000,-39406000,9814000,-7314000,136522000.0,186554000,193657000.0,0,75191000,3489000,0,-43476000,94098394.64,-30093000,72704000.0,0,0,0,20.04,23.29
4,2019-06-30,EUR,1266583000.0,955313000.0,668689000.0,597894000.0,386524000.0,172509000.0,69963000.0,0,225447000.0,492055000.0,216661000.0,0,311270000.0,0,86633000.0,45090000,4982000,-86297000,0,0,0,45090000.0,474000.0,0,180357000.0,172509000.0,0,EUR,13323775000.0,1417377000.0,None,36507000.0,8437956000.0,4393764000.0,0,163612000.0,119604000.0,286880000.0,499437000.0,5416606000,224468000.0,553697000.0,1276459000.0,0,289133000,3077367000,2680255000.0,3424363000,267653000,-2440219000,169434000,332027000,6018086000.0,2205763000.0,536743000,0,0,0,0,0,0,0,9899412000,0,9899412000,683405000,0,90972000,7161497000,0,0,0,0,0,0,0,690000000,EUR,-178360000,-44654000,-178360000,133540000,-36528000,-144848000,-6408000,7314000,172509000.0,-3421000,313267000.0,0,74444000,-341505701.75,0,-77305000,304262841.55,90159000,100341000.0,0,0,0,21.1,20.04
5,2019-03-31,EUR,1156777000.0,925697000.0,628724000.0,528053000.0,305566000.0,114369000.0,62610000.0,0,142851000.0,671008314.72,234363000.0,0,231080000.0,0,-234206080.48,28571000,None,-82220000,0,0,0,40283114.16,-6009000.0,0,114280000.0,161252300.71,0,EUR,13387065000.0,23303090150.59,None,21625000.0,8510000000.0,4401149000.0,0,885141000.0,168633285.02,114370000.0,607299211.21,0,170491572.95,576712000.0,1215110000.0,0,1037047050.08,4862334444.43,2813641087.45,3488966000,366980000,-4248766683.80,178232000,596716000,21573108017.08,2115681000.0,0,0,0,0,0,0,0,0,120922000,0,9898099000,0,0,7294890000,7294890000,0,0,0,0,0,0,0,0,EUR,-253604000,-69179632.47,-357563924.40,-188282071.52,-92458989.09,-55354000,14413715.88,10312229.09,114369000.0,-476674000,-167716000.0,0,74486000,-320295357.93,0,-132237000,-453323280.24,-43748722.46,81417000.0,0,0,0,20.11,21.1
6,2018-12-31,USD,1402622161.05,1148991741.23,808405597.61,594216563.43,253630419.82,147218398.72,80500114.71,0,161855930.26,540318880.48,260086028.91,0,253630419.82,0,-70924523.97,None,None,None,0,0,0,15128469.83,-91774489.56,0,146727460.43,147218398.72,0,USD,14311821518.7,1259844000.92,None,112071576.05,8924572149.58,4846930488.64,329439091.53,169351915.58,137192016.52,599677678.37,576523285.16,5975258086.72,579754530.86,1185813259.92,1442212663.45,0,295677907.78,3129002064.69,2239026152.79,3995470291.35,262468456.07,-2388171598.99,942876.81,460625143.38,6894896765.31,2236017435.19,644509061.71,0,0,0,0,0,0,0,0,0,0,0,0,0,0,0,0,0,0,0,0,0,0,USD,42629043.36,159387474.19,-138936682.73,-58849506.77,-23376921.31,268817389.31,452557926.13,-3546685.02,147218398.72,518219775.18,377015370.5,0,44350768.52,-160363615.51,0,-57774718.97,1920165.18,58414774.03,79708648.77,0,0,0,18.36,20.11
7,2018-09-30,USD,1324149108.59,1015319518.41,716066219.03,608082889.56,308829590.18,172861773.56,67416068.53,0,216961102.11,2713591.11,231837230.84,0,308829590.18,0,-107460060.2,None,None,None,0,0,0,44923593.42,-91868488.08,0,172037508.68,172861773.56,0,USD,13637039824.03,7618314424.64,None,74024079.65,8835731650.85,4798594582.08,0,971118314.42,138462607.08,542135911.09,497831674.0,0,77895346.14,673776337.12,1257721694.84,0,286603380.41,3127851354.48,2163474183.84,3501245658.72,276110210.70,-2819719842.56,59495253.53,535817318.82,7080178282.01,2158132669.6,0,0,0,0,0,0,0,0,0,0,0,0,0,0,0,0,0,0,0,0,0,0,0,USD,-65408659.41,10200277.84,-383528594.58,59394535.77,89820560.31,91706413.52,1885853.21,-590414.45,172861773.56,-100128501.97,184719842.56,0,67617504.05,-161848807.59,0,-48918731.19,56087057.19,-72537624.45,79491780.5,0,0,0,21.37,18.36
8,2018-06-30,USD,1276892458.1,1317100588.8,674674115.46,602218342.64,304576350.09,204343575.42,67831703.91,0,254175977.65,4473929.24,229810288.64,0,304576350.09,0,-77644320.3,None,None,None,0,0,0,50484171.32,-50400372.44,0,203691806.33,204343575.42,0,USD,13307284683.43,1562531424.58,None,51075418.99,8685259543.76,4617551210.43,0,460716946.0,139203910.61,434024674.12,571229050.28,5811385009.31,119909217.88,778048184.36,1182134543.76,0,219689245.81,3048876862.20,2117422020.48,3430368947.86,265668063.31,-2756365223.46,498137.80,497901536.31,6925069832.4,2102845670.39,497199720.67,0,0,0,0,0,-272666793348.10,0,0,0,0,0,0,0,0,0,0,0,0,0,0,0,675000000,USD,65758845.44,-6954143.39,-270008147.11,9858007.45,-7153165.74,-172704841.71,-171089.39,593575.42,204343575.42,-207196229.05,182122905.03,0,64100325.88,-165380586.59,0,-64221368.72,-59455307.26,43716247.67,58026070.76,0,0,0,21.5,21.37
9,2018-03-31,USD,1258472136.79,957635625.54,657126337.8,601345798.99,300836511.26,176414073.07,66387009.47,0,220120556.03,5458235.95,234122278.26,None,300836511.26,0,-78179357.85,None,None,None,0,0,0,44367080.82,-80715955.22,0,175753475.21,176414073.07,None,USD,13378310985.36,7122140484.68,None,37406815.11,8814594661.09,4558258088.33,0,951692705.13,147132488.62,25121171.12,479658014.52,0,75140853.73,1041360560.95,1166239389.84,214546684.71,214546684.71,3333861483.58,2126357485.55,3648507811.54,406164349.86,-2563882396.36,12932710.05,497294870.22,7168697256.74,2059512855.21,0,0,0,0,0,0,-84023865.17,None,None,None,None,None,None,None,None,None,None,None,None,None,None,None,None,USD,69504244.06,-8028047.73,-119890515.44,-10419485.79,-16783122.16,-15598474.60,1184647.56,627383.44,176414073.07,-49205314.31,114042317.63,None,65054742.28,-174800098.41,0,-103170131.63,-14982162.63,-1246155.74,54092754.34,None,None,None,21.2,21.5
10,2017-12-31,USD,1351746000.0,3253552000.0,1276338000.0,2202678000.0,1206639000.0,286656000.0,131758000.0,0,139383000.0,4703000.0,683076000.0,None,592493000.0,0,166419000.0,None,None,None,0,0,0,-36721000.0,-510677000.0,0,661489000.0,286656000.0,None,USD,13128341000.0,7044700000.0,None,39740000.0,8759588000.0,4362879000.0,232345000,499051000.0,143788000.0,3199258000.0,49556000.0,5518697000,7471546000.0,1065776000.0,1175736000.0,129122000,129122000,2054326000,2115936000.0,2945316000,259063000,-1998416000,702000,385265000,7066746000.0,1958736000.0,508646000,None,None,None,None,None,-75044000,None,None,None,None,None,None,None,None,None,None,None,None,None,None,None,None,USD,-87144000,22287000,-2185880000,-2322818000,1808771000,1724033000,-156446000,-2691000,286656000.0,-8488000,1011947000.0,None,196107000,-262392000,None,-165508000,96311000,29356000,302362000.0,None,None,None,22.92,21.2
11,2017-09-30,USD,1337640000.0,683051000.0,-738301000.0,473123000.0,167424000.0,192975000.0,76131000.0,0,263443000.0,7061000.0,-303708000.0,None,-396249000.0,0,-101640000.0,None,None,None,0,0,0,71129000.0,1974000.0,0,123660000.0,192975000.0,None,USD,13006041000.0,7054850000.0,None,41344000.0,8767401000.0,4232230000.0,None,781510000.0,141288000.0,3088839000.0,580302000.0,None,7505502000.0,962895000.0,1124677000.0,170557000,170557000,2183016000,2056206000.0,2915714000,295103000,-2389418000,11381000,471385000,5889455000.0,1883247000.0,None,None,None,None,None,None,-73739000,None,None,None,None,None,None,None,None,None,None,None,None,None,None,None,None,USD,-19915000,8268000,-120973000,8436000,21920000,1767283000,-3168000,-5205000,192975000.0,64897000,674017000.0,None,51810000,-112547000,None,-44194000,81744000,-2692000,219965000.0,None,None,None,21.89,22.92
12,2017-06-30,USD,1366016000.0,-1581262000.0,645550000.0,-1064387000.0,-473011000.0,173721000.0,75428000.0,0,237585000.0,-13211000.0,312544000.0,None,343374000.0,0,87253000.0,None,None,None,0,0,0,64148000.0,120174000.0,0,-257570000.0,173721000.0,None,USD,12685585000.0,6990028000.0,None,30798000.0,8594935000.0,4084045000.0,None,405354000.0,136480000.0,2979563000.0,45668000.0,5732776000,7405785000.0,856074000.0,1027356000.0,6148992000,6148992000,2264430000,2026487000.0,2851032000,268879000,-2546650000,868000,478038000,6869033000.0,1820951000.0,450530000,None,None,None,None,None,-71230000,None,None,None,None,None,None,None,None,None,None,None,None,None,None,None,685000000,USD,19915000,-31415000,-80445000,-20614000,60820000,1685744000,-54176000,5205000,173721000.0,12927000,431978000.0,None,53235000,-108717000,None,-4332000,44591000,84792000,143279000.0,None,None,None,21.13,21.89
13,2017-03-31,USD,1135785000.0,808968000.0,519632000.0,541897000.0,252712000.0,143346000.0,63301000.0,0,195986000.0,6333000.0,288767000.0,None,270351000.0,0,73546000.0,None,None,None,0,0,0,52916000.0,-69513000.0,0,133735000.0,143346000.0,None,USD,12525601000.0,6985232000.0,None,47094000.0,8442426000.0,4076400000.0,None,786025000.0,127952000.0,3047657000.0,613706000.0,None,7397665000.0,788754000.0,1010788000.0,6491862000,6491862000,2837725000,1969705000.0,2952170000,307941000,-2719043000,12541000,485251000,6333049000.0,1803260000.0,None,None,None,None,None,None,-73506000,None,None,None,None,None,None,None,None,None,None,None,None,None,None,None,670000000,USD,19915000,-17915000,-1858407000,20614000,1663125000,1675229000,-97198000,5205000,143346000.0,-157718000,155532000.0,None,53314000,-95274000,None,-59885000,61248000,-21375000,66887000.0,None,None,None,18.875,21.13
14,2016-12-31,USD,956285000.0,2349861000.0,495198000.0,1444382000.0,699936000.0,119194000.0,40338000.0,0,165595000.0,6497000.0,204063000.0,None,213434000.0,0,55315000.0,None,None,None,0,0,0,46705000.0,-226656000.0,0,544543000.0,119194000.0,None,USD,10688935000.0,5106427000.0,None,52002000.0,6755173000.0,3926907000.0,70620000,420802000.0,126206000.0,2912204000.0,50955000.0,3845144000,5484302000.0,944413000.0,1130924000.0,200085000,200085000,2260575000,1909756000.0,3122514000,272622000,-1047196000,957000,528518000,4939492000.0,1733621000.0,486524000,None,None,None,None,None,-72503000,None,None,None,None,None,None,None,None,None,None,None,None,None,None,None,683000000,USD,-149733000,36474000,-506652000,-271320000,-80149000,-329558000,-21492000,-2610000,119194000.0,-247491000,583819000.0,None,201869000,-228083000,920000,-173003000,-25180000,-29728000,263184000.0,None,None,None,16.07,18.875
15,2016-09-30,USD,1164041000.0,-10439000.0,582646000.0,-91000.0,18472000.0,164637000.0,60793000.0,0,205663000.0,-90000.0,244859000.0,None,278443000.0,0,74445000.0,None,None,None,0,0,0,41292000.0,0.0,0,0.0,164637000.0,None,USD,10752367000.0,5144424000.0,None,36969000.0,6782613000.0,3965215000.0,71000000,346107000.0,134411000.0,2884544000.0,56266000.0,3873440000,5545218000.0,1011938000.0,1040277000.0,4658570000,4658570000,None,1888486000.0,2953073000,231503000,None,1779000,475214000,5005191000.0,1735711000.0,439382000,None,None,None,None,None,-77216000,None,None,None,None,None,None,None,None,None,None,None,None,None,None,None,675000000,USD,None,None,-75040000,None,None,-31791000,-12564000,-5284000,164637000.0,93442000,419038000.0,None,49843000,-104786000,None,-21012000,59133000,None,188369000.0,None,None,None,15.97,16.07
16,2016-06-30,USD,1060830000.0,771000000.0,528346000.0,468000000.0,221000000.0,149079000.0,53104000.0,0,193770000.0,90000.0,243560000.0,None,235761000.0,0,67515000.0,None,None,None,0,0,0,44601000.0,0.0,0,0.0,149079000.0,None,USD,10524151000.0,5078991000.0,None,30836000.0,6759645000.0,3759930000.0,71000000,386130000.0,131947000.0,2691693000.0,53905000.0,3822307000,5470945000.0,890303000.0,1075831000.0,4673000000,4673000000,None,1831069000.0,2921000000,233000000,None,2000000,555000000,4943977000.0,1688852000.0,441878000,None,None,None,None,None,-68426000,None,None,None,None,None,None,None,None,None,None,None,None,None,None,None,696000000,USD,None,None,-228000000,None,None,-108000000,-16000000,5000000,149079000.0,-201000000,184079000.0,None,50000000,-102865000,None,-54000000,-45000000,None,116445000.0,None,None,None,16.67,15.97
17,2016-03-31,USD,1092225000.0,0.0,515334000.0,0.0,0.0,142655000.0,54290000.0,0,187068000.0,0.0,255100000.0,None,263625000.0,0,74806000.0,None,None,None,0,0,0,44896000.0,0.0,0,0.0,142655000.0,None,USD,10523272000.0,5113096000.0,None,35603000.0,6767494000.0,3750268000.0,None,335939000.0,136229000.0,2641522000.0,50248000.0,3851412000,5329163000.0,1147630000.0,1017355000.0,None,None,None,1830331000.0,None,None,None,None,None,4999128000.0,1647363000.0,432816000,None,None,None,None,None,-64802000,None,None,None,None,None,None,None,None,None,None,None,None,None,None,None,696000000,USD,None,None,None,None,None,None,None,None,142655000.0,None,66442000.0,None,None,None,None,None,None,None,61771000.0,None,None,None,15.47,16.67
18,2015-12-31,USD,1067081000.0,2964193000.0,512045000.0,1930998000.0,970370000.0,129580000.0,66942000.0,0,172707000.0,465000.0,251631000.0,None,252284000.0,0,63022000.0,None,None,None,0,0,0,42662000.0,-280120000.0,0,531441000.0,129580000.0,None,USD,10426502000.0,5097139000.0,None,34314000.0,6841523000.0,3579347000.0,45137000,477826000.0,129878000.0,2524116000.0,47680000.0,3835788000,5285988000.0,1240641000.0,1143459000.0,188073000,188073000,1843134000,1785656000.0,3089472000,78137000,-1352591000,509000,477803000,4964568000.0,1554347000.0,445203000,None,None,None,None,None,-63607000,None,None,None,None,None,None,None,None,None,None,None,None,None,None,None,None,USD,-21788000,-95257000,-633110000,-120061000,28953000,-158038000,23984000,-5565000,129580000.0,63354000,806583000.0,None,189755000,-240822000,71152000,-120641000,156809000,97936000,567477000.0,None,None,None,32.4,15.47
19,2015-09-30,USD,1085571000.0,0.0,513378000.0,0.0,0.0,156593000.0,60579000.0,0,204199000.0,0.0,241357000.0,None,276435000.0,0,70442000.0,None,None,None,0,0,0,47809000.0,0.0,0,0.0,156593000.0,None,USD,10245112000.0,5104819000.0,None,41984000.0,6669904000.0,3570044000.0,None,428604000.0,133502000.0,2485368000.0,53215000.0,3833866000,5307468000.0,995481000.0,1088793000.0,None,None,None,1766263000.0,None,None,None,None,None,4871265000.0,1517455000.0,392697000,None,None,None,None,None,-65381000,None,None,None,None,None,None,None,None,None,None,None,None,None,None,None,683000000,USD,None,None,None,None,None,None,None,None,156593000.0,None,482636000.0,None,None,-114028000,None,None,82986000,None,517937000.0,None,None,None,30.4,32.4
