,fiscalDateEnding,reportedCurrency_x,totalRevenue,totalOperatingExpense,costOfRevenue,grossProfit,ebit,netIncome_x,researchAndDevelopment,effectOfAccountingCharges,incomeBeforeTax,minorityInterest,sellingGeneralAdministrative,otherNonOperatingIncome,operatingIncome,otherOperatingExpense,interestExpense,taxProvision,interestIncome,netInterestIncome,extraordinaryItems,nonRecurring,otherItems,incomeTaxExpense,totalOtherIncomeExpense,discontinuedOperations,netIncomeFromContinuingOperations,netIncomeApplicableToCommonShares,preferredStockAndOtherAdjustments,reportedCurrency_y,totalAssets,intangibleAssets,earningAssets,otherCurrentAssets,totalLiabilities,totalShareholderEquity,deferredLongTermLiabilities,otherCurrentLiabilities,commonStock,retainedEarnings,otherLiabilities,goodwill,otherAssets,cash,totalCurrentLiabilities,shortTermDebt,currentLongTermDebt,otherShareholderEquity,propertyPlantEquipment,totalCurrentAssets,longTermInvestments,netTangibleAssets,shortTermInvestments,netReceivables,longTermDebt,inventory,accountsPayable,totalPermanentEquity,additionalPaidInCapital,commonStockTotalEquity,preferredStockTotalEquity,retainedEarningsTotalEquity,treasuryStock,accumulatedAmortization,otherNonCurrrentAssets,deferredLongTermAssetCharges,totalNonCurrentAssets,capitalLeaseObligations,totalLongTermDebt,otherNonCurrentLiabilities,totalNonCurrentLiabilities,negativeGoodwill,warrants,preferredStockRedeemable,capitalSurplus,liabilitiesAndShareholderEquity,cashAndShortTermInvestments,accumulatedDepreciation,commonStockSharesOutstanding,reportedCurrency,investments,changeInLiabilities,cashflowFromInvestment,otherCashflowFromInvestment,netBorrowings,cashflowFromFinancing,otherCashflowFromFinancing,changeInOperatingActivities,netIncome_y,changeInCash,operatingCashflow,otherOperatingCashflow,depreciation,dividendPayout,stockSaleAndPurchase,changeInInventory,changeInAccountReceivables,changeInNetIncome,capitalExpenditures,changeInReceivables,changeInExchangeRate,changeInCashAndCashEquivalents,clossingVal,nextClossingVal
0,2020-05-31,USD,9315000,5797000,2489000,6826000,1031000,-693000,None,None,-868000,None,2438000,2000,1029000,3359000,1899000,-175000,-1897000,-1899000,None,None,None,-175000,2000,None,-693000,-693000,None,USD,280722000,2438000,None,None,193058000,87664000,8886000,None,57000,-94000,15334000,None,11219000,4027000,4237000,4100000,4100000,-28395000,6940000,4027000,None,87664000,0,666000,158375000,6940000,4237000,None,None,57000,None,-94000,-20329000,None,264970000,None,4785000,802000,158375000,21560000,188821000,None,None,None,116096000,280722000,4027000,None,5131147,USD,-8476000,-1923000,-8476000,-5942000,-1191000,1389000,-393000,1921000,-693000,-4668000,2419000,2162000,3467000,0,2580000,None,None,-594000,2534000,None,None,-4668000,40.39,
1,2020-02-29,USD,9664000,5292000,3022000,6642000,1376000,-320000,None,None,-416000,None,2057000,26000,1350000,3235000,1792000,-96000,-1766000,-1792000,None,None,None,-96000,26000,None,-320000,-320000,None,USD,280460000,2645000,None,None,192390000,88070000,9984000,None,57000,599000,15884000,None,9944000,8695000,4754000,4100000,4100000,-25899000,7496000,8695000,None,88070000,0,1356000,159495000,7496000,4754000,None,None,57000,None,599000,-20329000,None,260045000,None,4224000,829000,159495000,18157000,187636000,None,None,None,113313000,280460000,8695000,None,5075120,USD,1011000,-1220000,-10124000,-7339000,15471000,12540000,-393000,-1844000,-320000,2821000,405000,-258000,3338000,-2538000,None,None,None,-1135000,3796000,None,None,2821000,40.24,40.39
2,2019-11-30,USD,8759000,8205000,2428000,6331000,-1852000,-2582000,None,None,-3484000,None,2110000,22000,-1874000,2995000,1632000,-902000,-1610000,-1632000,None,3100000,None,-902000,-3078000,None,-2582000,-2582000,None,USD,268495000,1907000,None,None,177733000,90762000,10918000,None,57000,919000,18375000,None,8674000,5874000,6856000,5875000,5875000,-23470000,2137000,5874000,1011000,90762000,1011000,904000,142575000,2137000,6856000,None,None,57000,None,919000,-20329000,None,256192000,None,3281000,None,142575000,17384000,170877000,None,None,None,113256000,268495000,5874000,None,5075120,USD,8000000,642000,-8008000,-8448000,4818000,4886000,-393000,2752000,-2582000,1464000,4586000,2830000,3097000,0,68000,None,None,599000,7560000,None,None,1464000,38.65,40.24
3,2019-08-31,USD,8902000,4593000,2659000,6243000,1711000,1017000,None,None,203000,None,1668000,61000,1650000,2925000,1508000,-814000,-1447000,-1508000,None,None,None,-814000,61000,None,1017000,1017000,None,USD,268024000,1177000,None,10191000,173555000,94469000,11897000,2939000,57000,6039000,19432000,None,7993000,4410000,4816000,None,None,-24759000,228115000,4410000,11148000,94469000,9011000,1275000,143571000,2137000,4816000,None,None,57000,None,6039000,-20329000,None,249624000,None,2842000,None,143571000,13271000,168739000,None,None,None,113132000,268024000,4410000,None,5072621,USD,2989000,3469000,-5738000,5529000,5000,-28000,-33000,-3195000,1017000,-2556000,3210000,-3347000,2990000,0,98000,None,None,-919000,14256000,None,None,-2556000,35.99,38.65
4,2019-05-31,USD,17081000,4748000,3302000,13779000,9120000,5819000,None,None,7502000,None,1809000,89000,9031000,2939000,1618000,1683000,-1529000,-1618000,None,None,None,1683000,215000,None,5819000,5819000,None,USD,263539000,1251000,None,11332000,167469000,96070000,8908000,4003000,57000,5022000,16291000,None,6415000,6966000,5329000,None,None,-22120000,218955000,6966000,13037000,96070000,12000000,687000,143537000,1037000,5329000,None,None,57000,None,5022000,-20329000,None,242304000,None,1232000,None,143537000,9695000,162140000,None,None,None,113111000,263539000,6966000,None,5072621,USD,3000000,-1541000,-2035000,591000,-828000,-730000,-33000,823000,5819000,-779000,1986000,689000,2980000,0,98000,None,None,-5961000,5626000,None,None,-779000,37.15,35.99
5,2019-02-28,USD,9303000,5032000,3479000,5824000,884000,-586000,0,None,-766000,None,2090000,92000,792000,2942000,1650000,-180000,None,-1650000,None,None,None,-180000,92000,None,-586000,-586000,None,USD,258851000,1325000,None,5595000,165977000,92874000,9683000,2456000,56000,-797000,17028000,None,7183000,7745000,4363000,None,None,-18546000,214171000,7745000,16858000,92874000,15000000,485000,144304000,1858000,4363000,None,None,56000,None,-797000,-19483000,None,232102000,None,2146000,None,144304000,7627000,161614000,None,None,None,112161000,258851000,7745000,None,5065173,USD,2000000,-772000,753000,676000,-808000,-3087000,-33000,-38000,-586000,-847000,1487000,-60000,3047000,-2279000,None,None,None,-142000,1923000,None,None,-847000,34.04,37.15
6,2018-11-30,USD,8403000,4888000,2254000,6149000,1261000,-139000,0,0,-367000,0,1934000,76000,1261000,2954000,1704000,None,None,None,0,0,0,-228000,-1628000,0,-139000,-139000,None,USD,263469000,1399000,None,6785000,168641000,94828000,10599000,3610000,56000,-211000,17921000,None,6661000,8592000,5612000,None,None,-17088000,213866000,8592000,19652000,93429000,None,6009000,145108000,None,5612000,None,None,56000,None,-211000,None,None,233669000,None,1556000,None,145052000,7378000,163029000,None,None,None,112071000,263469000,8592000,None,5000000,USD,-6000000,-1005000,-11271000,-317000,3879000,4446000,-1000,1350000,-139000,-3380000,3445000,1630000,3076000,-2279000,568000,None,None,-117000,4954000,None,None,-3380000,35.45,34.04
7,2018-08-31,USD,8001000,4585000,2189000,5812000,1276000,-122000,0,0,-211000,0,1842000,49000,1227000,2743000,1487000,None,None,None,0,0,0,-89000,-1438000,0,-122000,-122000,None,USD,262549000,1473000,None,6721000,166152000,96397000,11817000,4064000,56000,2207000,19419000,0,6362000,11972000,5520000,141213000,141213000,-17280000,215488000,11972000,12217000,96397000,11000000,6560000,141113000,1217000,5520000,0,0,56000,0,2207000,-19483000,None,236924000,None,1436000,None,141113000,7702000,160632000,None,None,None,111414000,262549000,11972000,None,5045050,USD,-11000000,2267000,-25983000,599000,7096000,7832000,29000,-3288000,-122000,-16806000,1345000,-3527000,2983000,-2279000,707000,0,0,-256000,15582000,None,None,-16806000,40.1,35.45
8,2018-05-31,USD,9091000,4725000,2467000,6624000,1910000,331000,0,0,363000,0,1836000,11000,1899000,2889000,1547000,None,None,None,0,0,0,32000,-1536000,0,331000,331000,None,USD,255431000,1547000,None,3185000,159931000,95500000,9836000,7182000,56000,2329000,17199000,0,7610000,28778000,8596000,134136000,134136000,-17041000,205396000,28778000,1217000,95500000,0,6115000,133965000,1217000,8596000,0,0,56000,0,2329000,-19015000,None,224123000,None,1313000,None,133965000,7534000,151335000,None,None,None,110156000,255431000,28778000,None,5018953,USD,-11000000,-1629000,-5903000,-88000,-933000,-836000,-430000,1433000,331000,-4482000,2257000,1259000,2907000,-2279000,527000,0,0,-611000,5815000,None,None,-4482000,41.34,40.1
9,2018-02-28,USD,8305000,4955000,2766000,5539000,599000,-1723000,0,0,-933000,0,2137000,15000,584000,2818000,1532000,None,None,None,0,0,0,790000,-1517000,0,-1723000,-1723000,None,USD,252865000,1627000,None,2178000,158425000,94440000,11009000,3795000,55000,1998000,18437000,0,12416000,33260000,4758000,135469000,135469000,-16659000,196862000,33260000,1864000,94440000,0,6285000,135230000,1864000,4758000,0,0,55000,0,1998000,-18480000,None,216353000,None,1388000,None,135230000,7428000,153667000,None,None,None,109046000,252865000,33260000,None,5001006,USD,-11000000,-991000,-2177000,93000,6142000,3975000,-167000,385000,-1723000,3192000,1394000,318000,2946000,-2000000,0,0,0,844000,2270000,None,None,3192000,36.36,41.34
10,2017-11-30,USD,8864000,5112000,2909000,5955000,867000,-490000,0,0,-623000,0,2421000,24000,843000,2691000,1490000,None,None,None,0,0,0,-133000,-5693000,0,-490000,-490000,None,USD,249037000,1695000,None,2774000,155984000,93053000,11818000,6559000,55000,2806000,19790000,0,10824000,30068000,6991000,130048000,130048000,-18578000,196991000,30068000,1932000,93053000,0,6448000,129203000,1932000,6991000,0,0,55000,0,2806000,-18294000,None,215133000,None,1904000,None,129203000,7972000,148993000,None,None,None,108770000,249037000,30068000,None,5000535,USD,1216000,383000,-6179000,462000,-2353000,-2415000,-62000,-974000,-490000,-4920000,3674000,1185000,2820000,-1514000,0,0,0,-224000,6641000,None,None,-4920000,36.5,36.36
11,2017-08-31,USD,10229000,4372000,2388000,7841000,3201000,1329000,0,0,2033000,0,1735000,7000,3194000,2637000,1443000,None,None,None,0,0,0,704000,0,0,1329000,1329000,None,USD,252442000,1790000,None,4369000,158435000,94007000,12302000,4744000,55000,5296000,21774000,0,10156000,34988000,5097000,134011000,134011000,-20042000,193813000,34988000,2684000,94007000,0,6432000,131564000,2684000,5097000,0,0,55000,0,5296000,-18294000,None,212210000,None,2560000,None,131564000,9472000,153338000,None,None,None,108698000,252442000,34988000,None,5000535,USD,1216000,2682000,-11450000,11416000,11454000,11143000,-311000,-2183000,1329000,2844000,3151000,-2244000,2805000,-1514000,0,0,0,-1421000,24082000,None,None,2844000,34.35,36.5
12,2017-05-31,USD,18087000,4552000,4864000,13223000,8724000,4727000,0,0,7280000,0,2166000,53000,8671000,2386000,1444000,None,None,None,0,0,0,2553000,0,0,4727000,4727000,None,USD,235011000,233000,None,754000,141730000,93281000,10142000,2279000,55000,3967000,19204000,0,21330000,32144000,2556000,119970000,119970000,-19349000,171530000,32144000,2711000,93281000,0,6542000,119970000,2711000,2556000,0,0,55000,0,3967000,-18294000,None,197291000,None,2865000,None,119970000,9062000,139174000,None,None,None,108608000,235011000,32144000,None,5000535,USD,1216000,-220000,284000,3373000,11167000,10079000,-208000,52000,4727000,11924000,1561000,52000,2456000,-1514000,-880000,0,0,-5454000,3089000,None,None,11924000,31.09,34.35
13,2017-02-28,USD,6979000,4580000,2485000,4494000,-77000,-939000,0,0,-1390000,0,2230000,9000,-86000,2350000,1313000,None,None,None,0,0,0,-451000,0,0,-939000,-939000,None,USD,220938000,240000,None,1984000,131926000,89012000,10180000,3418000,55000,-760000,18207000,0,17060000,20220000,4760000,108959000,108959000,-18803000,172584000,20220000,2992000,89012000,0,None,108959000,2992000,4760000,0,0,55000,0,-760000,-18294000,None,192617000,None,5109000,None,108959000,8027000,127166000,None,None,None,108520000,220938000,20220000,None,5000535,USD,None,930000,-2569000,-336000,-771000,-2893000,-14000,-1043000,-939000,-4469000,993000,-1043000,2414000,-1514000,-594000,0,0,-369000,2233000,None,None,-4469000,31.05,31.09
14,2016-11-30,USD,10380000,4189000,2727000,7653000,3509000,1339000,0,0,2279000,0,1932000,45000,3464000,2257000,1230000,None,None,None,0,0,0,940000,-4316000,0,1339000,1339000,None,USD,223623000,247000,None,2333000,132820000,90803000,9526000,4594000,55000,179000,17469000,0,16226000,24689000,5654000,111589000,111589000,-17869000,172540000,25666000,2992000,90803000,977000,4843000,109697000,2992000,5654000,0,0,55000,0,179000,-16820000,None,189981000,None,4984000,None,109697000,7943000,127166000,None,None,None,108438000,223623000,25666000,None,5047708,USD,1216000,-858000,-2695000,-326000,11301000,9754000,-144000,504000,1339000,10729000,3670000,3124000,2318000,-1546000,-1403000,0,0,-2253000,2369000,None,None,10729000,31.45,31.05
15,2016-08-31,USD,7265000,4001000,2175000,5090000,1089000,-49000,0,0,-73000,0,1775000,None,1089000,2226000,1162000,None,None,None,0,0,0,-24000,0,0,-49000,-49000,None,USD,215533000,253000,None,3566000,125025000,90508000,10618000,3459000,55000,354000,21200000,0,16679000,13960000,3987000,99838000,99838000,-18274000,174278000,15018000,1587000,90508000,1058000,None,99838000,1587000,3987000,0,0,55000,0,354000,-15417000,None,191923000,None,7005000,None,99838000,10582000,121038000,None,None,None,108373000,215533000,15018000,None,5092708,USD,None,2260000,-4986000,-14000,-699000,-2859000,-209000,-3413000,-49000,-7161000,684000,-3413000,2346000,-1546000,-1951000,0,0,-460000,4972000,None,None,-7161000,31.83,31.45
16,2016-05-31,USD,6524000,4262000,1992000,4532000,447000,-379000,0,0,-615000,0,2093000,177000,270000,2169000,1062000,None,None,None,0,0,0,-236000,0,0,-379000,-379000,None,USD,218899000,261000,None,694000,127668000,91231000,9835000,7249000,55000,403000,19372000,0,16830000,21121000,7759000,100537000,100537000,-2112000,173777000,22570000,1587000,91231000,1449000,None,100537000,1587000,7759000,0,0,55000,0,403000,-15417000,None,188137000,None,6605000,None,100537000,9537000,119909000,None,None,None,108302000,218899000,22570000,None,5092708,USD,None,-652000,-6576000,-116000,6289000,6761000,472000,34000,-379000,1369000,1184000,34000,2218000,-1546000,0,0,0,-37000,6460000,None,None,1369000,31.965,31.83
17,2016-02-29,USD,6682000,3712000,2166000,4516000,811000,-335000,0,0,-280000,0,1567000,7000,804000,2145000,1091000,None,None,None,0,0,0,55000,0,0,-335000,-335000,None,USD,211556000,275000,None,1681000,118195000,93361000,10301000,3067000,55000,782000,19925000,0,16582000,19752000,4022000,None,None,-2269000,167201000,21329000,1598000,93361000,1577000,None,94248000,1598000,4022000,0,0,55000,0,782000,-13466000,None,182163000,None,6466000,None,94248000,9624000,114173000,None,None,None,108259000,211556000,21329000,None,5152708,USD,None,-624000,-2367000,-434000,3812000,2169000,-97000,None,-335000,1481000,1679000,314000,2198000,-1546000,0,0,0,126000,1933000,None,None,1481000,22.5,31.965
18,2015-11-30,USD,7475000,3907000,2155000,5320000,1463000,164000,0,0,438000,0,1866000,50000,1413000,2041000,1025000,None,None,None,0,0,0,274000,-3509000,0,164000,164000,None,USD,209301000,305000,None,2157000,114492000,94809000,10790000,4472000,55000,1117000,19162000,0,16291000,18271000,4894000,91951000,91951000,-1085000,166676000,20241000,1418000,94504000,1970000,4488000,87892000,1418000,4894000,0,0,55000,0,1117000,-13466000,None,15349000,None,5838000,None,90436000,8372000,109598000,None,None,None,108188000,209301000,20241000,None,5000000,USD,1216000,-508000,-4308000,419000,11419000,13182000,1763000,1614000,164000,11921000,3047000,1919000,2093000,-1030000,0,0,0,-457000,4727000,None,None,11921000,26.3,22.5
19,2015-08-31,USD,8184000,3256000,2287000,5897000,2647000,1203000,0,0,1846000,0,1333000,6000,2641000,1923000,801000,None,None,None,0,0,0,643000,0,0,1203000,1203000,None,USD,201026000,335000,None,3075000,104155000,96871000,11580000,4565000,55000,2499000,19424000,0,19506000,6350000,5203000,None,None,-376000,156970000,8912000,9963000,96871000,2562000,None,79528000,9963000,5203000,0,0,55000,0,2499000,-13466000,None,19541000,None,5640000,None,79528000,7844000,98952000,None,None,None,108159000,201026000,8912000,None,5152708,USD,1500000,1490000,-10648000,233000,-774000,-3899000,-3125000,None,1203000,-12427000,2120000,-600000,1971000,-1030000,0,0,0,-741000,12381000,None,None,-12427000,31.5,26.3
