,fiscalDateEnding,reportedCurrency_x,totalRevenue,totalOperatingExpense,costOfRevenue,grossProfit,ebit,netIncome_x,researchAndDevelopment,effectOfAccountingCharges,incomeBeforeTax,minorityInterest,sellingGeneralAdministrative,otherNonOperatingIncome,operatingIncome,otherOperatingExpense,interestExpense,taxProvision,interestIncome,netInterestIncome,extraordinaryItems,nonRecurring,otherItems,incomeTaxExpense,totalOtherIncomeExpense,discontinuedOperations,netIncomeFromContinuingOperations,netIncomeApplicableToCommonShares,preferredStockAndOtherAdjustments,reportedCurrency_y,totalAssets,intangibleAssets,earningAssets,otherCurrentAssets,totalLiabilities,totalShareholderEquity,deferredLongTermLiabilities,otherCurrentLiabilities,commonStock,retainedEarnings,otherLiabilities,goodwill,otherAssets,cash,totalCurrentLiabilities,shortTermDebt,currentLongTermDebt,otherShareholderEquity,propertyPlantEquipment,totalCurrentAssets,longTermInvestments,netTangibleAssets,shortTermInvestments,netReceivables,longTermDebt,inventory,accountsPayable,totalPermanentEquity,additionalPaidInCapital,commonStockTotalEquity,preferredStockTotalEquity,retainedEarningsTotalEquity,treasuryStock,accumulatedAmortization,otherNonCurrrentAssets,deferredLongTermAssetCharges,totalNonCurrentAssets,capitalLeaseObligations,totalLongTermDebt,otherNonCurrentLiabilities,totalNonCurrentLiabilities,negativeGoodwill,warrants,preferredStockRedeemable,capitalSurplus,liabilitiesAndShareholderEquity,cashAndShortTermInvestments,accumulatedDepreciation,commonStockSharesOutstanding,reportedCurrency,investments,changeInLiabilities,cashflowFromInvestment,otherCashflowFromInvestment,netBorrowings,cashflowFromFinancing,otherCashflowFromFinancing,changeInOperatingActivities,netIncome_y,changeInCash,operatingCashflow,otherOperatingCashflow,depreciation,dividendPayout,stockSaleAndPurchase,changeInInventory,changeInAccountReceivables,changeInNetIncome,capitalExpenditures,changeInReceivables,changeInExchangeRate,changeInCashAndCashEquivalents,clossingVal,nextClossingVal
0,2020-06-30,USD,6621000,8745000,3571000,3050000,-5589000,-6076000,5825000,None,-5589000,None,2920000,106000,-5695000,None,None,487000,114000,114000,None,None,None,487000,-8000,None,-6076000,-6076000,None,USD,98555000,2431000,None,1711000,11871000,86684000,None,405000,24000,43295000,4256000,7978000,130000,50970000,7531000,None,None,96000,7870000,74818000,4863000,76275000,13596000,3838000,None,4703000,7126000,None,None,24000,None,43295000,None,None,595000,None,23737000,489000,None,4340000,4340000,None,None,None,43269000,98555000,64566000,None,23607773,USD,750000,-1046000,700000,None,None,2339000,None,-717000,-6076000,-536000,-3575000,214000,355000,None,2339000,-580000,2475000,1083000,50000,2475000,None,-536000,7.18,
1,2020-03-31,USD,8535000,8390000,4052000,4483000,-3688000,-3824000,5587000,None,-3759000,None,2803000,219000,-3907000,None,None,65000,173000,173000,None,None,None,65000,-25000,None,-3824000,-3824000,None,USD,102561000,2489000,None,1934000,12920000,89641000,None,498000,23000,49371000,4518000,7978000,128000,51506000,8260000,None,None,71000,8119000,79113000,4117000,79174000,15061000,6330000,None,4282000,7762000,None,None,23000,None,49371000,None,None,745000,None,23448000,640000,None,4660000,4660000,None,None,None,40176000,102561000,66567000,None,23229286,USD,6542000,-739000,6476000,10302000,None,520000,-428000,-154000,-3824000,3535000,-3461000,633000,369000,None,520000,156000,-947000,891000,66000,-947000,None,3535000,6.96,7.18
2,2019-12-31,USD,10049000,10792000,4000000,6049000,-4536000,-4620000,8208000,None,-4536000,None,2584000,207000,-4743000,None,None,84000,190000,190000,None,None,None,84000,17000,None,-4620000,-4620000,None,USD,105911000,2547000,None,2548000,13664000,92247000,None,575000,23000,53195000,4420000,7978000,162000,47971000,9014000,None,None,17000,8355000,80781000,5322000,81722000,20343000,5398000,None,4521000,8439000,None,None,23000,None,53195000,None,None,928000,None,25130000,805000,None,4650000,4650000,None,None,None,39012000,105911000,68314000,None,23132998,USD,1460000,1095000,2289000,1000000,None,52000,-428000,1572000,-4620000,2247000,-94000,-311000,352000,None,480000,400000,2115000,875000,171000,2115000,None,2247000,7.09,6.96
3,2019-09-30,USD,11740000,13663000,5172000,6568000,-1561000,-1768000,5833000,None,-1713000,None,2658000,210000,-1923000,None,None,55000,215000,215000,None,None,None,55000,-5000,None,-1768000,-1768000,None,USD,108767000,2606000,None,1000000,12998000,95769000,None,620000,23000,57815000,4392000,7978000,160000,45724000,8277000,None,None,28000,9391000,83844000,4788000,85185000,22352000,7488000,None,5045000,1924000,None,None,23000,None,57815000,None,None,11657000,None,24923000,949000,None,3766000,4721000,None,None,None,37903000,108767000,68076000,None,23000000,USD,-1631000,250000,-1631000,1000000,None,799000,-428000,193000,-1768000,-711000,121000,-230000,362000,None,3149000,371000,-115000,693000,61000,-115000,None,-711000,8.76,7.09
4,2019-06-30,USD,13019000,8472000,4776000,8243000,-82000,-125000,5595000,None,-82000,None,2877000,147000,-229000,None,None,43000,205000,205000,None,None,None,43000,-58000,None,-125000,-125000,None,USD,108266000,2664000,None,3009000,12184000,96082000,None,559000,23000,59583000,4364000,7978000,160000,46435000,7440000,None,None,14000,8726000,80564000,7264000,85440000,18282000,7375000,None,5463000,6881000,None,None,23000,None,59583000,None,None,1070000,None,27702000,939000,None,4744000,4744000,None,None,None,36462000,108266000,64717000,None,22898188,USD,2870000,-1965000,2837000,1000000,None,2350000,-428000,-2298000,-125000,3940000,-1247000,-523000,357000,None,2350000,133000,-27000,903000,33000,-27000,None,3940000,8.57,8.76
5,2019-03-31,USD,12686000,8135000,4916000,7770000,-179000,-102000,5582000,None,-179000,None,2553000,186000,-365000,None,None,-77000,186000,183000,None,None,None,-77000,3000,None,-102000,-102000,None,USD,106223000,2722000,None,2500000,13068000,93155000,None,907000,22000,59708000,4335000,7978000,160000,42495000,8733000,None,None,-37000,9001000,77365000,8997000,82455000,19346000,7339000,None,5685000,8733000,None,None,22000,None,59708000,None,None,160000,None,28858000,None,None,4335000,4335000,None,None,None,33462000,106223000,61841000,None,22320156,USD,-1500000,201000,-1642000,-1384000,None,1399000,-1084000,760000,-102000,1966000,2209000,75000,370000,None,1399000,-57000,822000,900000,142000,822000,None,1966000,7.77,8.57
6,2018-12-31,USD,14702000,7803000,4663000,10039000,2332000,2262000,5171000,None,2332000,None,2632000,96000,2236000,None,0,None,None,None,None,None,None,70000,96000,None,2262000,2262000,None,USD,104077000,2781000,None,2558000,12870000,91207000,None,854000,22000,59810000,4657000,7978000,198000,40529000,8213000,None,None,-108000,9184000,73753000,10183000,80448000,16557000,8160000,None,5949000,8213000,None,None,22000,None,59810000,None,None,198000,None,30324000,None,None,4657000,4657000,None,None,None,31483000,104077000,57086000,None,21992084,USD,914000,-888000,1372000,750000,None,-150000,-364000,-659000,2262000,2639000,1417000,148000,361000,None,214000,-817000,-317000,668000,292000,-317000,None,2639000,5.14,7.77
7,2018-09-30,USD,12832000,8425000,4801000,8031000,-249000,-351000,5752000,None,-249000,None,2673000,145000,-394000,None,0,None,None,None,None,None,None,102000,145000,None,-351000,-351000,None,USD,102346000,2839000,None,2454000,14225000,88121000,0,720000,22000,57548000,5443000,7978000,1200000,37890000,8782000,None,None,-126000,9312000,72057000,8960000,77304000,18662000,7839000,0,5212000,8782000,0,0,22000,0,57548000,0,None,1200000,None,30289000,None,None,5443000,5443000,None,None,None,30677000,102346000,56552000,None,21947624,USD,500000,2252000,83000,750000,None,-30000,-720000,1502000,-351000,1464000,1411000,-339000,360000,0,690000,-187000,-1008000,684000,417000,-1008000,None,1464000,6.9,5.14
8,2018-06-30,USD,11266000,7447000,5478000,5788000,-1636000,-1646000,4850000,None,-1636000,None,2597000,23000,-1659000,None,0,None,None,None,None,None,None,10000,23000,None,-1646000,-1646000,None,USD,100037000,2911000,None,2114000,12833000,87204000,0,1434000,22000,57899000,5379000,7978000,1201000,36426000,7454000,None,None,-152000,9332000,66694000,11921000,76315000,16166000,6847000,0,5141000,7454000,0,0,22000,0,57899000,0,None,1201000,None,33343000,None,None,5379000,5379000,None,None,None,29435000,100037000,52592000,None,21760094,USD,-2048000,-64000,-3287000,750000,None,1503000,-720000,-294000,-1646000,-3815000,-2031000,-28000,327000,0,1503000,-272000,-1596000,1248000,1239000,-1596000,None,-3815000,7.52,6.9
9,2018-03-31,USD,11191000,6400000,4902000,6289000,-2000,265000,4272000,0,-2000,0,2128000,109000,-111000,0,0,None,None,None,0,0,0,-267000,575000,0,265000,265000,None,USD,99540000,2989000,None,2080000,12725000,86815000,0,121000,21000,59545000,5321000,7978000,1207000,40241000,7404000,None,None,-142000,8172000,71271000,7923000,75848000,18124000,5279000,0,5547000,7283000,0,0,21000,0,59545000,0,None,1207000,None,28269000,None,None,5321000,5321000,None,None,None,27391000,99540000,58365000,None,21407247,USD,-855000,-971000,-1727000,12000,-862000,558000,-12000,-892000,265000,501000,1670000,2000,311000,0,570000,853000,285000,925000,884000,285000,None,501000,7.41,7.52
10,2017-12-31,USD,11118000,6712000,5443000,5675000,-938000,-1528000,4231000,0,-938000,0,2481000,99000,-1037000,0,0,None,None,None,0,0,0,590000,99000,0,-1528000,-1528000,None,USD,99323000,3067000,None,2073000,13859000,85464000,0,506000,21000,59280000,6339000,7978000,20473000,39740000,7520000,None,None,-109000,7667000,71183000,8199000,74419000,17030000,5545000,0,6795000,7014000,0,0,21000,0,59280000,0,None,1229000,None,28140000,None,None,6339000,6339000,None,None,None,26272000,99323000,56770000,None,21252123,USD,1500000,-1424000,2135000,743000,-371000,487000,-371000,909000,-1528000,2302000,-320000,266000,345000,0,858000,1252000,826000,942000,108000,-173000,None,2302000,7.96,7.41
11,2017-09-30,USD,9647000,6652000,4789000,4858000,-1691000,-1740000,4160000,0,-1691000,0,2492000,103000,-1794000,0,0,None,None,None,0,0,0,49000,0,0,-1740000,-1740000,None,USD,101092000,3146000,None,2410000,15445000,85647000,22000,2157000,21000,60808000,5864000,7978000,27620000,37438000,9559000,None,None,-61000,7595000,65877000,14596000,74523000,12203000,5352000,0,8474000,7402000,0,0,21000,0,60808000,0,None,1900000,None,35215000,None,None,5864000,5886000,None,None,None,24879000,101092000,49641000,None,21074247,USD,4500000,597000,4277000,0,-371000,252000,-371000,779000,-1740000,5567000,1038000,243000,343000,0,252000,-14000,999000,798000,223000,811000,None,5567000,7.27,7.96
12,2017-06-30,USD,10687000,7133000,5083000,5604000,-1431000,-1512000,4335000,0,-1431000,0,2798000,98000,-1529000,0,0,None,None,None,0,0,0,81000,0,0,-1512000,-1512000,None,USD,101470000,3224000,None,2651000,14850000,86620000,18000,2043000,21000,62548000,5762000,7978000,27200000,31871000,9070000,None,None,-68000,7615000,66655000,14096000,75418000,17220000,6162000,0,8751000,7027000,0,0,21000,0,62548000,0,None,1902000,None,34815000,None,None,5762000,5780000,None,None,None,24119000,101470000,49091000,None,21010078,USD,-2248000,-871000,-1874000,479000,-479000,1332000,-479000,-1862000,-1512000,-1865000,-1323000,-394000,329000,0,1811000,12000,188000,925000,105000,188000,None,-1865000,7.86,7.27
13,2017-03-31,USD,10392000,7386000,4536000,5856000,-1347000,-1349000,4209000,0,-1347000,0,3177000,183000,-1530000,0,0,None,None,None,0,0,0,2000,295000,0,-1349000,-1349000,None,USD,102595000,3302000,None,2777000,16151000,86444000,15000,1796000,21000,64655000,5662000,7978000,26634000,33736000,10474000,None,None,-62000,7689000,68272000,12898000,75164000,16199000,6349000,0,9211000,8678000,0,0,21000,0,64655000,0,None,2456000,None,34323000,None,None,5662000,5677000,None,None,None,21830000,102595000,49935000,None,20612757,USD,1499000,56000,1474000,1234000,-862000,1046000,-862000,1014000,-1349000,3241000,721000,389000,365000,0,1046000,-65000,1125000,616000,25000,709000,None,3241000,8.7,7.86
14,2016-12-31,USD,11484000,6261000,4989000,6495000,295000,348000,3813000,0,295000,0,2448000,61000,234000,0,0,None,None,None,0,0,0,-53000,0,0,348000,348000,None,USD,102338000,3381000,None,3160000,16095000,86243000,0,2211000,20000,66004000,5378000,7978000,27942000,30495000,10717000,None,None,-48000,7929000,66467000,14122000,74884000,16510000,7059000,0,9243000,8506000,0,0,20000,0,66004000,0,None,2461000,None,35871000,None,None,5378000,5378000,None,None,None,20267000,102338000,47005000,None,20360401,USD,848000,-1555000,822000,0,-479000,-43000,None,-179000,348000,1692000,913000,-179000,387000,0,-43000,-423000,416000,587000,26000,1748000,None,1692000,6.2,8.7
15,2016-09-30,USD,13358000,6963000,6015000,7343000,472000,626000,4282000,0,472000,0,2681000,92000,380000,0,0,None,None,None,0,0,0,-154000,0,0,626000,626000,None,USD,103229000,3459000,None,2217000,17656000,85573000,0,1611000,20000,65656000,6560000,7978000,27196000,28803000,11096000,None,None,16000,8198000,67835000,12533000,74136000,19030000,8807000,0,8978000,9485000,0,0,20000,0,65656000,0,None,3226000,None,35394000,None,None,6560000,6560000,None,None,None,19881000,103229000,47833000,None,20325043,USD,-458000,2789000,-491000,0,-479000,-2468000,None,240000,626000,566000,3525000,240000,405000,0,-2468000,-1643000,0,737000,33000,371000,None,566000,4.731,6.2
16,2016-06-30,USD,12946000,6333000,6224000,6722000,531000,260000,3499000,0,531000,0,2834000,142000,389000,0,0,None,None,None,0,0,0,271000,0,0,260000,260000,None,USD,101807000,3551000,None,2392000,14861000,86946000,0,1976000,21000,65030000,6407000,8030000,24224000,28237000,8454000,None,None,34000,8464000,69119000,9404000,75365000,21727000,9180000,0,7583000,6478000,0,0,21000,0,65030000,0,None,3239000,None,32688000,None,None,6407000,6407000,None,None,None,21861000,101807000,49964000,None,20838246,USD,3148000,-1800000,3013000,0,None,-3633000,None,-347000,260000,-3726000,-3106000,-347000,449000,0,-3633000,-494000,0,529000,135000,-1703000,None,-3726000,4.17,4.731
17,2016-03-31,USD,12213000,6295000,6074000,6139000,-130000,-87000,3375000,0,-130000,0,2920000,26000,-156000,0,0,None,None,None,0,0,0,-43000,-216000,0,-87000,-87000,None,USD,106530000,3651000,None,2198000,16661000,89869000,811000,2330000,22000,64770000,6608000,8030000,25915000,31963000,9242000,None,None,27000,8653000,71962000,11148000,78188000,23149000,7478000,0,7174000,6912000,0,0,22000,0,64770000,0,None,3086000,None,34568000,None,None,6608000,7419000,None,None,None,25050000,106530000,55112000,None,21716364,USD,627000,870000,570000,-2984000,-862000,-2943000,-862000,-1979000,-87000,1238000,3611000,466000,454000,0,-2943000,11000,782000,721000,57000,1176000,None,1238000,4.1,4.17
18,2015-12-31,USD,12921000,7946000,6535000,6386000,-1471000,-819000,2782000,0,-1471000,0,5164000,89000,-1560000,0,0,None,None,None,0,0,0,-652000,0,0,-819000,-819000,None,USD,108195000,11778000,None,2714000,15845000,92350000,875000,1942000,23000,64857000,6430000,8030000,30357000,30725000,8540000,None,None,-59000,8921000,68917000,15489000,84320000,19381000,8654000,0,7443000,6598000,0,0,23000,0,64857000,0,None,6838000,None,39278000,None,None,6430000,7305000,None,None,None,27529000,108195000,50106000,None,22510419,USD,3500000,-1507000,-4913000,-7343000,None,-767000,None,None,-819000,-8696000,-3016000,-212000,418000,0,-767000,938000,0,669000,1070000,-2503000,None,-8696000,3.72,4.1
19,2015-09-30,USD,13577000,7214000,6660000,6917000,-318000,-347000,2940000,0,-318000,0,4274000,-21000,-297000,0,0,None,None,None,0,0,0,29000,0,0,-347000,-347000,None,USD,103707000,311000,None,2431000,10117000,93590000,0,1855000,23000,65676000,798000,0,17975000,39421000,9319000,None,None,9000,8164000,77568000,17541000,93590000,20929000,6151000,0,8636000,7464000,0,0,23000,0,65676000,0,None,434000,None,26139000,None,None,798000,798000,None,None,None,27882000,103707000,60350000,None,22683866,USD,-1691000,-2266000,-1716000,0,None,-361000,None,None,-347000,245000,2322000,756000,370000,0,-361000,-233000,2109000,764000,25000,3278000,None,245000,4.06,3.72
