,fiscalDateEnding,reportedCurrency_x,totalRevenue,totalOperatingExpense,costOfRevenue,grossProfit,ebit,netIncome_x,researchAndDevelopment,effectOfAccountingCharges,incomeBeforeTax,minorityInterest,sellingGeneralAdministrative,otherNonOperatingIncome,operatingIncome,otherOperatingExpense,interestExpense,taxProvision,interestIncome,netInterestIncome,extraordinaryItems,nonRecurring,otherItems,incomeTaxExpense,totalOtherIncomeExpense,discontinuedOperations,netIncomeFromContinuingOperations,netIncomeApplicableToCommonShares,preferredStockAndOtherAdjustments,reportedCurrency_y,totalAssets,intangibleAssets,earningAssets,otherCurrentAssets,totalLiabilities,totalShareholderEquity,deferredLongTermLiabilities,otherCurrentLiabilities,commonStock,retainedEarnings,otherLiabilities,goodwill,otherAssets,cash,totalCurrentLiabilities,shortTermDebt,currentLongTermDebt,otherShareholderEquity,propertyPlantEquipment,totalCurrentAssets,longTermInvestments,netTangibleAssets,shortTermInvestments,netReceivables,longTermDebt,inventory,accountsPayable,totalPermanentEquity,additionalPaidInCapital,commonStockTotalEquity,preferredStockTotalEquity,retainedEarningsTotalEquity,treasuryStock,accumulatedAmortization,otherNonCurrrentAssets,deferredLongTermAssetCharges,totalNonCurrentAssets,capitalLeaseObligations,totalLongTermDebt,otherNonCurrentLiabilities,totalNonCurrentLiabilities,negativeGoodwill,warrants,preferredStockRedeemable,capitalSurplus,liabilitiesAndShareholderEquity,cashAndShortTermInvestments,accumulatedDepreciation,commonStockSharesOutstanding,reportedCurrency,investments,changeInLiabilities,cashflowFromInvestment,otherCashflowFromInvestment,netBorrowings,cashflowFromFinancing,otherCashflowFromFinancing,changeInOperatingActivities,netIncome_y,changeInCash,operatingCashflow,otherOperatingCashflow,depreciation,dividendPayout,stockSaleAndPurchase,changeInInventory,changeInAccountReceivables,changeInNetIncome,capitalExpenditures,changeInReceivables,changeInExchangeRate,changeInCashAndCashEquivalents,clossingVal,nextClossingVal
0,2020-06-30,USD,302900000,59000000,218000000,92400000,31400000,20100000,None,None,24900000,-900000,45000000,-2000000,33400000,14000000,7500000,3900000,-8500000,-8600000,None,None,None,4800000,100000,None,20100000,20100000,None,USD,2452600000,500500000,None,128800000,1206200000,1240700000,53500000,175800000,400000,528900000,85200000,844200000,16800000,122500000,359600000,12500000,12500000,-57200000,397500000,684300000,9300000,-104000000,None,184400000,736000000,248600000,171300000,None,None,400000,None,528900000,-19300000,None,16800000,None,1768300000,30500000,736000000,57100000,846600000,None,None,None,768600000,2452600000,122500000,None,35987455,USD,-10000000,4500000,-10000000,700000,-12400000,-11800000,-1900000,None,21000000,33000000,54800000,3900000,26700000,None,600000,-13100000,10600000,1200000,10700000,10600000,None,33000000,48.49,
1,2020-03-31,USD,-7200000,67900000,229700000,91400000,22200000,8500000,None,None,10200000,4800000,53900000,-1300000,23500000,-307100000,7200000,1700000,-13300000,-8200000,None,None,None,1700000,-5100000,None,8500000,8500000,None,USD,2423000000,512400000,None,131300000,1208100000,1210100000,52600000,172400000,400000,508800000,81900000,841200000,10900000,89300000,358100000,12900000,12900000,-65100000,399300000,651100000,8100000,-143500000,None,195100000,741500000,235400000,172800000,None,None,400000,None,508800000,-19300000,None,10900000,None,1771900000,32000000,741500000,55900000,850000000,None,None,None,766000000,2423000000,89300000,None,35950085,USD,-10200000,-20500000,-10200000,100000,-23000000,-42000000,-1700000,None,8500000,-26700000,25500000,13200000,26800000,None,-17300000,-16100000,7500000,6100000,10300000,7500000,None,-26700000,28.98,48.49
2,2019-12-31,USD,342400000,321300000,256700000,85700000,38700000,12400000,None,None,9200000,4800000,53100000,None,21100000,None,6800000,-3300000,-9600000,-9800000,None,None,None,-3300000,-2100000,None,12500000,12400000,None,USD,2481400000,529100000,None,132600000,1249000000,1227600000,52100000,173300000,400000,500300000,81900000,844900000,15800000,119000000,378300000,16300000,16300000,-35900000,404600000,673600000,13400000,-146400000,None,202600000,761000000,219400000,188700000,None,None,400000,None,500300000,None,None,15800000,None,1807800000,34100000,761000000,57600000,870700000,None,None,None,762800000,2481400000,119000000,None,35799994,USD,-9300000,6100000,-9300000,200000,-36500000,-35600000,100000,None,12500000,33700000,78600000,22700000,27600000,None,800000,15600000,22000000,-15400000,9500000,22000000,None,33700000,67.49,28.98
3,2019-09-30,USD,357800000,71300000,256600000,101200000,32900000,18700000,None,None,25100000,4600000,57500000,3000000,29900000,-344000000,7800000,6400000,-5200000,-7800000,None,None,None,6400000,3000000,None,18700000,18700000,None,USD,2497800000,577800000,None,143800000,1294700000,1198500000,68200000,185700000,400000,487900000,99100000,798000000,23300000,80700000,374400000,15900000,15900000,-49300000,398900000,683900000,15900000,-177300000,None,224500000,792500000,234900000,172800000,None,None,400000,None,487900000,None,None,23300000,None,1813900000,35500000,792500000,59600000,920300000,None,None,None,759500000,2497800000,80700000,None,35797441,USD,-3300000,-8900000,-613900000,-599000000,496800000,496300000,-500000,None,18700000,-61900000,55700000,28900000,26100000,None,-400000,-2600000,12700000,-500000,11600000,12700000,None,-61900000,62.36,67.49
4,2019-06-30,USD,309600000,57500000,226800000,82800000,19500000,14400000,None,None,19500000,200000,50200000,-5800000,25300000,-302300000,5400000,4900000,-5800000,-6000000,None,None,None,5100000,200000,None,14600000,14400000,None,USD,1983900000,316400000,None,129000000,785200000,1193900000,73000000,191100000,400000,469200000,103000000,542600000,33300000,148500000,354900000,4500000,4500000,-32900000,380900000,710700000,None,334900000,None,204400000,304700000,228800000,159300000,None,None,400000,None,469200000,None,None,33300000,None,1273200000,None,304700000,52600000,430300000,None,None,None,757200000,1983900000,148500000,None,35782535,USD,-10600000,-2000000,-10600000,-1400000,-233800000,53500000,-12000000,None,14600000,75700000,32800000,3800000,17500000,-400000,287700000,6800000,1100000,5600000,9200000,1100000,None,75700000,76.88,62.36
5,2019-03-31,USD,289300000,62500000,222200000,67100000,-1000000,900000,0,None,-1000000,100000,55300000,-5600000,4600000,-282100000,5300000,-2000000,None,-5700000,None,None,None,-1800000,100000,None,1000000,900000,None,USD,1913300000,322500000,None,133400000,1019800000,888800000,73100000,203100000,300000,454800000,96600000,537100000,23900000,71900000,579200000,214800000,214800000,-34500000,384600000,645200000,None,29200000,None,205200000,318000000,234700000,161300000,None,None,300000,None,454800000,None,None,23900000,None,1268100000,None,318000000,49500000,440600000,None,None,None,468200000,1913300000,71900000,None,31731862,USD,-8900000,-23200000,-8900000,-3000000,-8200000,-2600000,-12000000,None,1000000,-44700000,-33200000,-10200000,18200000,None,5600000,-10400000,-12200000,4600000,5900000,-12200000,None,-44700000,90.52,76.88
6,2018-12-31,USD,290100000,31800000,160500000,52000000,16100000,47700000,11100000,0,16100000,200000,26700000,-4100000,20200000,-1079200000,-6600000,None,None,None,33300000,0,0,-26500000,-9800000,33700000,15000000,47700000,None,USD,1897700000,330400000,None,115700000,1008700000,884500000,76400000,174700000,300000,453900000,108900000,520700000,23800000,118100000,366600000,11200000,None,-29900000,361100000,661700000,None,33400000,None,194800000,533200000,233100000,180700000,None,None,300000,None,453900000,None,None,23800000,None,1236000000,None,533200000,32500000,642100000,None,None,None,460200000,1897700000,118100000,None,31363650,USD,-3300000,22500000,-222500000,-79800000,-31300000,30900000,-1200000,None,47900000,-136200000,55400000,9100000,16000000,None,5100000,14600000,-17300000,-30300000,9200000,-8200000,None,-136200000,65.03,90.52
7,2018-09-30,USD,272200000,50800000,189900000,82300000,26200000,22200000,0,0,26200000,500000,45800000,-5300000,31500000,5000000,-6200000,None,None,None,0,0,0,5000000,-7300000,700000,22000000,22200000,None,USD,1738500000,270300000,None,110900000,897500000,836800000,55300000,165400000,300000,406900000,84200000,457200000,54800000,157200000,312800000,9700000,510200000,-23200000,288400000,667800000,None,109300000,0,211500000,500500000,188200000,137700000,841000000,0,300000,0,406900000,0,None,54800000,None,1070700000,None,500500000,28900000,584700000,None,None,None,452800000,1738500000,157200000,None,31203186,USD,None,-35600000,-7200000,-700000,54800000,1200000,-57100000,None,22700000,10900000,16900000,37400000,12600000,0,3500000,7600000,-17300000,2700000,7300000,13100000,None,10900000,78.33,65.03
8,2018-06-30,USD,319900000,61000000,235400000,84500000,18100000,12300000,0,0,18100000,800000,55300000,-5400000,23500000,5700000,-6500000,None,None,None,0,0,0,5200000,-6000000,700000,12900000,12300000,None,USD,1749300000,291000000,None,33400000,929200000,816300000,63400000,148100000,300000,384700000,92300000,472000000,21300000,148500000,393000000,66800000,56700000,-17100000,304000000,661000000,None,53300000,0,245600000,443900000,233500000,178100000,820100000,0,300000,0,384700000,0,None,21300000,None,1088300000,None,443900000,28900000,536200000,None,None,None,448400000,1749300000,148500000,None,30996322,USD,None,13400000,-11900000,600000,-4000000,-3900000,-400000,None,13100000,7900000,23700000,None,16100000,-400000,500000,-14700000,-3700000,-500000,12500000,-3700000,None,7900000,61.68,78.33
9,2018-03-31,USD,279700000,60200000,202600000,77100000,8600000,5800000,0,0,8600000,500000,54100000,-8300000,16900000,6100000,6700000,None,None,None,0,0,0,2900000,-9200000,700000,5700000,5800000,None,USD,1752100000,300000000,None,39100000,923500000,825000000,62900000,147100000,300000,372400000,29400000,475000000,797100000,142800000,382000000,63000000,55900000,4300000,305000000,650000000,None,50000000,5500000,245000000,449200000,223100000,171900000,828600000,0,300000,0,372400000,0,None,22100000,None,1102100000,None,449200000,29400000,541500000,None,None,None,448000000,1752100000,142800000,None,30972880,USD,None,-5600000,-19000000,-12400000,11000000,10000000,-200000,None,6300000,14000000,23000000,None,16500000,0,-1000000,-21600000,24300000,3100000,6600000,24300000,None,14000000,59.03,61.68
10,2017-12-31,USD,305961000,61453000,223138000,82823000,8768000,26619000,16000000,0,8768000,395000,55754000,-12602000,21370000,5699000,6692000,None,None,None,0,0,0,-19435000,-47100000,1800000,28203000,26619000,None,USD,1724700000,302500000,None,42800000,919500000,802200000,62500000,151600000,300000,364300000,30200000,468800000,793100000,122600000,387600000,58900000,55100000,-8100000,297600000,634000000,None,30900000,5400000,259700000,439200000,208900000,177100000,805200000,445700000,300000,0,364300000,0,None,21800000,None,1090700000,None,439200000,30200000,531900000,None,None,None,445700000,1724700000,122600000,None,30804832,USD,None,12237000,-11921000,-128000,-8379000,-20982000,-59500000,None,27014000,-3440000,29463000,None,16330000,0,46897000,7564000,-29300000,-21945000,11793000,-11758000,2346000,-1094000,46.86,59.03
11,2017-09-30,USD,240531000,59954000,170129000,70402000,4013000,1510000,0,0,4013000,596000,56714000,-6435000,10448000,3240000,5100000,None,None,None,0,0,0,2548000,0,0,1465000,1510000,None,USD,1693023000,298878000,None,46790000,960615000,729807000,74136000,137798000,308000,337709000,32012000,457481000,777677000,124658000,550455000,244330000,548342000,-12712000,293145000,622201000,None,-26552000,5445000,237163000,304012000,213590000,168327000,732408000,0,308000,0,337709000,0,None,21318000,None,1070822000,None,304012000,32012000,410160000,None,None,None,404502000,1693023000,124658000,None,30767789,USD,None,22679000,-429176000,-422526000,300000000,300085000,-21700000,None,2106000,-108667000,20424000,None,13907000,0,85000,-1907000,10311000,2769000,6650000,-19130000,1244000,-107423000,39.23,46.86
12,2017-06-30,USD,238213000,53280000,174998000,63215000,5535000,2783000,0,0,5535000,549000,50205000,-4400000,9935000,3075000,4201000,None,None,None,0,0,0,2782000,0,0,2753000,2783000,None,USD,1239309000,97106000,None,33684000,518884000,718465000,4585000,106467000,307000,336199000,35553000,228237000,343834000,234427000,240852000,6642000,244536000,-20892000,259791000,635684000,None,393122000,5445000,183282000,237894000,184291000,127743000,720425000,0,307000,0,336199000,0,None,18491000,None,603625000,None,237894000,35553000,278032000,None,None,None,402851000,1239309000,234427000,None,30749836,USD,None,-13914000,-7500000,871000,-1470000,-690000,-21700000,None,3332000,-12277000,-4087000,None,12983000,0,780000,3552000,5847000,903000,8371000,-10943000,2883000,-9394000,34.73,39.23
13,2017-03-31,USD,204095000,55413000,148435000,55660000,-4716000,-2912000,0,0,-4716000,-40000,52427000,-4963000,247000,2986000,4699000,None,None,None,0,0,0,-1795000,0,0,-2921000,-2912000,None,USD,1232627000,99031000,None,38682000,529704000,701542000,4290000,117765000,307000,333416000,36085000,228352000,344956000,243824000,252127000,5073000,5073000,-32536000,254635000,633036000,None,374159000,5446000,165255000,237202000,185275000,129289000,702923000,0,307000,0,333416000,0,None,17573000,None,599591000,None,237202000,36085000,277577000,None,None,None,400355000,1232627000,243824000,None,30713540,USD,None,-6102000,-31403000,-23017000,-1451000,-3213000,None,None,-2952000,-33416000,1200000,None,12759000,0,-1762000,-20909000,-16178000,7073000,8386000,11331000,727000,-32689000,34.94,34.73
14,2016-12-31,USD,214372000,54766000,157274000,57098000,-3005000,-3290000,18097000,0,-3005000,-588000,52049000,-5337000,2332000,2717000,5103000,None,None,None,0,3634000,0,3942000,-31700000,11200000,-6947000,-3290000,None,USD,1233082000,93443000,None,31837000,534405000,697265000,4241000,118055000,306000,336328000,34919000,217970000,329056000,281959000,261534000,6487000,240200000,-35212000,251049000,652977000,None,385852000,0,169498000,233711000,169683000,136992000,698677000,395843000,306000,0,336328000,0,None,17643000,None,580105000,None,233711000,34919000,272871000,None,None,None,395843000,1233082000,281959000,None,30613166,USD,None,35684000,-4342000,32000,-1441000,-1109000,50000,-423000,-3878000,18771000,24222000,None,12438000,0,282000,9433000,24200000,551000,4374000,-30006000,-4088000,14683000,36.02,34.94
15,2016-09-30,USD,203930000,49559000,134307000,69623000,15448000,15025000,0,0,15448000,-1341000,45430000,-4616000,20064000,2912000,4612000,None,None,None,0,1217000,0,400000,0,0,15048000,15025000,None,USD,1217865000,96913000,None,26062000,505534000,710256000,8723000,102608000,306000,339618000,40132000,219091000,332042000,267276000,224600000,6739000,6739000,-24127000,258081000,627742000,None,394252000,0,152177000,232079000,182227000,115253000,712331000,0,306000,0,339618000,0,None,16038000,None,590123000,None,232079000,40132000,280934000,None,None,None,394459000,1217865000,267276000,None,30595086,USD,None,-9159000,-3550000,443000,-2245000,-2251000,None,-423000,15025000,54118000,59763000,1217000,12890000,0,-6000,9194000,-55706000,351000,3993000,31586000,156000,54118000,32.83,36.02
16,2016-06-30,USD,247095000,52012000,152572000,86951000,30540000,21153000,0,0,30540000,-1590000,47899000,-4399000,36917000,3116000,4492000,None,None,None,0,1217000,0,9269000,0,0,21153000,21153000,None,USD,1209456000,100339000,None,30508000,512880000,693137000,7591000,113207000,306000,300195000,41531000,218990000,338983000,213158000,234948000,9048000,9048000,-24398000,261613000,608860000,None,373808000,0,173513000,228810000,191681000,112693000,696576000,0,306000,0,324593000,0,None,19654000,None,600596000,None,228810000,41531000,277932000,None,None,None,392636000,1209456000,213158000,None,31000000,USD,None,3681000,-4957000,-771000,10899000,11091000,30000,-423000,21153000,54104000,48650000,None,13117000,0,-37000,10163000,-32529000,2598000,4186000,-472000,-481000,54104000,24.13,32.83
17,2016-03-31,USD,193757000,52664000,141056000,52701000,-4584000,-4651000,0,0,-4584000,-21000,49536000,-4621000,37000,3128000,4415000,None,None,None,0,0,0,91000,0,0,-4675000,-4651000,None,USD,1177062000,103988000,None,28777000,495569000,676346000,7419000,112342000,305000,303440000,43022000,219258000,344747000,159054000,228123000,6965000,None,-18424000,266998000,565317000,None,353100000,0,173620000,217005000,203866000,108816000,0,0,305000,0,303440000,0,None,21501000,None,611745000,None,217005000,43022000,267446000,None,None,None,391025000,1177062000,159054000,None,30588295,USD,None,-36173000,-5232000,0,764000,199000,24000,None,-4672000,33146000,38179000,None,12829000,0,-589000,-3111000,-44126000,5993000,5232000,63313000,2200000,35346000,21.72,24.13
18,2015-12-31,USD,260756000,311690000,187984000,72772000,-243793000,-230123000,15842000,0,-243793000,-1021000,53896000,-4875000,-238918000,4234000,4298000,None,None,None,0,253560000,0,-11846000,-285400000,11200000,-231947000,-230123000,None,USD,1201976000,106714000,None,21423000,526240000,670592000,5146000,109239000,305000,308091000,43421000,218390000,348469000,123708000,262039000,6160000,219958000,-24904000,266277000,587230000,None,345488000,0,242797000,215634000,199302000,146640000,0,0,305000,0,308091000,0,None,23365000,None,614746000,None,215634000,43421000,264201000,None,None,None,387100000,1201976000,123708000,None,30545657,USD,None,21423000,-2293000,8680000,1600000,-451000,538000,-51000,-231144000,44149000,46893000,None,14604000,0,-99000,20061000,19500000,-22173000,10973000,-10994000,-2978000,41171000,17.96,21.72
19,2015-09-30,USD,264047000,52680000,195758000,68289000,10366000,4760000,0,0,10366000,-489000,48108000,-5243000,15609000,4572000,4395000,None,None,None,0,0,0,5333000,0,0,5033000,4760000,None,USD,1439154000,161228000,None,23203000,528642000,904227000,42922000,101076000,305000,538214000,34468000,414121000,599123000,82537000,238587000,6288000,None,-19803000,267374000,572657000,None,328878000,0,246073000,212665000,220844000,131223000,0,0,305000,0,538214000,0,None,23774000,None,866497000,None,212665000,34468000,290055000,None,None,None,385511000,1439154000,82537000,None,30543775,USD,None,-16651000,-35589000,-24002000,-10003000,-10175000,-43000,None,4271000,714000,46478000,None,14784000,-120000,-9000,9729000,-17269000,2697000,11587000,31648000,-1062000,-348000,19.21,17.96
