,fiscalDateEnding,reportedCurrency_x,totalRevenue,totalOperatingExpense,costOfRevenue,grossProfit,ebit,netIncome_x,researchAndDevelopment,effectOfAccountingCharges,incomeBeforeTax,minorityInterest,sellingGeneralAdministrative,otherNonOperatingIncome,operatingIncome,otherOperatingExpense,interestExpense,taxProvision,interestIncome,netInterestIncome,extraordinaryItems,nonRecurring,otherItems,incomeTaxExpense,totalOtherIncomeExpense,discontinuedOperations,netIncomeFromContinuingOperations,netIncomeApplicableToCommonShares,preferredStockAndOtherAdjustments,reportedCurrency_y,totalAssets,intangibleAssets,earningAssets,otherCurrentAssets,totalLiabilities,totalShareholderEquity,deferredLongTermLiabilities,otherCurrentLiabilities,commonStock,retainedEarnings,otherLiabilities,goodwill,otherAssets,cash,totalCurrentLiabilities,shortTermDebt,currentLongTermDebt,otherShareholderEquity,propertyPlantEquipment,totalCurrentAssets,longTermInvestments,netTangibleAssets,shortTermInvestments,netReceivables,longTermDebt,inventory,accountsPayable,totalPermanentEquity,additionalPaidInCapital,commonStockTotalEquity,preferredStockTotalEquity,retainedEarningsTotalEquity,treasuryStock,accumulatedAmortization,otherNonCurrrentAssets,deferredLongTermAssetCharges,totalNonCurrentAssets,capitalLeaseObligations,totalLongTermDebt,otherNonCurrentLiabilities,totalNonCurrentLiabilities,negativeGoodwill,warrants,preferredStockRedeemable,capitalSurplus,liabilitiesAndShareholderEquity,cashAndShortTermInvestments,accumulatedDepreciation,commonStockSharesOutstanding,reportedCurrency,investments,changeInLiabilities,cashflowFromInvestment,otherCashflowFromInvestment,netBorrowings,cashflowFromFinancing,otherCashflowFromFinancing,changeInOperatingActivities,netIncome_y,changeInCash,operatingCashflow,otherOperatingCashflow,depreciation,dividendPayout,stockSaleAndPurchase,changeInInventory,changeInAccountReceivables,changeInNetIncome,capitalExpenditures,changeInReceivables,changeInExchangeRate,changeInCashAndCashEquivalents,clossingVal,nextClossingVal
0,2020-06-30,USD,121297000,130336000,8708000,112589000,-4545000,-8828000,45734000,None,-7700000,None,75894000,None,-9039000,None,297000,1128000,250000,-47000,None,None,None,1128000,1386000,None,-8828000,-8828000,None,USD,870580000,5627000,None,None,153643000,716937000,None,1073000,575000,-854752000,2146000,6959000,22838000,477557000,118502000,None,None,-84386000,147439000,687717000,None,704351000,None,80357000,None,99620000,16238000,None,None,None,None,None,None,None,4715000,None,182863000,30599000,None,10416000,35141000,None,None,None,None,None,None,None,None,USD,-5921000,-1960000,-5921000,None,-213000,-1434000,None,7318000,-8828000,-23378000,-15743000,None,2858000,None,None,-10741000,-18164000,12768000,5921000,None,None,None,122.72,
1,2020-03-31,USD,120633000,127826000,10769000,109864000,-3288000,-7965000,45874000,None,-6228000,None,71183000,None,-7193000,None,284000,1737000,1269000,985000,None,None,None,1737000,-20000,None,-7965000,-7965000,None,USD,854377000,5951000,None,None,139372000,715005000,None,570000,573000,-845924000,2272000,6959000,22640000,500935000,103472000,None,None,-83051000,146081000,672746000,None,702095000,None,62209000,8443000,89056000,18345000,None,None,None,None,None,None,None,4517000,None,181631000,31265000,13600000,10715000,35900000,None,None,None,1643407000,None,500935000,None,31000000,USD,-13300000,8585000,-13300000,None,-216000,-213000,None,-12490000,-7965000,-35998000,-18598000,None,2656000,None,3000,-8928000,-13630000,11448000,13300000,None,None,None,87.57,122.72
2,2019-12-31,USD,109076000,129184000,7298000,101778000,-21219000,-24946000,43535000,None,-23645000,None,78351000,None,-20108000,None,282000,1301000,1818000,1536000,None,None,None,1301000,-5073000,None,-24946000,-24946000,None,USD,882249000,None,None,None,156215000,726034000,None,1553000,570000,-837959000,2279000,6959000,22973000,536933000,117561000,595000,595000,-68623000,152681000,699636000,None,719075000,None,48883000,9152000,85528000,9990000,None,None,None,None,None,None,None,4850000,None,182613000,33430000,14725000,11431000,38654000,None,None,None,1632046000,None,536933000,None,31000000,USD,-11390000,1966000,-11390000,104117000,-211000,-211000,None,19921000,-24946000,-17749000,-15947000,None,2144000,None,2878000,-13564000,-6932000,5826000,11390000,None,None,None,104.56,87.57
3,2019-09-30,USD,90971000,108629000,8150000,82821000,-11232000,-13757000,36301000,None,-13792000,None,64178000,4138000,-17658000,None,272000,-35000,2249000,1977000,None,None,None,-35000,1889000,None,-13757000,-13757000,None,USD,847851000,None,None,32196000,128196000,719655000,None,947000,570000,-813013000,1906000,6959000,12309000,554682000,95265000,548000,548000,-87551000,130599000,697984000,None,712696000,None,41818000,8721000,69288000,6934000,None,None,570000,None,-813013000,None,None,3884000,8425000,149867000,27984000,5297000,10627000,32931000,None,None,None,1619649000,847851000,554682000,None,31000000,USD,-7566000,-4649000,-7566000,104117000,-198000,-198000,-198000,8914000,-13757000,-29001000,-17661000,-7924000,2288000,None,2878000,-10491000,-9767000,11021000,7566000,-9767000,None,-24532000,115.03,104.56
4,2019-06-30,USD,72038000,101360000,6620000,65418000,81522000,79748000,32467000,None,78863000,None,62273000,108453000,-29322000,None,268000,-885000,2310000,2042000,None,None,None,-885000,106143000,None,79748000,79748000,None,USD,842777000,None,None,21693000,113885000,728892000,None,876000,570000,-799256000,126000,6959000,12216000,583683000,83948000,556000,556000,-79768000,126071000,697531000,None,721933000,None,32113000,9136000,60042000,11757000,None,None,570000,None,-799256000,None,None,3490000,8726000,145246000,25556000,5536000,9262000,29937000,None,None,None,1607346000,842777000,583683000,None,31000000,USD,92871000,1490000,92871000,104117000,-206000,1899000,-206000,1143000,79748000,62014000,-31479000,-4977000,2391000,None,2878000,-12775000,-12926000,-91823000,11246000,-12926000,-1277000,62014000,172.39,115.03
5,2019-03-31,USD,39247000,90584000,5131000,34116000,-47947000,-50064000,30375000,None,-50629000,None,55078000,973000,-51337000,None,265000,-565000,708000,1822000,None,None,None,-565000,-1114000,None,-50064000,-50064000,None,USD,749557000,None,None,19389000,109828000,639729000,None,829000,567000,-879004000,127000,6959000,11624000,521669000,77957000,563000,563000,-74890000,122106000,608868000,None,632770000,None,19251000,9569000,48559000,10794000,None,None,567000,None,-879004000,None,None,3040000,8584000,140689000,26997000,5801000,9696000,31871000,None,None,None,1593056000,749557000,521669000,None,31000000,USD,-12286000,6834000,-12286000,-199000,-317000,456000,-317000,5275000,-50064000,-69828000,-58382000,582000,2417000,None,773000,-14295000,-14998000,11939000,12286000,-14998000,384000,-69828000,168.57,172.39
6,2018-12-31,USD,6654000,79998000,1829000,4825000,-73344000,-71906000,29086000,0,-72172000,0,49083000,None,-73344000,0,-295000,5090000,None,None,0,0,0,-266000,1172000,0,-71906000,-71906000,None,USD,756068000,2417000,None,None,81988000,674080000,None,3943000,564000,-828940000,10082000,6959000,11655000,591497000,66216000,566000,566000,-78688000,90832000,646622000,None,667121000,None,4192000,4236000,33030000,9796000,None,None,None,None,None,None,None,None,None,None,None,5690000,None,None,None,None,None,1460602000,None,591497000,None,None,USD,None,-1211000,-18750000,104117000,-170000,324468000,-2184000,2670000,-71906000,236584000,-74460000,None,2534000,None,623190000,-14460000,-2125000,9160000,18687000,None,None,None,97.39,168.57
7,2018-09-30,USD,1274007,110130603,36312927,-37586934,-111404610,-116822801,12496431,0,-116999500,0,61321245,None,-111404610,0,-335806,None,None,None,0,0,0,-176699,-5594890,0,-116822801,-116822801,None,USD,490535000,6959000,None,14615000,75376000,415159000,0,2189000,530000,-757034000,426000,6959000,10484000,354913000,58669000,None,None,-75194000,82381000,390711000,None,408200000,0,2122000,14746000,19061000,9741000,0,0,530000,0,-757034000,0,None,3150000,7334000,99824000,1535000,1535000,15172000,16707000,None,None,None,1246857000,490535000,354913000,None,28000000,USD,None,-6973519,-11184290,-2182534,-218774,9423399,2101651,29699000,-116822801,-88343583,-86491413,None,2687607,0,297931000,6932177,2197799,-4265675,9189647,None,None,None,172.74,97.39
8,2018-06-30,USD,2623000,46590000,1321000,1302000,-43967000,-27092000,18592000,0,-26535000,0,26677000,None,-43967000,0,-230000,None,None,None,0,0,0,557000,17432000,0,-27092000,-27092000,None,USD,439455000,2166000,None,23367000,57864000,381591000,None,29165000,339000,-416285000,2534000,5210000,8564000,334005000,43091000,410000,410000,18841000,49903000,373612000,None,374215000,None,19626000,7646000,19981000,6701000,None,None,None,None,None,None,None,None,None,None,None,None,None,None,None,None,None,None,None,None,None,28000000,USD,None,10737000,-6104000,649000,-151000,-435000,-285000,29699000,-27092000,-12793000,-24342000,None,1773000,None,None,-12765000,-1884000,4889000,6295000,None,None,None,139.54,172.74
9,2018-03-31,USD,2385000,51584000,1165000,1220000,-49199000,-62665000,32782000,0,-62722000,0,17637000,None,-49199000,0,-233000,None,None,None,0,0,0,-57000,-13523000,0,-62665000,-62665000,None,USD,448051000,1938000,None,19450000,48642000,399409000,None,22191000,339000,-397493000,2189000,5210000,7046000,346798000,34054000,403000,403000,17882000,48302000,385555000,None,392261000,None,35272000,7751000,3485000,5063000,None,None,None,None,None,None,None,None,None,None,None,None,None,None,None,None,None,None,None,None,None,28000000,USD,None,-3838000,-4106000,517000,-149000,-922000,-774000,29699000,-62665000,-67997000,-47551000,None,1659000,None,1000,-3262000,-72000,20627000,4185000,None,None,None,112.67,139.54
10,2017-12-31,USD,7728000,48549000,63257000,4849000,-42817000,-46951000,40818000,0,-44405000,0,17390000,None,-42817000,0,320000,None,None,None,0,0,0,3433000,-1588000,0,-46951000,-46951000,None,USD,692538000,9282000,None,18222000,75332000,617206000,None,40744000,454000,-339876000,15604000,7024000,19790000,559227000,53387000,396000,396000,18635000,62117000,452923000,None,450915000,None,34164000,6341000,5344000,6346000,None,None,None,None,None,None,None,None,None,None,None,None,None,None,None,None,None,None,None,None,None,26000000,USD,None,162000,-6426000,122000,-144000,299804000,-552000,29699000,-46951000,173620000,-39544000,None,1629000,None,223070000,341000,-345000,5708000,8785000,None,None,None,132.01,112.67
11,2017-09-30,USD,3121000,175948000,64172000,3345000,-168533000,-183239000,45100000,0,-185297000,0,58165000,None,-168533000,0,337000,None,None,None,0,0,0,-2058000,-16764000,0,-183239000,-183239000,None,USD,446173000,8388000,None,10026000,73363000,372810000,5715000,39174000,407000,-461867000,7450000,6982000,16807000,323223000,48876000,471000,471000,-74518000,58522000,364582000,None,373864000,None,1367000,17037000,5688000,7783000,None,None,None,None,None,None,None,None,None,None,None,None,None,None,None,None,None,None,None,None,None,None,USD,1923000,3171000,-20097000,1068000,-1335000,-1213000,-1099000,-11068000,-170459000,-161291000,-148974000,None,7054000,None,96000,5000,-277000,22543000,21522000,None,None,None,101.49,132.01
12,2017-06-30,USD,3303000,26334000,54070000,2505000,-22635000,15955000,38688000,0,16623000,0,3933000,None,-22635000,0,356000,None,None,None,0,0,0,668000,39258000,0,15955000,15955000,None,USD,473460000,8001000,None,14094000,62971000,410489000,None,32501000,395000,-260258000,17709000,6770000,14938000,369167000,39015000,13449000,13449000,19271000,53069000,312007000,None,309725000,None,22898000,6247000,5349000,5121000,None,None,None,None,None,None,None,None,None,None,None,None,None,None,None,None,None,None,None,None,None,25000000,USD,None,2829000,-3501000,652000,-170000,-436000,-267000,None,-40358000,-22201000,-9354000,None,1552000,None,1000,68000,-247000,26376000,16879000,None,None,None,100.25,101.49
13,2017-03-31,USD,2081000,-59805000,45525000,-3083000,55264000,12421000,34545000,0,15442000,0,-10762000,None,55264000,0,194000,None,None,None,0,0,0,3021000,-39822000,0,12421000,12421000,None,USD,500841000,7803000,None,10211000,56754000,444087000,None,26483000,381000,-222427000,18277000,6532000,14145000,383990000,32387000,13618000,13618000,19779000,50890000,347616000,None,347997000,None,35779000,6090000,5821000,5425000,None,None,None,None,None,None,None,None,None,None,None,None,None,None,None,None,None,None,None,None,None,25000000,USD,None,-9721000,-7528000,11000,-79000,-294000,-215000,None,-34367000,-53962000,-41987000,None,1320000,None,1000,-26000,307000,500000,11277000,None,None,None,120.94,100.25
14,2016-12-31,USD,2536000,32313000,38535000,1341000,-30257000,-15596000,30736000,0,-18259000,0,6684000,None,-30257000,0,111000,None,None,None,0,0,0,-2663000,11998000,0,-15596000,-15596000,None,USD,548625000,7633000,None,9606000,73264000,475361000,None,42799000,375000,-191512000,17929000,6428000,12981000,444437000,49278000,13699000,13699000,19956000,46624000,396385000,None,379126000,None,30593000,6057000,5719000,5367000,None,None,None,None,None,None,None,None,None,None,None,None,None,None,None,None,None,None,None,None,None,25000000,USD,None,5613000,-1458000,138000,-659000,-950000,-381000,None,-15596000,-14145000,-23990000,None,1077000,None,90000,-416000,-1974000,-12694000,1698000,None,None,None,111.75,120.94
15,2016-09-30,USD,1977000,109383000,38972000,6910000,-98653000,-79696000,30166000,0,-92389000,0,33188000,None,-98653000,0,155000,None,None,None,0,0,0,5307000,36264000,0,-91696000,-91696000,None,USD,589810000,7599000,None,3432000,71175000,518635000,6956000,38495000,393000,-231556126,8377000,6781000,12640000,487270000,45487000,1100311,1100311,25441264,50689000,526740151,None,511287624,None,30263098,17311000,5529000,4468000,None,None,None,None,None,None,None,None,None,None,None,None,None,None,None,None,None,None,None,None,None,None,USD,564000,-403000,-12911000,434000,-515000,269159000,109000,-7903000,-91696000,128154000,-119928000,None,5152000,None,207562000,567000,-735000,-25431000,11295000,None,None,None,132.73,111.75
16,2016-06-30,USD,2365000,32000000,34521000,2000000,-30000000,-12000000,28076000,0,0,0,0,None,-30000000,0,20000,None,None,None,0,0,0,-6000000,0,0,0,0,None,USD,344283000,7645000,None,3085000,72043000,272240000,None,39883000,348000,-164000000,18920000,6899000,10140000,253156000,46494000,14000000,14000000,None,51045000,214000000,None,None,None,16000000,6629000,5930000,6459000,None,None,None,None,None,None,None,None,None,None,None,None,None,None,None,None,None,None,None,None,None,22000000,USD,None,None,-2000000,None,None,323000,None,None,-12000000,-2000000,-11000000,None,1000000,None,None,428000,1000000,None,8283000,None,None,None,91.57,132.73
17,2016-03-31,USD,3676000,0,40285000,0,0,0,34406000,0,0,0,0,None,0,0,22000,None,None,None,0,0,0,0,0,0,0,0,None,USD,378518000,7911000,None,2347000,70146000,308372000,None,38034000,378000,None,21315000,7493000,8918000,277099000,46698000,None,None,None,49493000,None,None,None,None,None,2133000,6706000,8378000,None,None,None,None,None,None,None,None,None,None,None,None,None,None,None,None,None,None,None,None,None,22000000,USD,None,None,None,53000,None,769000,None,None,None,None,None,None,None,None,None,198000,None,None,6694000,None,None,None,72.15,91.57
18,2015-12-31,USD,5407000,0,40848000,0,0,0,32267000,0,0,0,0,None,0,0,28000,None,None,None,0,0,0,0,0,0,0,0,None,USD,417139000,8090000,None,1653000,78997000,338142000,None,49311000,388000,None,22084000,7683000,8661000,323399000,54683000,None,None,None,46374000,None,None,None,None,None,2230000,6920000,4847000,None,None,None,None,None,None,None,None,None,None,None,None,None,None,None,None,None,None,None,None,None,22000000,USD,None,None,None,None,None,764000,None,None,None,None,None,None,None,None,None,83000,None,None,2628000,None,None,None,69.44,72.15
19,2015-09-30,USD,7055000,91972000,4157000,9100000,-63432000,-44563000,30336000,0,-57061000,0,37412000,None,-63432000,0,19000,None,None,None,0,0,0,-12498000,6371000,0,-44563000,-44563000,None,USD,437983000,8245000,None,2334000,67233000,370750000,10187000,34990000,395000,-123455000,10166000,7875000,8877000,355033000,41974000,348000,348000,19189000,43433000,255142000,None,239815000,None,13970000,15093000,7189000,5737000,None,None,None,None,None,None,None,None,None,None,None,None,None,None,None,None,None,None,None,None,None,22000000,USD,357000,8478000,-17791000,184000,-255000,194118000,-345000,-7903000,-44563000,70381000,-46471000,None,2302000,None,129019000,-12000,-1010000,-11666000,27078000,None,None,None,91.37,69.44
