,fiscalDateEnding,reportedCurrency_x,totalRevenue,totalOperatingExpense,costOfRevenue,grossProfit,ebit,netIncome_x,researchAndDevelopment,effectOfAccountingCharges,incomeBeforeTax,minorityInterest,sellingGeneralAdministrative,otherNonOperatingIncome,operatingIncome,otherOperatingExpense,interestExpense,taxProvision,interestIncome,netInterestIncome,extraordinaryItems,nonRecurring,otherItems,incomeTaxExpense,totalOtherIncomeExpense,discontinuedOperations,netIncomeFromContinuingOperations,netIncomeApplicableToCommonShares,preferredStockAndOtherAdjustments,reportedCurrency_y,totalAssets,intangibleAssets,earningAssets,otherCurrentAssets,totalLiabilities,totalShareholderEquity,deferredLongTermLiabilities,otherCurrentLiabilities,commonStock,retainedEarnings,otherLiabilities,goodwill,otherAssets,cash,totalCurrentLiabilities,shortTermDebt,currentLongTermDebt,otherShareholderEquity,propertyPlantEquipment,totalCurrentAssets,longTermInvestments,netTangibleAssets,shortTermInvestments,netReceivables,longTermDebt,inventory,accountsPayable,totalPermanentEquity,additionalPaidInCapital,commonStockTotalEquity,preferredStockTotalEquity,retainedEarningsTotalEquity,treasuryStock,accumulatedAmortization,otherNonCurrrentAssets,deferredLongTermAssetCharges,totalNonCurrentAssets,capitalLeaseObligations,totalLongTermDebt,otherNonCurrentLiabilities,totalNonCurrentLiabilities,negativeGoodwill,warrants,preferredStockRedeemable,capitalSurplus,liabilitiesAndShareholderEquity,cashAndShortTermInvestments,accumulatedDepreciation,commonStockSharesOutstanding,reportedCurrency,investments,changeInLiabilities,cashflowFromInvestment,otherCashflowFromInvestment,netBorrowings,cashflowFromFinancing,otherCashflowFromFinancing,changeInOperatingActivities,netIncome_y,changeInCash,operatingCashflow,otherOperatingCashflow,depreciation,dividendPayout,stockSaleAndPurchase,changeInInventory,changeInAccountReceivables,changeInNetIncome,capitalExpenditures,changeInReceivables,changeInExchangeRate,changeInCashAndCashEquivalents,clossingVal,nextClossingVal
0,2018-12-31,USD,0,0,0,0,0,0,0,0,0,0,0,None,0,0,0,None,None,None,0,0,0,0,0,0,0,0,None,USD,39376870,None,None,None,12530200,26846670,None,None,None,None,None,None,36201270,3049590,None,None,None,26846670,None,None,None,None,None,57270,1100000,None,None,None,None,None,None,None,None,None,None,None,None,None,1100000,None,None,None,None,None,None,None,3049590,None,None,None,None,None,None,None,None,None,None,None,None,None,None,None,None,None,None,None,None,None,0,None,None,None,17.2961,
1,2018-09-30,USD,0,0,0,0,0,0,0,0,0,0,0,None,0,0,0,None,None,None,0,0,0,0,0,0,0,0,None,USD,36569000,0,None,None,9939000,26630000,0,154000,0,0,8193000,0,32676000,3756000,0,None,None,26629920,0,0,None,None,0,61960,1100000,0,492000,0,0,0,0,0,0,None,None,None,None,None,1100000,None,None,None,None,None,None,None,3756510,None,None,USD,None,None,0,0,None,0,None,None,0,None,0,None,0,0,0,0,0,None,0,None,None,None,20.5,17.2961
2,2018-06-30,USD,0,0,0,0,0,0,0,0,0,0,0,None,0,0,0,None,None,None,0,0,0,0,0,0,0,0,None,USD,36980000,0,None,None,10225000,26755000,0,159000,0,0,8412000,0,33017000,3840000,0,None,None,None,0,0,None,None,0,None,1100000,0,554000,0,0,0,0,0,0,None,None,None,None,None,None,None,None,None,None,None,None,None,None,None,None,USD,None,None,0,0,None,0,None,None,0,None,0,None,0,0,0,0,0,None,0,None,None,None,20.7,20.5
3,2018-03-31,USD,0,0,0,0,0,0,0,0,0,0,0,None,0,0,0,None,None,None,0,0,0,0,0,0,0,0,None,USD,37886000,0,None,None,11272000,26614000,0,149000,0,0,9532000,0,33017000,4642000,0,None,None,None,0,0,None,None,0,None,1100000,0,491000,0,0,0,0,0,0,None,None,None,None,None,None,None,None,None,None,None,None,None,None,None,None,USD,None,None,0,0,None,0,None,None,0,None,0,None,0,0,0,0,0,None,0,None,None,None,20.5,20.7
4,2017-12-31,USD,0,0,0,0,0,0,0,0,0,0,0,None,0,0,0,None,None,None,0,0,0,0,0,0,0,0,None,USD,38377000,0,None,None,11740000,26637000,0,261000,0,0,10946000,0,33018000,5265000,0,None,None,None,0,0,None,None,0,None,0,33017000,533000,0,0,0,0,0,0,None,None,None,None,None,None,None,None,None,None,None,None,None,None,None,None,USD,None,None,0,0,None,0,None,None,0,None,0,None,0,0,0,0,0,None,0,None,None,None,20.083,20.5
5,2017-09-30,USD,0,0,0,0,0,0,0,0,0,0,0,None,0,0,0,None,None,None,0,0,0,0,0,0,0,0,None,USD,34704000,0,None,None,8712000,25992000,0,169000,0,0,8088000,0,28675000,5871000,0,None,None,None,0,0,None,None,0,None,0,0,455000,0,0,0,0,0,0,None,None,None,None,None,None,None,None,None,None,None,None,None,None,None,None,USD,None,None,0,0,None,0,None,None,0,None,0,None,0,0,0,0,0,None,0,None,None,None,21.76,20.083
6,2017-06-30,USD,0,0,0,0,0,0,0,0,0,0,0,None,0,0,0,None,None,None,0,0,0,0,0,0,0,0,None,USD,36482000,0,None,None,9982000,26500000,0,1677000,0,0,7795000,0,29075000,7301000,0,None,None,None,0,0,None,None,0,None,0,0,510000,0,0,0,0,0,0,None,None,None,None,None,None,None,None,None,None,None,None,None,None,None,None,USD,None,None,0,0,None,0,None,None,0,None,0,None,0,0,0,0,0,None,0,None,None,None,20.5,21.76
7,2017-03-31,USD,0,0,0,0,0,0,0,0,0,0,0,None,0,0,0,None,None,None,0,0,0,0,0,0,0,0,None,USD,38284000,0,None,None,10155000,28129000,0,504000,0,0,9127000,0,31025000,7153000,0,None,None,None,0,0,None,None,0,None,0,0,524000,0,0,0,0,0,0,None,None,None,None,None,None,None,None,None,None,None,None,None,None,None,None,USD,None,None,0,0,None,0,None,None,0,None,0,None,0,0,0,0,0,None,0,None,None,None,20.72,20.5
8,2016-12-31,USD,0,0,0,0,0,0,0,0,0,0,0,None,0,0,0,None,None,None,0,0,0,0,0,0,0,0,None,USD,38988000,0,None,None,10876000,28112000,0,225000,0,0,10235000,0,31025000,3771000,0,None,None,None,0,0,None,None,4087000,None,0,31025000,416000,0,0,0,0,0,0,None,None,None,None,None,None,None,None,None,None,None,None,None,None,None,None,USD,None,None,0,0,None,0,None,None,0,None,0,None,0,0,0,0,0,None,0,None,None,None,18.23,20.72
9,2016-09-30,USD,0,0,0,0,0,0,0,0,0,0,0,None,0,0,0,None,None,None,0,0,0,0,0,0,0,0,None,USD,37672000,0,None,None,9663000,28009000,0,313000,0,0,8890000,0,28910000,4214000,0,None,None,None,0,0,None,None,4454000,None,0,0,460000,0,0,0,0,0,0,None,None,None,None,None,None,None,None,None,None,None,None,None,None,None,None,USD,None,None,0,0,None,0,None,None,0,None,0,None,0,0,0,0,0,None,0,None,None,None,18.54,18.23
10,2016-06-30,USD,0,0,0,0,0,0,0,0,0,0,0,None,0,0,0,None,None,None,0,0,0,0,0,0,0,0,None,USD,40856000,0,None,None,10867000,29989000,0,241000,0,0,10193000,0,31415000,4323000,0,None,None,None,0,0,None,None,4694000,None,0,0,433000,0,0,0,0,0,0,None,None,None,None,None,None,None,None,None,None,None,None,None,None,None,None,USD,None,None,0,0,None,0,None,None,0,None,0,None,0,0,0,0,0,None,0,None,None,None,20.19,18.54
11,2016-03-31,USD,0,0,0,0,0,0,0,0,0,0,0,None,0,0,0,None,None,None,0,0,0,0,0,0,0,0,None,USD,57082000,0,None,None,13510000,43572000,0,434000,0,0,12761000,0,45963000,6189000,0,None,None,None,0,0,None,None,4887000,None,0,0,315000,0,0,0,0,0,0,None,None,None,None,None,None,None,None,None,None,None,None,None,None,None,None,USD,None,None,0,0,None,0,None,None,0,None,0,None,0,0,0,0,0,None,0,None,None,None,26.95,20.19
12,2015-12-31,USD,2114666,9656402,1228795,885871,-5427070,-3677587,0,0,-3295758,-28665724,3293185,None,-2713535,0,-662963,None,None,None,0,0,0,79100,-582223,936730,-6749716,-7355174,None,USD,58335000,0,None,None,14879000,43456000,0,409000,0,0,13959000,0,47393000,5876000,0,None,None,None,0,0,None,None,5002000,None,0,46950000,500000,0,0,0,0,0,0,None,None,None,None,None,None,None,None,None,None,None,None,None,None,None,None,USD,None,None,0,0,None,0,None,None,0,None,0,None,0,0,0,0,0,None,0,None,None,None,25.5489,26.95
13,2015-09-30,USD,4229332,-14484603,-2457590,-1771742,8140605,7355174,0,0,6591516,42998586,-6586370,None,5427070,0,1325926,None,None,None,0,0,0,-158200,1164446,-1405095,10124574,11032761,None,USD,56096000,0,None,None,9773000,46323000,0,247000,0,0,8513000,0,43155000,7616000,0,None,None,None,0,0,None,None,5275000,None,0,0,1013000,0,0,0,0,0,0,None,None,None,None,None,None,None,None,None,None,None,None,None,None,None,1000000,USD,None,None,0,0,None,0,None,None,0,None,0,None,0,0,0,0,0,None,0,None,None,None,28.05,25.5489
14,2015-08-31,USD,2750064,5261282,1578518,1171546,-2511218,-3665546,0,0,-3098176,-13561768,3208520,None,-2511218,0,-662122,None,None,None,0,0,0,52800,-586958,468365,-3150976,-3665546,None,USD,None,None,None,None,None,None,None,None,None,None,None,None,None,None,None,None,None,None,None,None,None,None,None,None,None,None,None,None,None,None,None,None,None,None,None,None,None,None,None,None,None,None,None,None,None,None,None,None,None,USD,935085,24088,191690,None,None,8409285,-764798,-231024,-3752553,5160038,-3440937,None,388803,None,9174083,None,-122453,1377201,0,None,None,None,2.8007,28.05
