,fiscalDateEnding,reportedCurrency_x,totalRevenue,totalOperatingExpense,costOfRevenue,grossProfit,ebit,netIncome_x,researchAndDevelopment,effectOfAccountingCharges,incomeBeforeTax,minorityInterest,sellingGeneralAdministrative,otherNonOperatingIncome,operatingIncome,otherOperatingExpense,interestExpense,taxProvision,interestIncome,netInterestIncome,extraordinaryItems,nonRecurring,otherItems,incomeTaxExpense,totalOtherIncomeExpense,discontinuedOperations,netIncomeFromContinuingOperations,netIncomeApplicableToCommonShares,preferredStockAndOtherAdjustments,reportedCurrency_y,totalAssets,intangibleAssets,earningAssets,otherCurrentAssets,totalLiabilities,totalShareholderEquity,deferredLongTermLiabilities,otherCurrentLiabilities,commonStock,retainedEarnings,otherLiabilities,goodwill,otherAssets,cash,totalCurrentLiabilities,shortTermDebt,currentLongTermDebt,otherShareholderEquity,propertyPlantEquipment,totalCurrentAssets,longTermInvestments,netTangibleAssets,shortTermInvestments,netReceivables,longTermDebt,inventory,accountsPayable,totalPermanentEquity,additionalPaidInCapital,commonStockTotalEquity,preferredStockTotalEquity,retainedEarningsTotalEquity,treasuryStock,accumulatedAmortization,otherNonCurrrentAssets,deferredLongTermAssetCharges,totalNonCurrentAssets,capitalLeaseObligations,totalLongTermDebt,otherNonCurrentLiabilities,totalNonCurrentLiabilities,negativeGoodwill,warrants,preferredStockRedeemable,capitalSurplus,liabilitiesAndShareholderEquity,cashAndShortTermInvestments,accumulatedDepreciation,commonStockSharesOutstanding,reportedCurrency,investments,changeInLiabilities,cashflowFromInvestment,otherCashflowFromInvestment,netBorrowings,cashflowFromFinancing,otherCashflowFromFinancing,changeInOperatingActivities,netIncome_y,changeInCash,operatingCashflow,otherOperatingCashflow,depreciation,dividendPayout,stockSaleAndPurchase,changeInInventory,changeInAccountReceivables,changeInNetIncome,capitalExpenditures,changeInReceivables,changeInExchangeRate,changeInCashAndCashEquivalents,clossingVal,nextClossingVal
0,2020-06-30,USD,60004000,150408000,58560000,1444000,-152521000,-106904000,None,None,-152521000,None,74025000,-3557000,-148964000,76383000,-8221000,-45617000,2766000,-4534000,None,None,None,-45617000,-33037000,None,-106904000,-106904000,None,USD,3996495000,13500000,None,45431000,3170562000,825933000,None,653876000,460000,785269000,732287000,0,159383000,592520000,1037477000,60079000,60079000,-103170000,2267826000,962853000,None,812433000,168410000,120832000,792766000,35660000,323522000,None,None,460000,None,785269000,None,None,752316000,None,3033642000,708354000,792766000,1340319000,2133085000,None,None,None,143374000,3996495000,760930000,None,45996537,USD,47379000,0,268000,79464000,48964000,35072000,-83000,None,-106904000,-8089000,-43429000,None,None,0,0,None,None,24142000,47111000,None,None,-8089000,14.04,
1,2020-03-31,USD,559144000,496583000,230657000,328487000,-175188000,-144372000,None,None,-175188000,None,291947000,-7092000,-168096000,204636000,-6795000,-30816000,3020000,-2944000,None,None,None,-30816000,-131052000,None,-144372000,-144372000,None,USD,4136730000,13500000,None,46133000,3212364000,924366000,None,725504000,460000,892173000,746621000,0,183355000,600609000,1075963000,59794000,59794000,-102552000,2298735000,1029447000,None,910866000,213974000,130250000,757221000,38481000,290665000,None,None,460000,None,892173000,None,None,795048000,None,3107283000,734322000,757221000,1379180000,2136401000,None,None,None,134285000,4136730000,814583000,None,45950090,USD,32085000,0,-14760000,32085000,235000000,195426000,-1230000,None,-144372000,227553000,46887000,None,None,5514000,7510000,None,None,151810000,46845000,None,None,227553000,10.44,14.04
2,2019-12-31,USD,708088000,493664000,145189000,562899000,61664000,49717000,None,None,67909000,None,289757000,-7620000,69284000,203907000,-20371000,18192000,3378000,-2439000,None,None,None,18192000,1064000,None,49717000,49717000,None,USD,4126624000,13500000,None,359450000,3044828000,1081796000,None,711765000,461000,1049567000,765812000,106663000,273226000,373056000,1075216000,53273000,53273000,-103883000,2316772000,874706000,None,1081796000,245599000,161572000,547254000,37630000,310178000,None,None,461000,None,1049567000,None,None,632545000,None,2949317000,761627000,547254000,1422358000,1969612000,None,None,None,135651000,4126624000,618655000,None,46121859,USD,-12865000,-43959000,-129448000,550000,-110751000,-37903000,-23000,-42691000,223984000,-139106000,28245000,28801000,162339000,-39980000,-119459000,-8767000,-24756000,147498000,117133000,-24756000,None,-139106000,29.29,10.44
3,2019-09-30,USD,755151000,332925000,305590000,449561000,108519000,80076000,None,None,108519000,None,291329000,-8117000,116636000,41596000,-6438000,28443000,3148000,-2119000,None,None,None,28443000,-5998000,None,80076000,80076000,None,USD,4064691000,13524000,None,54095000,2997844000,1066847000,None,738203000,467000,1023490000,715407000,106663000,138817000,512162000,1122145000,77014000,77014000,-90113000,2240442000,981703000,None,946660000,232444000,145466000,704527000,37536000,306928000,None,None,467000,None,1023490000,None,None,722359000,None,3082988000,542397000,704527000,1171172000,1875699000,None,None,None,133003000,4064691000,744606000,None,46744658,USD,-34018000,0,-158034000,4695000,150418000,183209000,-14000,-42691000,80076000,170858000,145683000,None,41596000,5652000,20000000,-8767000,-24756000,24011000,128711000,None,None,170858000,26.26,29.29
4,2019-06-30,USD,712189000,322707000,300601000,411588000,79609000,57833000,None,None,79609000,None,283180000,-9272000,88881000,39527000,-7300000,21776000,3074000,-2969000,None,None,None,21776000,-6303000,None,57833000,57833000,None,USD,3768183000,13668000,None,53279000,2761493000,1006690000,None,787603000,475000,969059000,624899000,106663000,150952000,341304000,1151797000,50029000,50029000,-93087000,2156582000,738352000,None,886359000,198146000,109726000,515254000,35897000,314165000,None,None,475000,None,969059000,None,None,752918000,None,3029831000,558977000,515254000,1094442000,1609696000,None,None,None,130243000,3768183000,539450000,None,47506021,USD,-35677000,0,-105801000,-4705000,53117000,-78527000,-30000,-42691000,57833000,-23796000,160532000,None,39527000,5743000,19604000,-8767000,-24756000,63172000,225838000,None,None,-23796000,27.43,26.26
5,2019-03-31,USD,656800000,314584000,289491000,367309000,55204000,36358000,None,None,48959000,None,276433000,2528000,52676000,38151000,6245000,12601000,2983000,-3262000,None,None,None,12601000,-455000,None,36358000,36358000,None,USD,3754114000,13889000,None,60553000,2779054000,975060000,None,781491000,482000,936566000,628183000,106663000,171013000,365100000,1150787000,93483000,93483000,-90879000,2109857000,739589000,None,854508000,166817000,110658000,519105000,36461000,275813000,None,None,482000,None,936566000,None,None,784116000,None,3014525000,571460000,519105000,1109162000,1628267000,None,None,None,128891000,3754114000,531917000,None,48202199,USD,71454000,0,-11924000,2780000,24354000,-42233000,-982000,-42691000,36358000,96523000,150680000,None,38151000,5811000,11086000,-8767000,-24756000,76171000,74261000,None,None,96523000,26.25,27.43
6,2018-12-31,USD,660088000,467570000,160568000,499520000,41519000,31636000,0,0,41519000,0,271445000,-27830000,69349000,196125000,-8373000,None,None,None,2633000,0,0,9883000,-3137000,0,31636000,31636000,None,USD,3196646000,14149000,None,364941000,2248652000,947994000,None,603736000,485000,912201000,633835000,106663000,305513000,268577000,1006133000,101097000,68338000,-93140000,2185111000,705167000,None,947994000,232241000,111834000,388926000,33942000,301300000,None,None,485000,None,912201000,None,None,None,None,2185111000,None,608684000,633835000,1242519000,None,None,None,128448000,3196646000,500818000,None,48540280,USD,93693000,-35408000,-70689000,86013000,-71595000,-71203000,-7000,61301000,31636000,-77464000,64428000,323442000,144921000,-42498000,-156394000,-4701000,21132000,59142000,100679000,21132000,None,-77464000,26.41,26.25
7,2018-09-30,USD,759100000,316153000,327108000,431992000,116757000,93542000,0,0,116757000,0,279780000,931000,115826000,36373000,-8446000,None,None,None,0,0,0,23215000,-2227000,0,93542000,93542000,None,USD,3270955000,14408000,None,95292000,2287754000,983201000,0,653113000,500000,922491000,638578000,106663000,187860000,346041000,1036593000,105451000,105451000,-67411000,2116204000,845820000,None,862130000,245307000,126534000,612583000,32646000,278029000,0,0,500000,0,922491000,0,None,187860000,None,2425135000,None,612583000,638578000,1251161000,None,None,None,127621000,3270955000,591348000,None,49961321,USD,7051000,0,2194000,87000000,-23694000,-61263000,-112000,61301000,93542000,11250000,70319000,None,36373000,6089000,31149000,-4701000,21132000,-59596000,127986000,None,None,11250000,40.1,26.41
8,2018-06-30,USD,715400000,308848000,313671000,401729000,105787000,79480000,0,0,105787000,0,275929000,12859000,92928000,32919000,-7627000,None,None,None,0,0,0,26307000,-5992000,0,79480000,79480000,None,USD,3232861000,14668000,None,100315000,2312814000,920047000,0,712069000,507000,866180000,611501000,106663000,183276000,333791000,1122860000,113526000,113526000,-72511000,2086955000,841299000,None,798716000,259313000,111493000,578453000,36387000,297265000,0,0,507000,0,866180000,0,None,183276000,None,2391562000,None,578453000,611501000,1189954000,None,None,None,125871000,3232861000,593104000,None,50735132,USD,79706000,0,-160682000,987000,66105000,67072000,-294000,61301000,79480000,54606000,148216000,None,32919000,6093000,2500000,-4701000,21132000,35817000,147215000,None,None,54606000,35.95,40.1
9,2018-03-31,USD,665412000,338305000,290820000,374592000,37095000,28542000,0,0,37095000,0,306060000,830000,36265000,32245000,-8555000,None,None,None,0,0,0,8553000,-39008000,0,28542000,28542000,None,USD,2974444000,14928000,None,83404000,2136230000,838214000,0,698949000,508000,795293000,483234000,106663000,310333000,280185000,1022367000,59002000,59002000,-82455000,1918035000,746076000,None,716623000,244948000,106724000,498748000,30815000,264416000,0,0,508000,0,795293000,0,None,188742000,None,2228368000,None,498748000,615115000,1113863000,None,None,None,124868000,2974444000,525133000,None,50771515,USD,30386000,0,-87299000,87000000,20395000,-50014000,-3229000,61301000,28542000,88232000,225545000,None,32245000,6145000,20245000,-4701000,21132000,164758000,110897000,None,None,88232000,38.7,35.95
10,2017-12-31,USD,686549000,303346000,283025000,403524000,103834000,172130000,0,0,110077000,0,273856000,3656000,100178000,29490000,-21855000,None,None,None,0,14313000,0,-62053000,-20107000,0,172130000,172130000,None,USD,2859831000,121850000,None,380678000,1893889000,965942000,0,545362000,512000,913951000,316424000,106663000,315482000,191953000,891920000,59470000,59470000,-75264000,1842263000,702086000,None,965942000,269297000,140279000,511201000,35361000,287088000,0,0,512000,0,913951000,0,None,None,None,1842263000,None,511201000,490768000,1001969000,None,None,None,126743000,2859831000,461250000,None,51173453,USD,59908000,-93796000,-128127000,430000,-114137000,-64627000,359000,-98654000,148448000,-157096000,35658000,335329000,119102000,-6261000,-150486000,-21964000,-40782000,33244000,128980000,-40780000,None,-157096000,39.85,38.7
11,2017-09-30,USD,719559000,283757000,262051000,457508000,119638000,74566000,0,0,119638000,0,255310000,-54113000,173751000,28447000,-7578000,None,None,None,0,41724000,0,45072000,-40922000,0,74566000,74566000,None,USD,2822693000,15447000,None,56783000,1981902000,840791000,0,573373000,525000,848057000,406998000,106663000,247036000,349049000,908528000,58585000,58585000,-81567000,1753946000,821711000,None,718681000,270697000,118622000,447533000,26560000,276570000,0,0,525000,0,848057000,0,None,124926000,None,2000982000,None,447533000,625841000,1073374000,None,None,None,73776000,2822693000,619746000,None,52471736,USD,63952000,0,-122160000,23292000,21979000,-68522000,-356000,-95120000,71622000,-230645000,-39963000,None,0,0,46187000,0,0,-142976000,116257000,None,None,-230645000,37.55,39.85
12,2017-06-30,USD,675335000,280704000,252082000,423253000,129358000,80433000,0,0,129358000,0,248061000,-13191000,142549000,32643000,-7711000,None,None,None,0,-51266000,0,48925000,2621000,0,80433000,80433000,None,USD,2909463000,15742000,None,46612000,2122288000,787175000,0,619292000,536000,773491000,529146000,106663000,245988000,579694000,956370000,59102000,527511000,-106353000,1662614000,1000861000,None,664770000,265059000,86472000,468409000,23024000,277976000,0,0,536000,0,773491000,0,None,123583000,None,1908602000,None,468409000,697509000,1165918000,None,None,None,119501000,2909463000,844753000,None,53583833,USD,39378000,0,-1435000,33511000,8612000,-13151000,-240000,-95120000,76895000,111905000,126491000,None,0,0,4299000,0,0,18186000,43148000,None,None,111905000,46.95,37.55
13,2017-03-31,USD,614185000,289020000,257871000,356314000,57725000,36912000,0,0,51482000,0,242873000,-9569000,67294000,46147000,6243000,None,None,None,0,18679000,0,14570000,-15812000,0,36912000,36912000,None,USD,2842159000,16076000,None,49443000,2136446000,705713000,0,606396000,536000,693058000,526306000,106663000,248970000,467789000,965915000,58359000,58359000,-109036000,1679150000,914039000,None,582974000,273700000,104485000,477169000,18622000,301160000,0,0,536000,0,693058000,0,None,126231000,None,1928120000,None,477169000,693362000,1170531000,None,None,None,121155000,2842159000,741489000,None,53636630,USD,68155000,0,-42984000,8003000,21872000,-29167000,-7295000,-95120000,33645000,136798000,208949000,None,0,0,0,0,0,144569000,53130000,None,None,136798000,46.45,46.95
14,2016-12-31,USD,632973000,368629000,253475000,379498000,3561000,1942000,0,0,3561000,0,232988000,-7308000,10869000,135641000,-8159000,None,None,None,0,109142000,0,1619000,-127593000,0,1942000,1942000,None,USD,2708601000,16411000,None,66740000,2028148000,680453000,0,482496000,534000,656146000,529581000,106663000,255798000,330991000,830116000,58899000,58899000,-103493000,1654567000,798236000,None,557379000,284075000,96067000,497908000,20363000,288721000,0,0,534000,0,656146000,0,None,132724000,None,1910365000,None,497908000,700124000,1198032000,None,None,None,127266000,2708601000,615066000,-454231000,53435234,USD,43023000,64035000,-71815000,31851000,8493000,-7988000,2041000,12459000,1942000,-79722000,81000,201842000,114920000,-6261000,0,-5259000,-18954000,60784000,74588000,-18956000,None,-79722000,57.0,46.45
15,2016-09-30,USD,671837000,255564000,242418000,429419000,164159000,102454000,0,0,164159000,0,228069000,-9696000,173855000,27495000,-8539000,None,None,None,0,0,0,61705000,-19466000,0,102454000,102454000,None,USD,2634136000,18726000,None,57918000,1968452000,665684000,0,515388000,534000,654204000,464406000,106663000,192857000,410713000,832041000,58349000,None,-112558000,1581027000,860252000,None,540295000,287995000,85388000,506328000,18238000,258304000,0,0,534000,0,654204000,0,None,67468000,None,1773884000,None,506328000,630083000,1136411000,None,None,None,123504000,2634136000,698708000,None,53426475,USD,79729000,None,-56264000,28453000,21925000,-25331000,356000,None,102454000,50246000,131841000,None,0,0,3688000,0,0,None,33959000,None,None,50246000,48.6,57.0
16,2016-06-30,USD,594590000,251570000,224150000,370440000,128640000,79570000,0,0,128640000,0,224582000,9770000,118870000,26988000,-8910000,None,None,None,0,0,0,49070000,18534000,0,79570000,79570000,None,USD,2561337000,17876000,None,53788000,1995225000,566112000,0,557851000,535000,551750000,473977000,106663000,194331000,360467000,852374000,58352000,None,-111747000,1574824000,792182000,None,441573000,266345000,93432000,527625000,18150000,236171000,0,0,535000,0,551750000,0,None,69792000,None,1769155000,None,527625000,615226000,1142851000,None,None,None,125574000,2561337000,626812000,None,53516342,USD,83487000,None,-26430000,19914000,101304000,-93977000,22566000,None,79570000,-33446000,86961000,None,0,0,7611000,0,0,None,40274000,None,None,-33446000,37.96,48.6
17,2016-03-31,USD,551180000,246535000,212777000,338403000,83104000,51466000,0,0,83104000,0,219389000,-8764000,91868000,27146000,-11004000,None,None,None,0,0,0,31638000,-8764000,0,51466000,51466000,None,USD,2570015000,18000000,None,37508000,2083783000,486232000,0,527509000,536000,472180000,474831000,106663000,195266000,393913000,855729000,70183000,None,-106046000,1563613000,811136000,None,361569000,280155000,79757000,612596000,19803000,258037000,0,0,536000,0,472180000,0,None,70603000,None,1758879000,None,612596000,615458000,1228054000,None,None,None,119562000,2570015000,674068000,None,53589252,USD,54748000,None,406000,31851000,82303000,-91500000,-5307000,None,51466000,107411000,198505000,None,0,0,2464000,0,0,None,30017000,None,None,107411000,47.19,37.96
18,2015-12-31,USD,574154000,238103000,227205000,346949000,61446000,37900000,0,0,61446000,0,211299000,-47400000,108846000,26804000,-12936000,None,None,None,0,109142000,0,23546000,-28789000,0,37900000,37900000,None,USD,2509710000,18660000,None,75050000,2200273000,446062000,136625000,430766000,534000,420714000,462545000,106663000,215984000,286502000,769800000,77466000,74511000,-99277000,1552742000,740984000,None,184114000,278545000,81723000,694678000,19164000,101310000,0,0,534000,0,420714000,0,None,90661000,None,1768726000,None,694678000,599170000,1430473000,None,None,None,124091000,2509710000,565047000,-432510000,53401439,USD,79271000,16549000,-12344000,15705000,141438000,-137884000,-3998000,45754000,37900000,-63672000,86556000,217310000,113494000,-6261000,2516000,-4323000,-1850000,134848000,13499000,-1850000,None,-63672000,35.33,47.19
19,2015-09-30,USD,631738000,230826000,246235000,385503000,112982000,70029000,0,0,112982000,0,204765000,-41695000,154677000,26061000,-13506000,None,None,None,0,0,0,42953000,-29540000,0,70029000,70029000,None,USD,2625791000,19320000,None,53013000,2248641000,377150000,0,481830000,533000,382814000,493332000,106663000,216091000,350174000,819325000,95805000,None,-122280000,1617933000,791767000,None,251167000,265437000,102784000,818608000,20359000,241690000,0,0,533000,0,382814000,0,None,90108000,None,1834024000,None,818608000,610708000,1429316000,None,None,None,116083000,2625791000,615611000,None,53317662,USD,62959000,None,-37275000,42742000,31259000,-54285000,166000,None,70029000,392000,91952000,None,0,0,20001000,0,0,None,32427000,None,None,392000,24.68,35.33
