,fiscalDateEnding,reportedCurrency_x,totalRevenue,totalOperatingExpense,costOfRevenue,grossProfit,ebit,netIncome_x,researchAndDevelopment,effectOfAccountingCharges,incomeBeforeTax,minorityInterest,sellingGeneralAdministrative,otherNonOperatingIncome,operatingIncome,otherOperatingExpense,interestExpense,taxProvision,interestIncome,netInterestIncome,extraordinaryItems,nonRecurring,otherItems,incomeTaxExpense,totalOtherIncomeExpense,discontinuedOperations,netIncomeFromContinuingOperations,netIncomeApplicableToCommonShares,preferredStockAndOtherAdjustments,reportedCurrency_y,totalAssets,intangibleAssets,earningAssets,otherCurrentAssets,totalLiabilities,totalShareholderEquity,deferredLongTermLiabilities,otherCurrentLiabilities,commonStock,retainedEarnings,otherLiabilities,goodwill,otherAssets,cash,totalCurrentLiabilities,shortTermDebt,currentLongTermDebt,otherShareholderEquity,propertyPlantEquipment,totalCurrentAssets,longTermInvestments,netTangibleAssets,shortTermInvestments,netReceivables,longTermDebt,inventory,accountsPayable,totalPermanentEquity,additionalPaidInCapital,commonStockTotalEquity,preferredStockTotalEquity,retainedEarningsTotalEquity,treasuryStock,accumulatedAmortization,otherNonCurrrentAssets,deferredLongTermAssetCharges,totalNonCurrentAssets,capitalLeaseObligations,totalLongTermDebt,otherNonCurrentLiabilities,totalNonCurrentLiabilities,negativeGoodwill,warrants,preferredStockRedeemable,capitalSurplus,liabilitiesAndShareholderEquity,cashAndShortTermInvestments,accumulatedDepreciation,commonStockSharesOutstanding,reportedCurrency,investments,changeInLiabilities,cashflowFromInvestment,otherCashflowFromInvestment,netBorrowings,cashflowFromFinancing,otherCashflowFromFinancing,changeInOperatingActivities,netIncome_y,changeInCash,operatingCashflow,otherOperatingCashflow,depreciation,dividendPayout,stockSaleAndPurchase,changeInInventory,changeInAccountReceivables,changeInNetIncome,capitalExpenditures,changeInReceivables,changeInExchangeRate,changeInCashAndCashEquivalents,clossingVal,nextClossingVal
0,2020-06-30,USD,40779000,27138000,None,40779000,13641000,9175000,None,None,13641000,None,27138000,None,13641000,2266000,11294000,4466000,55533000,44239000,None,None,None,4466000,None,None,9175000,9175000,None,USD,6218163000,11742000,None,None,5670727000,547436000,None,5209781000,33000,88859000,None,11031000,4835932000,562433000,5300249000,None,None,335000,26412000,5329304000,673913000,535694000,655971000,4766871000,118670000,None,90468000,None,None,33000,None,88859000,-119002000,None,176792000,None,888859000,None,118670000,251808000,370478000,None,None,None,577211000,6218163000,562433000,None,30657629,USD,-318865000,26002000,-319893000,7000,-48192000,575729000,627593000,-4610000,9176000,255500000,-336000,-20622000,2701000,-3672000,0,None,None,-17592000,1035000,None,None,255500000,9.71,
1,2020-03-31,USD,34459000,31068000,None,34459000,3391000,2350000,None,None,3391000,None,31068000,None,3391000,2745000,14950000,1041000,58636000,43686000,None,None,None,1041000,None,None,2350000,2350000,None,USD,5617690000,11808000,691751000,None,5064732000,552958000,None,4582068000,33000,83355000,None,11031000,4569639000,306931000,4646210000,102000,None,11867000,26374000,4802330000,622206000,541150000,622206000,4495399000,118523000,None,64040000,None,None,33000,None,83355000,-118882000,None,154972000,None,815360000,None,118523000,300000000,418523000,None,None,None,576585000,5617690000,306931000,None,30622741,USD,62448000,2252000,61248000,44000,210000000,83359000,-117065000,-7027000,2350000,168869000,24262000,30200000,2317000,-7380000,-2196000,None,None,-12858000,1244000,None,None,168869000,10.85,9.71
2,2019-12-31,USD,39893000,34090000,None,39893000,5803000,3084000,None,None,5803000,None,34090000,None,5803000,5187000,16762000,2720000,60409000,43647000,None,None,None,2719000,-1734000,None,3084000,3084000,None,USD,5538184000,11873000,709730000,17828000,4974917000,563267000,None,4698962000,33000,100551000,None,11031000,4638308000,138063000,4766540000,66000,25000000,3382000,26070000,156761000,5189236000,551394000,634477000,18698000,118377000,63000,67512000,None,None,33000,None,100551000,-116515000,None,117457000,None,36787000,None,118377000,90000000,208377000,None,None,None,575816000,5538184000,138063000,None,30799624,USD,-44256000,-242000,-41051000,2871000,15000000,8943000,8765000,932000,3084000,-29000000,3108000,6310000,2684000,-7460000,-7362000,None,None,-7120000,334000,None,None,-29000000,20.0,10.85
3,2019-09-30,USD,49316000,32607000,None,49316000,16709000,12376000,None,None,16709000,None,32607000,None,16709000,3660000,18119000,4333000,61891000,43772000,None,None,None,4333000,-160000,None,12376000,12376000,None,USD,5527982000,11950000,697331000,18354000,4953455000,574527000,None,4690141000,33000,104927000,None,None,4594225000,167063000,4700250000,33000,25000000,3708000,27271000,186222000,5147538000,562577000,621815000,19159000,118232000,330000,10076000,None,None,33000,None,104927000,-109098000,None,155001000,None,5341760000,None,118232000,134973000,253205000,None,None,None,574957000,5527982000,167063000,None,31173881,USD,4508000,5119000,3533000,423000,75000000,-1462000,-71949000,76000,12376000,19827000,17756000,22889000,2154000,-7470000,2957000,None,1223000,-26005000,1398000,1223000,None,19827000,18.78,20.0
4,2019-06-30,USD,34020000,30144000,None,34020000,3876000,2656000,None,None,3876000,None,30144000,None,3876000,4078000,18492000,1220000,61199000,42707000,None,None,None,1220000,None,None,2656000,2656000,None,USD,5511752000,12028000,715480000,19824000,4947294000,564458000,None,4762068000,33000,100021000,None,11031000,4581838000,147236000,4774355000,849000,None,2375000,26698000,167749000,5152440000,552430000,639995000,20513000,118087000,507000,11438000,None,None,33000,None,100021000,-109076000,None,152837000,None,5344003000,None,118087000,54852000,172939000,None,None,None,571105000,5511752000,147236000,None,30975163,USD,7029000,-1686000,11035000,3077000,75000000,-65513000,-58121000,-6165000,2656000,-38979000,15499000,28179000,2072000,-7406000,14000,None,451000,-16173000,929000,451000,None,-38979000,22.27,18.78
5,2019-03-31,USD,50025000,29065000,None,50025000,20960000,14672000,None,None,20960000,None,29065000,None,20960000,3470000,17526000,6287000,62125000,44888000,None,None,None,6288000,-381000,None,14672000,14672000,None,USD,5571068000,12105000,697686000,21287000,5006776000,564292000,None,4820175000,33000,104771000,None,11031000,4620265000,186215000,4835362000,750000,None,-1882000,28426000,207590000,5171334000,552187000,621470000,21375000,117947000,622000,14437000,None,None,33000,None,104771000,-109062000,None,151613000,None,5363478000,None,117947000,53467000,171414000,None,None,None,570432000,5571068000,186215000,None,30860533,USD,-16618000,185000,-18062000,-16618000,-55000000,10083000,72515000,1642000,14672000,14454000,22433000,18737000,2622000,-7440000,8000,None,-66000,-13717000,1444000,-66000,None,14454000,21.27,22.27
6,2018-12-31,USD,48904000,29298000,19352000,48904000,19606000,11384000,0,0,19606000,0,29298000,None,19606000,3373000,16311000,None,None,None,0,0,0,8222000,-380000,0,11384000,11384000,None,USD,5502219000,12182000,None,22894000,4949651000,552568000,None,4747235000,33000,97539000,29608000,11031000,4647668000,171761000,4758787000,173000,None,-6079000,27752000,201926000,5152864000,540386000,None,30165000,117808000,663000,11379000,None,None,33000,None,97539000,-108637000,None,80054000,None,27441000,None,117808000,73056000,190864000,None,None,None,569712000,5502219000,171761000,None,30928437,USD,-17504000,2497000,-17129000,271000,-105000000,-4818000,132740000,-50000,11384000,-4241000,17706000,17369000,2601000,-7613000,-24945000,None,None,-16496000,104000,315000,None,-4241000,19.7,21.27
7,2018-09-30,USD,51344000,29008000,14908000,51344000,22336000,16081000,0,0,22336000,0,29008000,None,22336000,2431000,14708000,None,None,None,0,0,0,6255000,-466000,0,16081000,16081000,None,USD,5487042000,12273000,None,19366000,4919294000,567748000,0,4614422000,33000,93768000,27202000,11031000,4638779000,176002000,4623840000,1265000,None,-11295000,28552000,198526000,5127898000,555475000,0,22524000,117670000,877000,8153000,0,0,33000,0,93768000,-83619000,None,119793000,None,5288516000,None,117670000,177784000,295454000,None,None,None,568861000,5487042000,176002000,None,32087236,USD,-50873000,-2073000,-55864000,-2160000,-110000000,58968000,187869000,-840000,16081000,23143000,20039000,22903000,3282000,-7778000,-11123000,6813000,0,-19398000,2831000,-706000,None,23143000,24.9,19.7
8,2018-06-30,USD,50959000,29510000,12307000,50959000,21449000,15548000,0,0,21449000,0,29510000,None,21449000,3100000,12207000,None,None,None,0,0,0,5901000,-380000,0,15548000,15548000,None,USD,5415202000,12363000,None,19260000,4843495000,571707000,0,4426535000,33000,85465000,29428000,11031000,4596895000,152859000,4433281000,971000,387532000,-9324000,26324000,175054000,5081186000,559344000,0,22195000,117532000,280000,5775000,0,0,33000,0,85465000,-72478000,None,120275000,None,5240148000,None,117532000,292682000,410214000,None,None,None,568011000,5415202000,152859000,None,32513518,USD,-101675000,3583000,-126162000,-23999000,50000000,90502000,48276000,-160000,15548000,-15137000,20523000,17845000,3471000,-7774000,0,4485000,0,-19749000,488000,-189000,None,-15137000,28.35,24.9
9,2018-03-31,USD,50336000,29757000,10807000,50336000,20579000,14855000,0,0,20579000,0,29757000,None,20579000,2352000,10158000,None,None,None,0,0,0,5724000,0,0,14855000,14855000,None,USD,5305641000,12454000,None,19629000,4741363000,564278000,0,4378101000,33000,77691000,25862000,11031000,738117000,167996000,4384902000,870000,337400000,-8207000,26465000,760965000,4387788000,551824000,570351000,22618000,117400000,7668000,5931000,0,0,33000,0,77691000,-72320000,None,117969000,None,4544676000,None,117400000,239061000,356461000,None,None,None,567081000,5305641000,738347000,None,32502658,USD,-73026000,-5735000,-112412000,-38905000,70000000,91830000,29016000,-820000,14855000,-2215000,18367000,26822000,1757000,-7756000,570000,2176000,19000,-19351000,481000,19000,None,-2215000,30.75,28.35
10,2017-12-31,USD,53804000,29258000,9661000,53804000,24546000,11497000,0,0,24546000,0,29258000,None,24546000,9721000,23584000,None,None,None,0,26000,0,13067000,40000,0,11479000,11497000,None,USD,5210485000,12544000,None,19967000,4648008000,562477000,0,4348654000,33000,70575000,32084000,11031000,748249000,170211000,4354766000,803000,267270000,-1869000,26655000,777827000,4279809000,549933000,578804000,28812000,117270000,8340000,5309000,0,0,33000,0,70575000,-71889000,None,81149000,None,32455000,None,117270000,175972000,293242000,None,None,None,565627000,5210485000,749015000,None,32431627,USD,14557000,4667000,-91160000,-105021000,-57735000,82806000,147304000,4622000,11498000,15687000,24041000,20927000,3501000,-6781000,18000,8669000,0,-15909000,696000,-672000,None,15687000,30.35,30.75
11,2017-09-30,USD,53473000,28660000,9204000,53473000,24813000,14923000,0,0,24813000,0,28660000,None,24813000,787000,787000,None,None,None,0,-150000,0,9900000,0,0,14913000,14923000,None,USD,5111396000,12628000,None,19214000,4552149000,559247000,0,4299010000,33000,65858000,25999000,11031000,775331000,154524000,4303738000,657000,227140000,290000,26648000,775490000,4169332000,546619000,598440000,22526000,117140000,8415000,4071000,0,0,33000,0,65858000,-71721000,None,127298000,None,4335906000,None,117140000,131271000,248411000,None,None,None,564787000,5111396000,752964000,None,32413082,USD,-62050000,-2310000,-148387000,-86190000,90000000,123161000,39811000,-194000,14922000,-368000,24858000,42757000,2272000,-6781000,131000,10999000,0,-31860000,264000,-931000,None,-368000,30.95,30.35
12,2017-06-30,USD,52458000,28944000,8570000,52458000,23514000,14457000,0,0,23514000,0,28944000,None,23514000,742000,2153000,None,None,None,0,115000,0,9057000,0,0,14457000,14457000,None,USD,4973346000,12712000,None,23597000,4423206000,550140000,0,4259173000,33000,57717000,27022000,11031000,753396000,154892000,4264086000,1481000,20000000,137000,26869000,748385000,4050253000,537428000,571846000,21647000,117011000,15270000,3432000,0,0,33000,0,57717000,-71695000,None,135106000,None,4224940000,None,117011000,42109000,159120000,None,None,None,563948000,4973346000,726738000,None,32393856,USD,-111953000,5015000,-150671000,-39129000,-30000000,139738000,175747000,1451000,14457000,-85000,10848000,25765000,3196000,-6135000,126000,3271000,0,-37155000,1393000,-393000,None,-85000,28.45,30.95
13,2017-03-31,USD,49651000,27240000,5915000,49651000,22411000,13783000,0,0,22411000,0,27240000,None,22411000,-80000,5995000,None,None,None,0,-31000,0,8600000,0,0,13811000,13783000,None,USD,4811821000,12797000,None,20555000,4272279000,539542000,0,4083165000,33000,49395000,22319000,11031000,720595000,154977000,4086716000,932000,50000000,-1603000,28350000,724370000,3919648000,526745000,548010000,21383000,116795000,13485000,2619000,0,0,33000,0,49395000,-71434000,None,126620000,None,4087415000,None,116795000,68768000,185563000,None,None,None,563151000,4811821000,702987000,None,32392580,USD,-97539000,-3517000,-128174000,-30224000,-167265000,99414000,272780000,-2501000,13783000,-8643000,20117000,26633000,3885000,-6114000,13000,2222000,213000,-20880000,411000,213000,None,-8643000,30.75,28.45
14,2016-12-31,USD,49982000,25955000,5399000,49982000,24027000,14416000,0,0,24027000,0,25955000,None,24027000,12536000,13531000,None,None,None,0,0,0,9611000,-312000,0,14416000,14416000,None,USD,4701346000,12889000,None,21281000,4170321000,531025000,0,3809737000,33000,41726000,26606000,11031000,696273000,163620000,3813282000,978000,333978000,-2394000,28698000,703850000,3821656000,518136000,516964000,23266000,18978000,16800000,2567000,0,0,33000,0,41726000,-70786000,None,87921000,None,46332000,None,18978000,338061000,357039000,None,None,None,562446000,4701346000,680584000,None,32330747,USD,-27429000,2310000,-293681000,-264540000,260000000,293211000,38453000,-12480000,14416000,17038000,17508000,23085000,3318000,-6103000,861000,848000,0,-24794000,1712000,-827000,None,17038000,34.9,30.75
15,2016-09-30,USD,49706000,28337000,3293000,49706000,21369000,13121000,0,0,21369000,0,28337000,None,21369000,-4540000,565000,None,None,None,0,936000,0,8248000,0,0,13121000,13121000,None,USD,4402180000,1456000,None,None,3870982000,531198000,0,3771207000,33000,33413000,25887000,0,713218000,146582000,3774692000,1041000,55000000,7555000,27682000,766681000,3520112000,529742000,548961000,71138000,18888000,17396000,2444000,0,0,33000,0,33413000,-70709000,None,86278000,None,3635528000,None,18888000,77402000,96290000,None,None,None,560906000,4402180000,695543000,None,32252774,USD,39598000,-2830000,-3007000,-44980000,-225000000,-49411000,181663000,2611000,13121000,-26435000,25983000,32409000,4936000,-6104000,30000,1246000,0,-22045000,2375000,392000,None,-26435000,26.34,34.9
16,2016-06-30,USD,50868000,27863000,2663000,50868000,23005000,14148000,0,0,23005000,0,27863000,None,23005000,4585000,73000,None,None,None,0,-936000,0,8857000,0,0,14148000,14148000,None,USD,4441333000,1537000,None,None,3916148000,525185000,0,3589289000,33000,26396000,28038000,0,820667000,173017000,3594852000,2456000,280000000,9121000,29752000,883342000,3422436000,523648000,636275000,74050000,18821000,24679000,3107000,0,0,33000,0,26396000,-70454000,None,104266000,None,3557991000,None,18821000,302475000,321296000,None,None,None,560089000,4441333000,809292000,None,32260320,USD,-34948000,-1154000,-100684000,-65333000,30000000,114794000,89067000,1084000,14148000,19168000,5058000,24417000,2365000,-4494000,221000,0,0,-34792000,403000,74000,None,19168000,23.49,26.34
17,2016-03-31,USD,47055000,26068000,2580000,47055000,20987000,14804000,0,0,20987000,0,26068000,None,20987000,-1525000,4105000,None,None,None,0,312000,0,6183000,0,0,14804000,14804000,None,USD,4310748000,1619000,None,None,3799888000,510860000,0,3499992000,33000,16742000,31137000,0,865725000,153849000,3506050000,2809000,250000000,5364000,30112000,907415000,3268036000,509241000,675032000,78534000,18759000,11994000,3249000,0,0,33000,0,16742000,-70224000,None,103555000,None,3403322000,None,18759000,275079000,293838000,None,None,None,558945000,4310748000,828881000,None,32249512,USD,-62554000,-7282000,-94114000,-30570000,80000000,61380000,-10001000,-713000,14804000,-26900000,5834000,9895000,3959000,-8960000,341000,1510000,0,-14417000,990000,-1125000,None,-26900000,22.02,23.49
18,2015-12-31,USD,53070000,27784000,296000,53070000,25286000,14826000,0,0,25286000,0,27784000,None,25286000,10806000,12069000,None,None,None,0,1971000,0,10460000,-2278000,0,14826000,14826000,None,USD,4234521000,1701000,None,15961000,3740603000,493918000,0,3509976000,257000,6422000,41924000,0,888557000,180749000,3516739000,3586000,188703000,-315000,29834000,905369000,3143255000,492217000,698296000,26324000,18703000,11385000,3177000,0,0,257000,0,6422000,-70207000,None,102256000,None,52095000,None,18703000,205161000,223864000,None,None,None,557761000,4234521000,879045000,None,32488097,USD,8187000,-186000,-106496000,-114706000,169067000,7795000,-7841000,-8946000,14826000,-70978000,27723000,18828000,2775000,-3516000,85000,11426000,248000,-7741000,23000,-779000,None,-70978000,23.72,22.02
19,2015-09-30,USD,53250000,28722000,336000,53250000,24528000,13959000,0,0,24528000,0,28722000,None,24528000,0,83000,None,None,None,0,0,0,10569000,0,0,13959000,13959000,None,USD,4214241000,1795000,None,None,3728792000,485449000,0,3518694000,257000,-3931000,41429000,0,932212000,251727000,3524383000,2704000,None,2158000,29857000,1012622000,3003583000,483654000,669340000,91555000,18669000,18120000,2985000,0,0,257000,0,-3931000,-70151000,None,166384000,None,3201619000,None,18669000,185740000,204409000,None,None,None,557116000,4214241000,921067000,None,31977207,USD,-127691000,1278000,-162342000,-34774000,None,223841000,78470000,None,13959000,82111000,20612000,31229000,6671000,-4797000,168000,6884000,1027000,-31936000,123000,-589000,None,82111000,25.2,23.72
