,fiscalDateEnding,reportedCurrency_x,totalRevenue,totalOperatingExpense,costOfRevenue,grossProfit,ebit,netIncome_x,researchAndDevelopment,effectOfAccountingCharges,incomeBeforeTax,minorityInterest,sellingGeneralAdministrative,otherNonOperatingIncome,operatingIncome,otherOperatingExpense,interestExpense,taxProvision,interestIncome,netInterestIncome,extraordinaryItems,nonRecurring,otherItems,incomeTaxExpense,totalOtherIncomeExpense,discontinuedOperations,netIncomeFromContinuingOperations,netIncomeApplicableToCommonShares,preferredStockAndOtherAdjustments,reportedCurrency_y,totalAssets,intangibleAssets,earningAssets,otherCurrentAssets,totalLiabilities,totalShareholderEquity,deferredLongTermLiabilities,otherCurrentLiabilities,commonStock,retainedEarnings,otherLiabilities,goodwill,otherAssets,cash,totalCurrentLiabilities,shortTermDebt,currentLongTermDebt,otherShareholderEquity,propertyPlantEquipment,totalCurrentAssets,longTermInvestments,netTangibleAssets,shortTermInvestments,netReceivables,longTermDebt,inventory,accountsPayable,totalPermanentEquity,additionalPaidInCapital,commonStockTotalEquity,preferredStockTotalEquity,retainedEarningsTotalEquity,treasuryStock,accumulatedAmortization,otherNonCurrrentAssets,deferredLongTermAssetCharges,totalNonCurrentAssets,capitalLeaseObligations,totalLongTermDebt,otherNonCurrentLiabilities,totalNonCurrentLiabilities,negativeGoodwill,warrants,preferredStockRedeemable,capitalSurplus,liabilitiesAndShareholderEquity,cashAndShortTermInvestments,accumulatedDepreciation,commonStockSharesOutstanding,reportedCurrency,investments,changeInLiabilities,cashflowFromInvestment,otherCashflowFromInvestment,netBorrowings,cashflowFromFinancing,otherCashflowFromFinancing,changeInOperatingActivities,netIncome_y,changeInCash,operatingCashflow,otherOperatingCashflow,depreciation,dividendPayout,stockSaleAndPurchase,changeInInventory,changeInAccountReceivables,changeInNetIncome,capitalExpenditures,changeInReceivables,changeInExchangeRate,changeInCashAndCashEquivalents,clossingVal,nextClossingVal
0,2020-06-30,USD,80576000,10691000,77937000,2639000,-8041000,-8097000,867000,None,-10158000,None,9824000,11000,-8052000,None,417000,-2061000,11000,-406000,None,None,None,-2061000,-1700000,None,-8097000,-8097000,None,USD,604012000,5134000,None,3816000,308888000,295124000,2052000,2500000,13000,129408000,224514000,4789000,38948000,65466000,74725000,30000000,30000000,-91051000,162634000,390523000,None,285201000,None,57356000,None,263885000,42225000,None,None,13000,None,129408000,None,None,9263000,None,31669000,10557000,None,232111000,234163000,None,None,None,256754000,604012000,65466000,None,12556921,USD,-3042000,-14994000,-3042000,None,-58000,-2820000,-58000,-1304000,-8097000,13012000,18874000,319000,4999000,-2762000,0,16236000,13693000,6718000,3042000,13693000,None,13012000,23.36,
1,2020-03-31,USD,111563000,11813000,92267000,19296000,7493000,4068000,1028000,None,5497000,None,10785000,10000,7483000,None,296000,1429000,10000,-286000,None,None,None,1429000,-1700000,None,4068000,4068000,None,USD,622784000,5184000,None,4440000,319172000,303612000,2016000,2500000,13000,140297000,226212000,4789000,42255000,52406000,82940000,30000000,30000000,-92594000,164720000,403530000,None,293639000,None,66347000,None,280337000,50440000,None,None,13000,None,140297000,-2437000,None,9895000,None,34666000,10904000,7714000,234216000,236232000,None,None,None,255896000,622784000,52406000,None,12556921,USD,-1804000,-14464000,-1804000,None,30000000,27195000,-42000,-3030000,4068000,19170000,-6221000,-1392000,4936000,-2763000,0,-1209000,-819000,2659000,1804000,-819000,None,19170000,20.61,23.36
2,2019-12-31,USD,108453000,12389000,89710000,18743000,6368000,3268000,882000,None,4417000,None,11507000,14000,6354000,None,251000,1149000,14000,-237000,None,None,None,1149000,-1700000,None,3268000,3268000,None,USD,606967000,5233000,None,3668000,303341000,303626000,2016000,2500000,13000,139010000,227973000,4789000,41186000,33619000,65043000,None,None,-90396000,167400000,385797000,None,293604000,None,66491000,None,282019000,62543000,None,None,13000,None,139010000,-2437000,None,10164000,None,33584000,11196000,7763000,236282000,238298000,None,None,None,254999000,606967000,33619000,None,12556255,USD,-2296000,3755000,-2296000,None,-40000,-2576000,-40000,-2419000,3268000,2156000,7028000,-843000,4803000,-2760000,224000,-19983000,11941000,4087000,2296000,11941000,None,2156000,35.78,20.61
3,2019-09-30,USD,129640000,120818000,108330000,21310000,12808000,6037000,1069000,None,7747000,None,11419000,33000,8822000,None,230000,1710000,33000,-197000,-314000,None,None,1710000,-878000,None,6037000,6082000,None,USD,593800000,5284000,None,3297000,297525000,296275000,2016000,2500000,13000,125296000,229636000,4789000,41888000,31038000,60080000,None,None,-80638000,169966000,371873000,None,286202000,None,76979000,8609000,258802000,34497000,None,None,13000,None,125296000,-2239000,None,7756000,34132000,221927000,8779000,8609000,235429000,237445000,None,None,None,253843000,593800000,31038000,None,12000000,USD,-2725000,-6253000,-2725000,None,-44000,-2797000,-2753000,-3208000,6037000,8993000,14778000,-980000,4831000,-2753000,0,9232000,42000,3465000,2725000,42000,None,9256000,35.84,35.78
4,2019-06-30,USD,126032000,119672000,107857000,18175000,10363000,3802000,830000,None,5288000,None,10985000,15000,6360000,None,231000,1486000,15000,-216000,None,None,None,1486000,-856000,None,3802000,3759000,None,USD,587823000,5334000,None,3703000,257683000,330140000,1919000,2500000,13000,122019000,182357000,4789000,30512000,22045000,67472000,None,None,-42769000,172212000,374976000,None,320017000,None,77719000,8337000,269138000,43040000,None,None,13000,None,122019000,-2239000,None,6678000,23834000,212847000,8337000,8337000,188292000,190211000,None,None,None,253116000,587823000,22045000,None,13000000,USD,-1907000,1925000,-1907000,None,-35000,-2850000,-2753000,-1813000,3802000,11265000,16212000,-188000,4844000,-2753000,-62000,1501000,2721000,3118000,1907000,2721000,None,11455000,31.81,35.84
5,2019-03-31,USD,127474000,11522000,112791000,14683000,3179000,1509000,859000,None,2039000,None,10663000,18000,3161000,None,284000,429000,-487000,-266000,None,None,None,530000,-856000,None,1509000,1509000,None,USD,587732000,5384000,None,3630000,258040000,329692000,1919000,2500000,13000,120977000,183763000,4789000,32008000,10780000,66380000,None,None,-43723000,175577000,369974000,None,319519000,None,83539000,8372000,272025000,63880000,None,None,13000,None,120977000,-2177000,None,7197000,24811000,217758000,8372000,8372000,189741000,191660000,None,None,None,252425000,587732000,10780000,None,12515480,USD,-3138000,3016000,-3138000,None,-37000,-2790000,-37000,-2826000,1509000,-967000,4961000,-1171000,4796000,-2753000,-93000,9784000,-15871000,2898000,3138000,-15871000,None,-967000,32.83,31.81
6,2018-12-31,USD,107069000,11962000,95734000,11335000,-607000,-1603000,834000,None,-1704000,None,11128000,20000,-627000,None,241000,None,None,None,None,None,None,-101000,-1077000,None,-1603000,-1603000,None,USD,582534000,5434000,None,3549000,253910000,328624000,1919000,2500000,13000,122226000,185201000,4789000,31694000,11609000,60769000,None,None,-45333000,177290000,363327000,None,318401000,None,67128000,7940000,281041000,58269000,None,None,13000,None,122226000,-2177000,None,6730000,24964000,219207000,None,8409000,191222000,193141000,None,None,None,251718000,582534000,11609000,None,12517492,USD,None,2689000,-2271000,None,-34000,-2879000,-34000,-1227000,-1603000,1946000,7096000,-925000,4655000,-2752000,-93000,-8815000,8106000,2989000,2271000,8106000,None,1946000,26.4,32.83
7,2018-09-30,USD,122313000,11285000,106367000,15946000,4690000,2130000,914000,0,4459000,0,10371000,29000,4661000,0,231000,None,None,None,0,0,0,2329000,-402000,0,2130000,2130000,None,USD,588694000,5539000,None,2825000,255474000,333220000,19748000,2500000,13000,126588000,185296000,4789000,32617000,9802000,62198000,None,None,-44434000,179400000,366349000,None,322892000,0,80677000,7979000,273045000,59698000,0,0,13000,0,126588000,-1869000,None,7163000,25454000,222345000,None,None,173528000,193276000,None,None,None,251053000,588694000,9802000,None,12504478,USD,None,-3524000,-1300000,0,-118000,-2870000,-118000,-5425000,2130000,-4721000,-551000,-2167000,5515000,-2752000,0,-1968000,-6999000,6462000,1300000,-6999000,None,-4567000,35.5,26.4
8,2018-06-30,USD,113114000,14704000,99844000,13270000,-1416000,713000,1018000,0,-1644000,0,13686000,18000,-1434000,0,228000,None,None,None,0,0,0,-2357000,-2810000,0,713000,713000,None,USD,597464000,5671000,None,2243000,290750000,306714000,20195000,2500000,13000,127213000,221294000,4789000,41534000,14579000,61438000,8018000,8018000,-71165000,183693000,361777000,None,296254000,0,73289000,8018000,271666000,58938000,0,0,13000,0,127213000,-1869000,None,5597000,35937000,235687000,None,None,209117000,229312000,None,None,None,250653000,597464000,14579000,None,12509153,USD,None,8047000,-3447000,0,-31000,-2783000,-31000,-1233000,713000,-2379000,3851000,1224000,5926000,-2752000,0,-6389000,-2666000,-3004000,3447000,-2666000,-576000,-2955000,36.74,35.5
9,2018-03-31,USD,110206000,13249000,98754000,11452000,-1780000,-2068000,965000,0,-2009000,0,12284000,17000,-1797000,0,229000,None,None,None,0,0,0,59000,-212000,0,-2068000,-2068000,None,USD,597887000,5802000,None,3669000,287682000,310205000,20820000,2500000,13000,129256000,222808000,4789000,34172000,17534000,56818000,8056000,8056000,-69114000,187465000,365659000,None,299614000,0,76586000,8056000,267870000,54318000,0,0,13000,0,129256000,-1869000,None,5441000,28731000,232228000,None,None,210044000,230864000,None,None,None,250050000,597887000,17534000,None,12520020,USD,None,-10094000,-3155000,0,-42000,-2790000,-42000,-2700000,-2068000,-16729000,-10784000,-195000,5836000,-2755000,7000,954000,-9904000,4687000,3155000,-9904000,297000,-16432000,37.11,36.74
10,2017-12-31,USD,89693000,11658000,82683000,7010000,-4630000,-22526000,888000,0,-4860000,0,10770000,18000,-4648000,0,230000,None,None,None,0,0,0,17666000,-1012000,0,-22526000,-22526000,None,USD,604615000,5933000,None,3587000,293928000,310687000,21445000,2500000,13000,134082000,222709000,4789000,45908000,33966000,61386000,8092000,8092000,-72747000,188999000,369708000,None,299965000,0,64927000,8092000,267228000,58886000,0,0,13000,0,134082000,-1876000,None,5297000,29889000,234907000,None,None,211097000,232542000,None,None,None,249339000,604615000,33966000,None,12520320,USD,None,-4742000,-3183000,0,-67000,-3051000,-67000,-3389000,-22526000,-12487000,-6253000,-989000,5877000,-2754000,-230000,-22502000,6979000,31650000,3183000,6979000,125000,-12362000,32.05,37.11
11,2017-09-30,USD,100765000,11956000,94992000,5773000,-6152000,-3661000,980000,0,-6378000,0,10976000,31000,-6183000,0,226000,None,None,None,0,0,0,-2717000,-679000,0,-3661000,-3661000,None,USD,621819000,6066000,None,2781000,288047000,333772000,22070000,2500000,13000,159366000,224240000,4789000,74095000,46328000,54700000,8292000,8292000,-74340000,192556000,355168000,None,322917000,0,61602000,7366000,244457000,52200000,0,0,13000,0,159366000,-1646000,None,5107000,58133000,266651000,None,None,211277000,233347000,None,None,None,248733000,621819000,46328000,None,12509757,USD,None,-5209000,-947000,0,4100000,-2807000,-55000,-5319000,-3661000,-2475000,1279000,13000,5748000,-2752000,0,3696000,755000,612000,947000,80000,326000,-2149000,35.91,32.05
12,2017-06-30,USD,97977000,11505000,94315000,3662000,-7789000,-3967000,941000,0,-8023000,0,10564000,54000,-7843000,0,234000,None,None,None,0,0,0,-4056000,0,0,-3967000,-3967000,None,USD,642759000,6193000,None,2714000,336761000,305998000,22531000,2500000,13000,165779000,268779000,4789000,83199000,48477000,59047000,7358000,7358000,-107979000,196177000,363383000,None,295016000,0,64796000,7358000,247396000,56547000,0,0,13000,0,165779000,-1646000,None,1626000,70591000,279376000,None,None,255183000,277714000,None,None,None,248185000,642759000,48477000,None,12507732,USD,None,-3525000,-4279000,0,-28000,-2780000,-28000,-1057000,-3967000,-6440000,619000,1515000,5507000,-2752000,0,-3025000,675000,-1157000,4279000,5271000,552000,-5888000,36.31,35.91
13,2017-03-31,USD,103112000,11532000,93324000,9788000,-1700000,-1890000,991000,0,-1936000,0,10541000,44000,-1744000,0,236000,None,None,None,0,0,0,-46000,0,0,-1890000,-1890000,None,USD,647837000,6317000,None,3684000,340678000,307159000,23156000,2500000,13000,172498000,270160000,4789000,77584000,54788000,61555000,None,None,-113201000,197262000,372991000,None,296053000,423000,71766000,7386000,242753000,59055000,0,0,13000,0,172498000,-1646000,None,1699000,64779000,274846000,None,None,255967000,279123000,None,None,None,247849000,647837000,54788000,None,12507732,USD,None,-3820000,-3887000,0,-28000,-2781000,-28000,1708000,-1890000,-8908000,-2240000,1708000,5457000,-2753000,0,-680000,0,9229000,3887000,-12244000,312000,-8596000,38.12,36.31
14,2016-12-31,USD,93355000,11255000,82868000,10487000,-711000,-672000,943000,0,-880000,0,10312000,57000,-768000,0,169000,None,None,None,0,0,0,-208000,0,0,-672000,-672000,None,USD,647069000,6439000,None,3906000,339348000,307721000,23781000,2908000,13000,177141000,272012000,4789000,81777000,64884000,58345000,None,None,-116615000,198751000,366541000,None,296493000,1923000,56161000,7414000,241590000,55437000,0,0,13000,0,177141000,-1646000,None,1721000,68828000,280528000,None,None,257222000,281003000,None,None,None,247182000,647069000,64884000,None,12510307,USD,None,-1801000,-5893000,0,-55000,-3073000,-55000,2482000,-672000,4503000,13469000,2482000,5385000,-2752000,-266000,-6973000,7648000,7400000,5893000,7648000,-839000,3664000,42.99,38.12
15,2016-09-30,USD,107523000,11627000,94201000,13322000,1729000,3162000,954000,0,1589000,0,10673000,34000,1695000,0,140000,None,None,None,0,0,0,-1573000,-447000,0,3162000,3162000,None,USD,649601000,6562000,None,2809000,338302000,311299000,24407000,7488000,12000,180565000,277388000,4789000,84159000,64743000,55388000,4331000,4331000,-115903000,199182000,366260000,None,299948000,5446000,62150000,3948000,236558000,47900000,0,0,12000,0,180565000,-1380000,None,1798000,71010000,283341000,None,None,258507000,282914000,None,None,None,246625000,649601000,64743000,None,12491149,USD,None,-1805000,-9531000,0,-291000,-3097000,-58000,-17244000,3162000,15013000,27641000,4208000,5345000,-2748000,0,8744000,10965000,2852000,9531000,5135000,-134000,14879000,37.11,42.99
16,2016-06-30,USD,101255000,10127000,87990000,13265000,3167000,2792000,916000,0,3029000,0,9211000,29000,3138000,0,138000,None,None,None,0,0,0,237000,0,0,2792000,2792000,None,USD,636662000,6399000,None,3052000,299734000,336928000,25161000,13751000,12000,180151000,232211000,4789000,67027000,53618000,61903000,None,None,-87936000,192129000,377506000,None,325740000,9200000,75210000,3913000,245626000,48152000,0,0,12000,0,180151000,-1380000,None,1933000,53906000,259156000,None,None,212670000,237831000,None,None,None,246081000,636662000,53618000,None,12491149,USD,None,-6542000,-8414000,0,None,-2451000,-13000,None,2792000,-2915000,7950000,569000,5249000,-2748000,310000,1219000,5830000,5539000,8414000,-876000,-458000,-3373000,32.08,37.11
17,2016-03-31,USD,102511000,10437000,93606000,8905000,-1513000,-1162000,913000,0,-1652000,0,9524000,19000,-1532000,0,139000,None,None,None,0,0,0,-490000,0,0,-1162000,-1162000,None,USD,644141000,6523000,None,3692000,306026000,338115000,25786000,18569000,12000,180107000,233978000,4789000,68676000,56991000,66428000,None,None,-86167000,189773000,385692000,None,326803000,9200000,75607000,3913000,249402000,47859000,0,0,12000,0,180107000,-1380000,None,2184000,55180000,258449000,None,None,213812000,239598000,None,None,None,245543000,644141000,56991000,None,12491449,USD,None,-4917000,-6637000,0,None,-2793000,-47000,None,-1162000,-1179000,8251000,523000,5202000,-2746000,0,7305000,6706000,5086000,6637000,-3786000,712000,-467000,36.5,32.08
18,2015-12-31,USD,95070000,11191000,82982000,12088000,923000,228000,915000,0,785000,0,10276000,26000,897000,0,138000,None,None,None,0,0,0,557000,0,0,228000,228000,None,USD,647547000,6648000,None,4045000,307607000,339940000,26411000,18569000,12000,184015000,236339000,4789000,69643000,57458000,65647000,None,None,-87665000,187676000,390228000,None,328503000,9200000,71353000,3914000,257372000,47078000,0,0,12000,0,184015000,-1380000,None,2026000,56180000,257319000,None,None,215549000,241960000,None,None,None,244958000,647547000,57458000,None,12481549,USD,None,5708000,-7051000,0,None,-3161000,-126000,None,228000,-67000,10145000,-10436000,5240000,-2746000,-289000,-10657000,10492000,9570000,7051000,10492000,-720000,-787000,36.69,36.5
19,2015-09-30,USD,117001000,11712000,95596000,21405000,9723000,5784000,907000,0,9379000,0,10805000,30000,9693000,0,344000,None,None,None,0,0,0,3595000,-318000,0,5784000,5784000,None,USD,638191000,6774000,None,2974000,296202000,341989000,25329000,2500000,12000,186533000,238863000,4789000,67398000,49045000,53427000,4380000,4380000,-87953000,185351000,385442000,None,330426000,0,85587000,3912000,247836000,50927000,0,0,12000,0,186533000,-1091000,None,1877000,53958000,252749000,None,4574000,212872000,242775000,None,None,None,244488000,638191000,49045000,None,12446000,USD,None,-16350000,-4497000,0,-173000,-2914000,-121000,-6919000,5784000,1461000,9516000,-272000,5225000,-2738000,0,11815000,-5011000,5984000,4497000,-2670000,None,1810000,37.84,36.69
