,fiscalDateEnding,reportedCurrency_x,totalRevenue,totalOperatingExpense,costOfRevenue,grossProfit,ebit,netIncome_x,researchAndDevelopment,effectOfAccountingCharges,incomeBeforeTax,minorityInterest,sellingGeneralAdministrative,otherNonOperatingIncome,operatingIncome,otherOperatingExpense,interestExpense,taxProvision,interestIncome,netInterestIncome,extraordinaryItems,nonRecurring,otherItems,incomeTaxExpense,totalOtherIncomeExpense,discontinuedOperations,netIncomeFromContinuingOperations,netIncomeApplicableToCommonShares,preferredStockAndOtherAdjustments,reportedCurrency_y,totalAssets,intangibleAssets,earningAssets,otherCurrentAssets,totalLiabilities,totalShareholderEquity,deferredLongTermLiabilities,otherCurrentLiabilities,commonStock,retainedEarnings,otherLiabilities,goodwill,otherAssets,cash,totalCurrentLiabilities,shortTermDebt,currentLongTermDebt,otherShareholderEquity,propertyPlantEquipment,totalCurrentAssets,longTermInvestments,netTangibleAssets,shortTermInvestments,netReceivables,longTermDebt,inventory,accountsPayable,totalPermanentEquity,additionalPaidInCapital,commonStockTotalEquity,preferredStockTotalEquity,retainedEarningsTotalEquity,treasuryStock,accumulatedAmortization,otherNonCurrrentAssets,deferredLongTermAssetCharges,totalNonCurrentAssets,capitalLeaseObligations,totalLongTermDebt,otherNonCurrentLiabilities,totalNonCurrentLiabilities,negativeGoodwill,warrants,preferredStockRedeemable,capitalSurplus,liabilitiesAndShareholderEquity,cashAndShortTermInvestments,accumulatedDepreciation,commonStockSharesOutstanding,reportedCurrency,investments,changeInLiabilities,cashflowFromInvestment,otherCashflowFromInvestment,netBorrowings,cashflowFromFinancing,otherCashflowFromFinancing,changeInOperatingActivities,netIncome_y,changeInCash,operatingCashflow,otherOperatingCashflow,depreciation,dividendPayout,stockSaleAndPurchase,changeInInventory,changeInAccountReceivables,changeInNetIncome,capitalExpenditures,changeInReceivables,changeInExchangeRate,changeInCashAndCashEquivalents,clossingVal,nextClossingVal
0,2020-06-30,USD,856000000,675000000,None,856000000,181000000,150000000,None,None,181000000,None,675000000,None,181000000,46000000,110000000,31000000,902000000,792000000,None,None,None,31000000,None,None,150000000,131000000,19000000,USD,118425000000,411000000,29013000000,None,106111000000,12314000000,None,93691000000,10000000,1633000000,2349000000,1990000000,82561000000,1367000000,93837000000,146000000,146000000,290000000,751000000,79804000000,102360000000,8216000000,13297000000,78437000000,9753000000,None,None,None,None,10000000,1697000000,1633000000,-59000000,None,11546000000,None,117058000000,None,9753000000,2521000000,12274000000,None,None,None,8743000000,118425000000,1367000000,None,1017309583,USD,-163000000,-137000000,-47000000,154000000,-2810000000,4361000000,6848000000,-307000000,150000000,4526000000,212000000,-13000000,59000000,-171000000,494000000,None,None,153000000,38000000,None,None,4526000000,25.05,
1,2020-03-31,USD,710000000,652000000,None,710000000,58000000,48000000,None,None,58000000,None,652000000,None,58000000,51000000,185000000,10000000,975000000,790000000,None,None,None,10000000,None,None,48000000,30000000,18000000,USD,113897000000,417000000,30194000000,None,102128000000,11769000000,None,86830000000,10000000,1657000000,2676000000,1990000000,82497000000,1568000000,89656000000,2826000000,2826000000,227000000,743000000,78099000000,102379000000,8159000000,14622000000,76531000000,9796000000,None,None,None,None,10000000,1203000000,1657000000,-56000000,None,6800000000,None,112329000000,None,9796000000,2676000000,12472000000,None,None,None,8728000000,113897000000,1568000000,None,1014218094,USD,-4462000000,892000000,-4322000000,151000000,204000000,4421000000,4478000000,-151000000,48000000,597000000,498000000,-1023000000,119000000,-173000000,-88000000,None,None,462000000,11000000,None,None,597000000,24.44,25.05
2,2019-12-31,USD,1073000000,988000000,None,1073000000,85000000,317000000,None,None,372000000,None,701000000,None,85000000,287000000,-3213000000,55000000,1011000000,780000000,None,None,None,55000000,2000000,None,317000000,298000000,19000000,USD,109002000000,475000000,26726000000,877000000,97207000000,11795000000,None,82347000000,10000000,2088000000,2068000000,1990000000,78744000000,1147000000,84953000000,2606000000,1565000000,-256000000,763000000,1147000000,98816000000,8127000000,14149000000,None,9849000000,11000000,82347000000,None,None,10000000,1203000000,2088000000,-56000000,None,5811000000,None,107855000000,None,9849000000,2405000000,12254000000,None,None,None,8806000000,109002000000,1147000000,None,1020003482,USD,-1443000000,-103000000,-1114000000,354000000,390000000,-28000000,-48000000,108000000,317000000,-466000000,676000000,94000000,78000000,-174000000,-196000000,None,None,288000000,25000000,None,None,-466000000,26.0,24.44
3,2019-09-30,USD,1106000000,667000000,None,1106000000,439000000,372000000,None,None,439000000,None,667000000,None,439000000,47000000,253000000,67000000,1052000000,799000000,None,None,None,67000000,-31000000,None,372000000,354000000,18000000,USD,108735000000,455000000,27101000000,1064000000,96826000000,11909000000,None,82395000000,10000000,1946000000,2032000000,1990000000,78198000000,1140000000,84568000000,2173000000,2173000000,-175000000,775000000,75249000000,98007000000,8261000000,14286000000,74109000000,9874000000,12000000,82395000000,None,None,10000000,1203000000,1946000000,-55000000,None,6368000000,None,107595000000,None,9874000000,2384000000,12258000000,None,None,None,8980000000,108735000000,1140000000,None,1032755207,USD,-381000000,-65000000,-184000000,228000000,-1104000000,176000000,1513000000,-522000000,372000000,38000000,46000000,-189000000,104000000,-165000000,-68000000,None,None,-176000000,31000000,None,None,38000000,26.3,26.0
4,2019-06-30,USD,1127000000,700000000,0,1127000000,427000000,364000000,0,0,427000000,0,700000000,0,427000000,62000000,256000000,63000000,1068000000,812000000,0,0,0,63000000,-38000000,0,364000000,346000000,18000000,USD,108247000000,481000000,26395000000,778000000,96579000000,11668000000,0,80882000000,10000000,1750000000,2218000000,1990000000,78371000000,1019000000,85043000000,4161000000,4161000000,-273000000,774000000,75278000000,97612000000,7994000000,13695000000,74259000000,8973000000,14000000,80882000000,0,0,10000000,1203000000,1750000000,-52000000,0,6371000000,0,107228000000,0,8973000000,2563000000,11536000000,0,0,0,9030000000,108247000000,1019000000,0,1037841268,USD,335000000,186000000,-64000000,-372000000,855000000,-29000000,-566000000,-163000000,364000000,262000000,355000000,-191000000,73000000,-166000000,-152000000,0,0,-75000000,27000000,0,0,262000000,25.89,26.3
5,2019-03-31,USD,1074000000,653000000,0,1074000000,421000000,358000000,0,0,421000000,0,653000000,0,421000000,55000000,248000000,63000000,1070000000,822000000,0,0,0,63000000,-30000000,0,358000000,339000000,19000000,USD,108203000000,513000000,26124000000,693000000,96771000000,11432000000,0,82155000000,11000000,1551000000,2039000000,1990000000,78486000000,951000000,85017000000,2862000000,2862000000,-455000000,784000000,951000000,97903000000,7726000000,13982000000,0,9400000000,18000000,82155000000,0,0,11000000,1203000000,1551000000,-45000000,0,6062000000,0,107252000000,0,9400000000,2354000000,11754000000,0,0,0,9167000000,108203000000,951000000,0,1046440116,USD,-675000000,176000000,-515000000,184000000,1498000000,-1318000000,-2625000000,-36000000,358000000,-1336000000,497000000,-278000000,131000000,-166000000,-25000000,0,0,110000000,24000000,0,0,-1336000000,26.13,25.89
6,2018-12-31,USD,1102000000,946000000,0,1102000000,156000000,334000000,0,0,391000000,0,711000000,0,156000000,235000000,-3189000000,None,None,None,3000000,0,0,57000000,-58000000,0,334000000,315000000,19000000,USD,108781000000,535000000,None,804000000,97679000000,11102000000,0,84774000000,11000000,1361000000,2076000000,1989000000,78278000000,1161000000,86791000000,2017000000,575000000,-609000000,790000000,1161000000,97382000000,7375000000,53000000,0,8625000000,23000000,84774000000,0,0,11000000,1203000000,1361000000,-45000000,0,6924000000,0,107620000000,0,8625000000,2263000000,10888000000,0,0,0,9181000000,108781000000,1161000000,0,1046767252,USD,-1640000000,-193000000,-1686000000,2000000,-187000000,2477000000,3040000000,-345000000,334000000,1373000000,582000000,212000000,143000000,-171000000,-200000000,0,0,86000000,48000000,0,0,1373000000,24.82,26.13
7,2018-09-30,USD,1091000000,651000000,0,1091000000,440000000,378000000,0,0,440000000,0,651000000,0,440000000,58000000,0,None,None,None,0,0,0,62000000,-31000000,0,378000000,360000000,18000000,USD,105652000000,306000000,None,2100000000,94718000000,10934000000,0,81689000000,11000000,1196000000,0,1993000000,75398000000,1342000000,83037000000,1348000000,0,-790000000,827000000,15069000000,81949000000,7432000000,13727000000,0,9385000000,27000000,81689000000,0,0,11000000,1203000000,1196000000,-44000000,0,5508000000,0,90583000000,0,9385000000,2296000000,11681000000,0,0,0,9358000000,105652000000,15069000000,0,1061529259,USD,-551000000,248000000,-519000000,56000000,-1425000000,-106000000,2152000000,138000000,378000000,-83000000,542000000,-152000000,122000000,-143000000,-695000000,0,0,-54000000,24000000,0,0,-83000000,25.74,24.82
8,2018-06-30,USD,1064000000,652000000,0,1064000000,412000000,355000000,0,0,412000000,0,652000000,None,412000000,727590.22,0,None,None,None,0,0,0,57000000,-451105.94,0,355000000,334000000,21000000,USD,105358000000,319000000,None,30791618.16,93886000000,11472000000,0,79587000000,11000000,990000000,0,1993000000,1083338183.93,1423000000,82029000000,2442000000,0.50,-730000000,840000000,15493000000,81141000000,7957000000,14070000000,0,9726000000,407450.52,1158134458.67,0,0,11000000,1203000000,990000000,-40000000,None,5572000000,None,89865000000,None,9726000000,2131000000,11857000000,None,None,None,10038000000,105358000000,15493000000,None,1104226603,USD,-674000000,16000000,-682000000,14000000,720000000,687000000,99000000,-3361466.82,355000000,313000000,308000000,-70000000,123000000,-133000000,1000000,0,0,-116000000,22000000,None,None,313000000,26.12,25.74
9,2018-03-31,USD,1018000000,633000000,0,1018000000,385000000,326000000,0,0,385000000,0,633000000,None,385000000,51000000,84000000,None,None,None,0,0,0,59000000,-25000000,0,326000000,314000000,12000000,USD,104246000000,333000000,None,1956000000,92938000000,11308000000,None,79471000000,11000000,780000000,None,1993000000,73216000000,1115000000,82325000000,2854000000,11562000000,-677000000,847000000,15722000000,79822000000,7779000000,14607000000,None,8618000000,30000000,79471000000,None,None,11000000,1203000000,780000000,-34000000,None,5529000000,None,88524000000,None,8618000000,1995000000,10613000000,None,None,None,10025000000,104246000000,15722000000,None,1101795768,USD,-775000000,-49000000,-776000000,15000000,-2702000000,31000000,2420000000,-76000000,326000000,-451000000,294000000,-236000000,105000000,-137000000,450000000,None,None,148000000,16000000,None,None,-451000000,27.25,26.12
10,2017-12-31,USD,4025041000,3027758000,-34790000,5157864000,-322973000,1246820000,0,0,1462886000,0,2058423000,None,2130106000,194275000,250902000,None,None,None,0,0,0,216066000,-399842000,0,1246820000,1170823000,None,USD,104185000000,346000000,None,488000000,93371000000,11885000000,None,77041000000,11000000,588000000,1982000000,1993000000,73536000000,1567000000,82097000000,5056000000,2651000000,-528000000,864000000,24261000000,79091000000,7404000000,15469000000,7225000000,9206000000,33000000,77041000000,None,None,11000000,1071000000,588000000,-35000000,None,4855000000,None,87149000000,None,9206000000,2068000000,11274000000,None,None,None,9707000000,104185000000,17036000000,None,1072026681,USD,-1245000000,0,-4866000000,55000000,2314000000,3047000000,1444000000,-175000000,1186000000,135000000,1954000000,None,413000000,-425000000,11000000,None,None,483000000,194000000,None,None,None,28.14,27.25
11,2017-09-30,USD,1044940000,680428000,1598070.74,1044940000,364512000,274568000,0,0,364512000,0,680428000,None,364512000,2074429.64,781932.32,None,None,None,0,0,0,89944000,3070754.86,0,274568000,255665000,18903000,USD,101988126000,359844000,None,28487643.55,91289277000,10698849000,0,78445113000,10844000,201215000,0,1992849000,1082033639.57,1243828000,80274662000,1829549000,169796049.61,-369963000,853290000,16696889000,77340431000,8346156000,15453061000,0,9200707000,643714.59,1201119476.34,0,0,10844000,0,201215000,-35133000,None,4744823000,None,85291237000,None,9200707000,1813908000,11014615000,None,None,None,9820600000,101988126000,16696889000,None,1080946315,USD,-1100314000,102344000,-1121818000,10567000,-2031105000,252529000,2510720000,2428617.36,274568000,-321738000,547551000,-76864000,96238000,-106314000,-120772000,0,0,151392000,32071000,None,None,-321738000,27.42,28.14
12,2017-06-30,USD,1044752000,694364000,-104370000,1044752000,350388000,271741000,0,0,350388000,0,694364000,None,350388000,-189749000,-106565000,None,None,None,0,0,0,78647000,-87709000,0,271741000,252852000,18889000,USD,101406779000,373861000,None,1915046000,90752597000,10654182000,None,75933373000,10932000,33557000,None,1992849000,70138227000,1592624000,80486250000,4552877000,13167706000,-350357000,855347000,16980930000,76513735000,8287472000,15388306000,None,8536471000,43816000,75933373000,None,None,10932000,None,33557000,-31288000,None,4690057000,None,84425849000,None,8536471000,1729876000,10266347000,None,None,None,9920052000,101406779000,16980930000,None,1090016469,USD,-812372000,127890000,-843074000,26379000,2507325000,886744000,-1516612000,-116328000,271741000,206663000,162993000,-105969000,-373000,-106031000,2062000,None,None,-130423000,57081000,None,None,206663000,27.47,27.42
13,2017-03-31,USD,974800000,707422000,34790000,974800000,267378000,208094000,0,0,267378000,0,707422000,None,267378000,81993000,55595000,None,None,None,0,0,0,59284000,0,0,208094000,189216000,18878000,USD,100045506000,388103000,None,None,89608359000,10437147000,None,77422510000,10900000,-126244000,None,1992849000,2445545000,1371868000,78685940000,1263430000,1263430000,-390860000,852582000,17545473000,74575229000,8056195000,16173605000,None,9279140000,None,1643279000,None,None,10900000,None,-126244000,-26765000,None,4691270000,None,82500033000,None,9279140000,1643279000,10922419000,None,None,None,9898889000,100045506000,17545473000,None,1087119978,USD,-681348000,-188072000,-737067000,-234000,-1451258000,265359000,1817675000,39724000,208094000,-75957000,395751000,59995000,211198000,-105880000,4822000,None,None,104536000,55485000,None,None,-75957000,25.92,27.47
14,2016-12-31,USD,1149195000,0,30430000,0,362362000,238963000,None,None,312915000,None,667398000,None,None,89005000,49447000,None,None,None,None,None,None,73952000,None,None,238963000,220098000,None,USD,99714097000,402458000,None,None,89405951000,10308146000,None,75607717000,10886000,-226844000,None,1992849000,2432086000,1443037000,79300371000,3692654000,3692654000,-401016000,815508000,17005874000,74776768000,6455321000,15562837000,None,8309159000,None,1796421000,None,None,10886000,1457518000,-226844000,-27384000,None,4720640000,None,82708223000,None,8309159000,1796421000,10105580000,None,None,None,9881277000,99714097000,17005874000,None,1085688538,USD,-77372000,-237719000,-585366000,-451244000,992058000,-221299000,-1139731000,282519000,238963000,-277169000,529496000,None,80328000,-84523000,10897000,None,None,165405000,56750000,None,None,None,25.3,25.92
15,2016-09-30,USD,864000000,712247000,None,864000000,151753000,127004000,None,None,151753000,None,712247000,None,151753000,None,None,None,None,None,None,None,None,24749000,None,None,127004000,108467000,18537000,USD,100765412000,428774000,None,None,90378647000,10386765000,None,77405096000,10877000,-359380000,None,2004348000,None,1713052000,79553214000,2148118000,None,-172175000,828440000,18183426000,74439523000,7953643000,16470374000,None,8998571000,None,None,None,None,10877000,None,-359380000,-26933000,None,4880901000,None,82581986000,None,8998571000,1826862000,10825433000,None,None,None,9863149000,100765412000,18183426000,None,1084782727,USD,-92462000,73942000,-263994000,-127690000,-371517000,659585000,1104062000,None,127004000,794759000,399168000,-77649000,91195000,-75106000,2146000,None,None,184676000,43842000,None,None,794759000,27.54,25.3
16,2016-06-30,USD,752484000,523661000,None,752484000,228823000,174540000,None,None,228823000,None,523661000,None,228823000,None,None,None,None,None,None,None,None,54283000,None,None,174540000,154666000,19874000,USD,73954017000,47666000,None,None,66446713000,7507304000,None,55043465000,8015000,-390838000,None,676869000,None,912076000,57000210000,1956745000,None,-134042000,596642000,10565114000,58401204000,6782769000,9653038000,None,7929820000,None,None,None,None,8015000,None,-390838000,-21358000,None,3666522000,None,63388903000,None,7929820000,1516683000,9446503000,None,None,None,7074249000,73954017000,10565114000,None,799153996,USD,-1006979000,96134000,-1006550000,8118000,1450678000,962634000,-613678000,None,174540000,50932000,94848000,-59115000,103146000,-75766000,201400000,None,None,-219857000,7689000,None,None,50932000,26.92,27.54
17,2016-03-31,USD,717351000,491080000,None,717351000,226271000,171314000,None,None,226271000,None,491080000,None,226271000,None,None,None,None,None,None,None,None,54957000,None,None,171314000,163316000,7998000,USD,72644967000,51266000,None,None,65487297000,7930309000,None,55628842000,7988000,-487717000,None,676869000,None,882916000,56100217000,471375000,None,-167286000,611603000,10202297000,57485372000,5656896000,9319381000,None,7935412000,None,None,None,None,7988000,772639000,-487717000,-18417000,None,3617560000,None,62442670000,None,7935412000,1451668000,9387080000,None,None,None,7050463000,72644967000,10202297000,None,796689077,USD,-1585156000,-25580000,-1589443000,7870000,681254000,1366745000,362210000,None,171314000,-30908000,191790000,-45102000,105103000,-64193000,387474000,None,None,-13945000,12157000,None,None,-30908000,25.69,26.92
18,2015-09-30,USD,726098000,526508000,None,726098000,199590000,152588000,None,None,199590000,None,526508000,None,199590000,None,None,None,None,None,None,None,None,47002000,None,None,152588000,144620000,7968000,USD,70210178000,58793000,None,None,63627541000,6968929000,None,54244711000,7987000,-708341000,None,676869000,None,1090163000,55698523000,1453812000,None,-139739000,620515000,12185031000,52935904000,5460683000,11094868000,None,6359445000,None,None,None,None,7987000,386292000,-708341000,-17464000,None,3733066000,None,58025147000,None,6359445000,1569573000,7929018000,None,None,None,7053902000,70210178000,12185031000,None,796659440,USD,-2833558000,41018000,-2090866000,798619000,576969000,1796265000,1502495000,None,152588000,-92143000,202458000,-157466000,167124000,-112770000,-170429000,None,None,-806000,55927000,None,None,-92143000,nan,25.69
