,fiscalDateEnding,reportedCurrency_x,totalRevenue,totalOperatingExpense,costOfRevenue,grossProfit,ebit,netIncome_x,researchAndDevelopment,effectOfAccountingCharges,incomeBeforeTax,minorityInterest,sellingGeneralAdministrative,otherNonOperatingIncome,operatingIncome,otherOperatingExpense,interestExpense,taxProvision,interestIncome,netInterestIncome,extraordinaryItems,nonRecurring,otherItems,incomeTaxExpense,totalOtherIncomeExpense,discontinuedOperations,netIncomeFromContinuingOperations,netIncomeApplicableToCommonShares,preferredStockAndOtherAdjustments,reportedCurrency_y,totalAssets,intangibleAssets,earningAssets,otherCurrentAssets,totalLiabilities,totalShareholderEquity,deferredLongTermLiabilities,otherCurrentLiabilities,commonStock,retainedEarnings,otherLiabilities,goodwill,otherAssets,cash,totalCurrentLiabilities,shortTermDebt,currentLongTermDebt,otherShareholderEquity,propertyPlantEquipment,totalCurrentAssets,longTermInvestments,netTangibleAssets,shortTermInvestments,netReceivables,longTermDebt,inventory,accountsPayable,totalPermanentEquity,additionalPaidInCapital,commonStockTotalEquity,preferredStockTotalEquity,retainedEarningsTotalEquity,treasuryStock,accumulatedAmortization,otherNonCurrrentAssets,deferredLongTermAssetCharges,totalNonCurrentAssets,capitalLeaseObligations,totalLongTermDebt,otherNonCurrentLiabilities,totalNonCurrentLiabilities,negativeGoodwill,warrants,preferredStockRedeemable,capitalSurplus,liabilitiesAndShareholderEquity,cashAndShortTermInvestments,accumulatedDepreciation,commonStockSharesOutstanding,reportedCurrency,investments,changeInLiabilities,cashflowFromInvestment,otherCashflowFromInvestment,netBorrowings,cashflowFromFinancing,otherCashflowFromFinancing,changeInOperatingActivities,netIncome_y,changeInCash,operatingCashflow,otherOperatingCashflow,depreciation,dividendPayout,stockSaleAndPurchase,changeInInventory,changeInAccountReceivables,changeInNetIncome,capitalExpenditures,changeInReceivables,changeInExchangeRate,changeInCashAndCashEquivalents,clossingVal,nextClossingVal
0,2020-06-30,USD,263602,None,None,None,None,-760013,None,None,-760013,None,846695,None,None,None,814240,None,2587237,1772997,None,None,None,None,None,None,-760013,-760013,None,USD,135824588,None,None,None,74822711,61001877,332330,None,6601,-23243503,None,None,614251,8764304,None,None,None,None,None,None,104283736,61001877,None,None,None,None,691562,None,None,None,None,None,None,None,None,None,None,None,None,None,None,None,None,None,None,None,None,None,None,USD,None,-107258,None,None,1000000,None,-25643,-67473,-760013,9472095,8497738,None,None,-6,0,None,None,9007561,0,None,None,None,4.16,
1,2020-03-31,USD,-2777119,900175,1507770,1692560,None,-3677294,None,None,-3677294,None,790317,None,-3677300,None,816750,None,3280581,2463831,None,None,None,None,None,None,-3677294,-3677294,None,USD,135643093,None,None,None,73881203,61761890,367373,None,6601,-22483490,None,None,730736,285647,None,None,None,None,None,None,111069696,61761890,None,2260250,72178580,None,771463,None,None,None,None,None,-6723510,None,None,None,None,None,72178580,None,None,None,None,None,90962280,None,285650,None,6000000,USD,None,239790,None,None,300000,-1042300,-25643,11307,-3677294,-1096692,-54394,None,None,-1342298,0,None,None,3668096,0,None,None,None,4.969,4.16
2,2019-12-31,USD,486330,796725,1514270,-492280,2074283,-310395,None,None,-310395,None,687989,None,-310390,None,812267,0,3309180,2496913,None,None,None,None,-2384678,None,-310395,-310395,None,USD,140059736,None,None,10648199,73278254,66781482,425379,None,6588,-17378360,None,None,555069,11199083,1451530,None,None,None,None,22695277,116809390,66781482,None,184800,71826720,None,508264,None,None,None,None,None,-6723510,None,None,None,None,None,71826720,None,None,None,None,None,90876760,None,11199080,None,6000000,USD,None,-284765,None,None,7400000,16263330,-5403,20049,-310395,4085472,-1572345,None,None,-1342538,-394242,None,153196,-1259166,0,None,None,None,8.77,4.969
3,2019-09-30,USD,-151191,891971,1426330,1763350,1920195,-1043162,None,None,-1043162,None,783637,None,-1043170,None,739533,0,3236790,2497257,None,None,None,None,-2963357,None,-1043162,-1043162,None,USD,134920998,None,None,1417488,66092373,68828625,477755,None,6578,-17356197,None,None,635229,16344322,1716606,None,None,None,None,18708469,115577300,68828625,None,192060,64375770,None,788141,None,None,None,None,None,-6329260,None,None,None,None,None,64375770,None,None,None,None,None,92507510,None,16344320,None,6000000,USD,None,-28150,None,None,9300000,10605510,-13928,-9927,-1043162,453636,-5835466,None,None,-1370639,-1626331,None,90179,-4952737,0,None,None,None,9.95,8.77
4,2019-06-30,USD,1075114,989004,1269230,1751980,1570414,86110,None,None,86110,None,884165,None,86110,None,624665,0,2891319,2266654,None,None,None,None,-1484304,None,86110,86110,None,USD,129648774,None,None,1732874,56780014,72868760,522086,None,6570,-14861022,None,None,755335,15575300,1754323,None,None,None,None,18229194,110664245,72868760,None,142080,55025690,None,864596,None,None,None,None,None,-4702930,None,None,None,None,None,55025690,None,None,None,None,None,92426140,None,15575300,None,6000000,USD,None,-403491,None,None,22000000,4316410,-9282,26558,86110,6132524,-13715307,None,None,-1399919,-742968,None,611099,-14140422,0,None,None,None,10.56,9.95
5,2019-03-31,USD,3073650,1228658,1150690,1922960,1418111,61000,None,None,61000,None,1125290,None,60990,None,736690,None,2898285,2345815,None,None,None,None,-1357116,None,60995,61000,None,USD,115318930,None,None,1262334,40393400,74925540,568432,None,6560,-13468730,None,None,1830770,9913316,7416914,5000000,5000000,None,None,12744677,101700770,74925538,None,312270,32976480,None,6572068,None,None,None,None,None,-3959960,None,None,None,None,None,32976480,None,None,None,None,None,92347660,None,9913320,None,6000000,USD,None,135695,None,None,-12000000,-15531420,-9282,-55,61000,-17599900,-2068480,None,None,-1527510,-2003910,None,-535559,-1701169,0,None,None,None,10.4378,10.56
6,2018-12-31,USD,4066244,1875586,1614830,4066244,2190658,1548221,0,0,1441631,0,1875586,None,2190658,0,-722107,-122170,None,None,0,0,0,-106590,-749027,0,1548221,1548221,None,USD,125319701,None,None,1812238,46923737,78395964,623442,None,6554,-11924808,None,None,730213,26963310,1995616,None,None,None,None,29675626,94913862,78395964,None,900078,44928121,None,620312,None,None,None,None,None,-1956060,None,None,None,None,None,44928120,None,None,None,None,None,92270270,None,26963310,None,6000000,USD,None,-287355,None,None,-8800000,-11231474,-308423,-23012,1548221,8161670,19393144,None,None,-1740452,-1232020,None,-123210,18174677,0,None,None,None,10.045,10.4378
7,2018-09-30,USD,4321895,1929883,1938000,4321895,2392012,632826,0,0,651843,0,1929883,None,2392012,0,-786332,None,None,None,0,0,0,19017,-1740169,0,632826,632826,None,USD,134987529,None,None,1960555,56016744,78970785,385912,139000,6545,-12617117,15584,None,683581,18653323,2320563,None,None,None,None,22571832,111732116,78970785,1961000,1957954,53680597,None,857146,None,None,None,None,None,-1573000,None,None,None,None,None,None,None,None,None,None,None,None,None,None,None,6000000,USD,None,137284,None,None,2800000,1047661,-12250,2975,632826,8864642,7816981,None,None,-1740072,None,None,-35641,6974031,0,None,None,None,10.8915,10.045
8,2018-06-30,USD,4054998,1651640,1641000,4054998,2403358,815756,0,0,848589,0,1651640,None,2403358,0,-776497,None,None,None,0,0,0,32833,-1554769,0,815756,815756,None,USD,133613393,None,None,3374174,53535345,80078048,430136,136000,6537,-11426575,528414,None,793331,8375062,2173037,50833894,50833894,None,None,12372445,120447617,80078048,3374000,623209,50833894,None,877885,None,None,None,None,None,-1573000,None,None,None,None,None,None,None,None,None,None,None,None,None,None,None,6000000,USD,None,-1381804,None,None,13700000,11787980,-24816,8692,815756,9665993,-2121987,None,None,-1735704,None,None,105947,-1774024,0,None,None,None,10.5601,10.8915
9,2018-03-31,USD,3740784,1503216,1464000,3740784,2237568,2069995,0,0,2069995,0,1503216,None,2237568,0,-760836,None,None,None,0,0,0,0,-167573,0,2069995,2069995,None,USD,121934237,None,None,1895942,40638300,81295937,608535,127000,6528,-10421353,10693,None,800103,187301,3537069,37090538,37090538,-11609267,None,2977671,118156463,81295937,1896000,894428,37090538,None,1548787,None,None,None,None,None,-1422000,None,None,None,None,None,None,None,None,None,None,None,None,None,None,None,6000000,USD,None,1646714,None,None,-7421853,-9977335,-24816,-11884,2069995,-9381194,596141,None,-106767,-1857581,-697901,None,-520950,-2687841,0,None,None,None,10.26,10.5601
10,2017-12-31,USD,4137000,4574642,1408000,13889602,9314960,1492000,0,0,1556000,0,4574642,None,2729000,0,739000,None,None,None,0,0,0,64000,-7271009,0,1965737,1492000,None,USD,128153000,None,None,7230840,46372000,81781000,654730,139000,7000,-10544260,2000,None,116363000,4234000,1902249,44467405,44467405,-12463973,None,11789533,115495356,81781429,7231000,325096,44468000,None,1763000,None,None,None,None,None,-724000,None,None,None,None,None,None,None,None,None,None,None,None,None,None,None,6000000,USD,None,50396,None,None,-8974760,-17336651,-1409118,-282386,1492000,3907459,21244000,None,-1955657,-8890000,728022,None,257249,19075920,0,None,None,None,10.96,10.26
11,2017-09-30,USD,4814000,1733999,1784000,12066057,13615583,8527347,0,0,8577348,0,4787133,None,3030000,0,889000,None,None,None,0,0,0,50001,1298424,0,8527347,8527347,None,USD,117050000,None,None,2115585,34484000,82566000,629842,118000,6000,-9328592,21000,None,114306000,359000,1915078,32548207,32548207,-12707474,None,2743381,113521938,82565983,2116000,269066,32548000,None,1797000,None,None,None,None,None,-322000,None,None,None,None,None,None,None,None,None,None,None,None,None,None,None,6000000,USD,None,364725,None,None,-28514854,-31629445,-1048549,-351677,-333151,-7218587,21773000,None,-819469,-6182000,-1048533,None,330768,24220259,0,None,None,None,13.36,10.96
12,2017-06-30,USD,5083000,0,1622000,-11047471,-13742143,-11194498,0,0,-11194498,0,-4611549,None,3461000,0,946000,None,None,None,0,0,0,0,-4758129,0,-11194051,-11194498,None,USD,148342000,None,None,None,63377000,84965000,None,470000,6000,3983854,109000,None,138119000,4070000,None,None,None,-10814340,None,None,137167137,84965180,5623000,530404,61454000,None,1344000,None,None,None,None,None,-322000,None,None,None,None,None,None,None,None,None,None,None,None,None,None,None,6000000,USD,None,-183434,None,None,7622786,4773000,None,None,-1859839,1525490,-3998696,None,-584925,-4116000,-36980,None,263733,-2219156,0,None,None,None,13.11,13.36
13,2017-03-31,USD,4670000,0,1558000,3796072,3207219,2334000,0,0,2334000,0,1558415,None,3112000,0,874000,None,None,None,0,0,0,0,95896,0,2333553,2334000,None,USD,148587000,None,None,None,59663000,88924000,None,461000,6000,3631444,123000,None,139463000,5129000,None,None,None,-6439795,None,None,138793465,88923617,3038000,957338,53606000,None,5473000,None,None,None,None,None,-322000,None,None,None,None,None,None,None,None,None,None,None,None,None,None,None,6000000,USD,None,-30016,None,None,-189121,-750872,None,None,2334000,610434,1361000,None,-411223,-2054000,1492506,None,-327946,-614285,0,None,None,None,13.2,13.11
14,2016-12-31,USD,5198000,7048693,1850000,20893474,13844781,2776000,0,0,2776000,0,7048693,None,3348000,0,915000,None,None,None,0,0,0,61591,-7776703,0,6006487,2776000,None,USD,143705000,None,None,3084229,56583000,87122000,640891,422000,6000,-2994994,43000,None,135543000,4473000,2093080,53731355,53731355,-6535691,None,8162253,133942906,87122296,3084000,605275,54447000,None,1671000,None,None,None,None,None,-322000,None,None,None,None,None,None,None,None,None,None,None,None,None,None,None,6000000,USD,None,-398749,None,None,-2751680,-11109998,-59871,9435,2776000,4487569,15598000,None,-1321151,-7976000,-309489,None,845897,8658892,0,None,None,None,13.75,13.2
15,2016-09-30,USD,5493000,0,1560000,0,0,2370000,0,0,2370000,0,0,None,3933000,0,955000,None,None,None,0,0,0,0,0,0,0,2370000,None,USD,142835000,None,None,None,56482000,86353000,None,442000,6000,None,23000,None,139184000,169000,None,None,None,None,None,None,None,None,3045000,None,54576000,None,1441000,None,None,None,None,None,-321000,None,None,None,None,None,None,None,None,None,None,None,None,None,None,None,6000000,USD,None,None,None,None,None,None,None,None,2370000,None,9191000,None,None,-5970000,None,None,None,None,0,None,None,None,12.17,13.75
16,2016-06-30,USD,4729000,0,1696000,0,0,993000,0,0,993000,0,0,None,3033000,0,964000,None,None,None,0,0,0,0,0,0,0,993000,None,USD,151333000,None,None,None,65102000,86231000,None,487000,6000,None,11000,None,148120000,155000,None,None,None,None,None,None,None,None,2615000,None,62985000,None,1619000,None,None,None,None,None,-69000,None,None,None,None,None,None,None,None,None,None,None,None,None,None,None,6000000,USD,None,None,None,None,None,1697000,None,None,993000,None,None,None,None,-3974000,None,None,None,None,0,None,None,None,12.78,12.17
17,2016-03-31,USD,5474000,0,2005000,0,0,0,0,0,0,0,0,None,3469000,0,897000,None,None,None,0,0,0,0,0,0,0,0,None,USD,153454000,None,None,None,66167000,87287000,None,477000,6000,None,31000,None,150241000,147000,None,None,None,None,None,None,None,None,2628000,None,63770000,None,1889000,None,None,None,None,None,None,None,None,None,None,None,None,None,None,None,None,None,None,None,None,None,6000000,USD,None,None,None,None,None,4577000,None,None,None,None,None,None,None,-1994000,None,None,None,None,0,None,None,None,12.17,12.78
18,2015-12-31,USD,6574000,7291945,2209000,20326896,13034951,2095000,0,0,2095000,0,7291945,None,4365000,0,969000,None,None,None,0,0,0,1393,-6622545,0,6411013,2095000,None,USD,149138000,None,None,2474362,59724000,89414000,1771883,412000,6000,-581700,21000,None,144651000,595000,2504278,57198293,57198293,-2535967,None,4487263,142609266,89414256,2474000,1417854,57198000,None,2093000,None,None,None,None,None,None,None,None,None,None,None,None,None,None,None,None,None,None,None,None,None,6000000,USD,None,266733,None,None,31123153,22184000,-1070868,334736,2095000,897638,-21285575,None,-2040643,-7869000,-1070798,None,-617984,-28111556,0,None,None,None,11.73,12.17
19,2015-09-30,USD,4972000,0,1859000,0,0,841000,0,0,841000,0,0,None,3113000,0,921000,None,None,None,0,0,0,0,0,0,0,841000,None,USD,149716000,None,None,None,60390000,89326000,None,481000,6000,None,46000,None,146258000,2389000,None,None,None,None,None,None,None,None,None,None,56557000,None,3306000,None,None,None,None,None,None,None,None,None,None,None,None,None,None,None,None,None,None,None,None,None,6000000,USD,None,None,None,None,None,23563000,None,None,841000,None,None,None,None,-5863000,None,None,None,None,0,None,None,None,11.9101,11.73
