,fiscalDateEnding,reportedCurrency_x,totalRevenue,totalOperatingExpense,costOfRevenue,grossProfit,ebit,netIncome_x,researchAndDevelopment,effectOfAccountingCharges,incomeBeforeTax,minorityInterest,sellingGeneralAdministrative,otherNonOperatingIncome,operatingIncome,otherOperatingExpense,interestExpense,taxProvision,interestIncome,netInterestIncome,extraordinaryItems,nonRecurring,otherItems,incomeTaxExpense,totalOtherIncomeExpense,discontinuedOperations,netIncomeFromContinuingOperations,netIncomeApplicableToCommonShares,preferredStockAndOtherAdjustments,reportedCurrency_y,totalAssets,intangibleAssets,earningAssets,otherCurrentAssets,totalLiabilities,totalShareholderEquity,deferredLongTermLiabilities,otherCurrentLiabilities,commonStock,retainedEarnings,otherLiabilities,goodwill,otherAssets,cash,totalCurrentLiabilities,shortTermDebt,currentLongTermDebt,otherShareholderEquity,propertyPlantEquipment,totalCurrentAssets,longTermInvestments,netTangibleAssets,shortTermInvestments,netReceivables,longTermDebt,inventory,accountsPayable,totalPermanentEquity,additionalPaidInCapital,commonStockTotalEquity,preferredStockTotalEquity,retainedEarningsTotalEquity,treasuryStock,accumulatedAmortization,otherNonCurrrentAssets,deferredLongTermAssetCharges,totalNonCurrentAssets,capitalLeaseObligations,totalLongTermDebt,otherNonCurrentLiabilities,totalNonCurrentLiabilities,negativeGoodwill,warrants,preferredStockRedeemable,capitalSurplus,liabilitiesAndShareholderEquity,cashAndShortTermInvestments,accumulatedDepreciation,commonStockSharesOutstanding,reportedCurrency,investments,changeInLiabilities,cashflowFromInvestment,otherCashflowFromInvestment,netBorrowings,cashflowFromFinancing,otherCashflowFromFinancing,changeInOperatingActivities,netIncome_y,changeInCash,operatingCashflow,otherOperatingCashflow,depreciation,dividendPayout,stockSaleAndPurchase,changeInInventory,changeInAccountReceivables,changeInNetIncome,capitalExpenditures,changeInReceivables,changeInExchangeRate,changeInCashAndCashEquivalents,clossingVal,nextClossingVal
0,2020-04-30,USD,79518000,82086000,72293000,79518000,-2568000,-2658000,None,None,-2912000,None,11134000,None,-2568000,70952000,344000,-254000,None,-344000,None,None,None,-254000,5408000,None,-2658000,-2658000,None,USD,452792000,18338000,None,6355000,186752000,266040000,18519000,29577000,233000,66815000,18519000,37510000,None,50782000,75531000,None,None,None,183109000,129860000,None,210192000,None,47101000,29487000,25622000,45954000,None,None,233000,None,66815000,None,None,83975000,None,322932000,85124000,29487000,63215000,111221000,None,None,None,198992000,452792000,50782000,None,23269462,USD,-13424000,-1424000,-13424000,-10129000,-462000,-326000,-461000,-2167000,-2658000,-6156000,7594000,-6795000,5455000,None,135000,3489000,7853000,1674000,3295000,7853000,None,-6156000,18.35,
1,2020-01-31,USD,107264000,100312000,83250000,107264000,6952000,5291000,None,None,6738000,None,11522000,None,6952000,88790000,214000,1447000,None,-214000,None,None,None,1447000,5785000,None,5291000,5291000,None,USD,466658000,16123000,None,6062000,198648000,268010000,18617000,40636000,232000,69473000,18617000,32990000,None,56938000,83401000,None,None,None,182305000,147234000,None,218897000,None,55122000,29418000,29112000,42765000,None,None,232000,None,69473000,None,None,88006000,None,319424000,89299000,29418000,67212000,115247000,None,None,None,198305000,466658000,56938000,None,23247912,USD,-9842000,-4163000,-9842000,None,-462000,-4180000,-990000,2150000,5291000,-3756000,10266000,1040000,5268000,-3312000,122000,262000,275000,2293000,9842000,275000,None,-3756000,28.35,18.35
2,2019-10-31,USD,138815000,140786000,108154000,138815000,-1971000,-2151000,None,None,-2210000,109000,15545000,None,-1971000,125241000,239000,-168000,None,-240000,None,None,None,-168000,7696000,None,-2042000,-2151000,None,USD,471314000,16892000,None,7104000,205683000,264997000,17157000,16418000,232000,64182000,17157000,32997000,4000,60694000,90444000,2252000,None,None,179143000,152757000,None,215108000,None,55586000,29348000,29373000,51367000,None,None,232000,None,64182000,None,None,318557000,None,229032000,89141000,29348000,None,46505000,None,None,None,200583000,471314000,60694000,None,23191498,USD,-15320000,1916000,-15320000,-3521000,-462000,134000,-3511000,607000,-2151000,1743000,16929000,None,6073000,None,-1000,-1111000,-774000,12369000,14372000,None,None,None,26.54,28.35
3,2019-07-31,USD,104840000,96357000,80116000,104840000,8483000,5970000,None,None,8302000,86000,11241000,None,8483000,85116000,181000,2246000,None,-181000,None,None,None,2246000,5668000,None,6056000,5970000,None,USD,448553000,16149000,None,7186000,182246000,265781000,17870000,27578000,232000,66333000,17870000,32744000,4000,58951000,75830000,None,None,None,170113000,150049000,None,216888000,None,55653000,29255000,28259000,48252000,None,None,232000,None,66333000,None,None,79498000,None,298504000,79548000,29255000,59291000,106416000,None,None,None,199216000,448553000,58951000,None,23185567,USD,-4324000,-3894000,-4324000,-2573000,-462000,120000,-3511000,663000,5970000,6783000,10987000,None,3980000,None,0,792000,-934000,4410000,4324000,None,None,None,28.05,26.54
4,2019-04-30,USD,105000000,95466000,78849000,105000000,9534000,7056000,None,None,9315000,108000,11042000,None,9534000,84424000,219000,2151000,None,-219000,None,None,None,2151000,5762000,None,7164000,7056000,None,USD,432741000,16756000,None,7422000,173632000,258669000,15666000,28749000,232000,60363000,15666000,32742000,4000,52168000,78886000,20708000,20708000,None,169465000,143618000,None,209171000,None,54976000,29186000,29052000,50137000,None,None,232000,None,60363000,None,None,70160000,None,289123000,70602000,29186000,49894000,94746000,None,None,None,198074000,432741000,52168000,None,23180012,USD,-5618000,5551000,-5618000,-600000,None,-1066000,-783000,-1325000,7165000,9476000,16160000,-2508000,4060000,-400000,117000,628000,-1937000,3201000,5018000,-1937000,None,9476000,28.73,28.05
5,2019-01-31,USD,95772000,98957000,82483000,95772000,-3185000,-2512000,None,None,-3415000,83000,12396000,None,-3185000,86561000,230000,-986000,None,-230000,None,None,None,-986000,3548000,None,-2429000,-2512000,None,USD,411585000,17070000,None,4914000,159407000,251447000,13544000,26818000,231000,53307000,13544000,32358000,4000,42692000,72449000,18433000,18433000,None,168635000,130593000,None,202019000,None,53326000,29116000,29661000,45631000,None,None,231000,None,53307000,None,None,62929000,None,280992000,62731000,29116000,44298000,86958000,None,None,None,197909000,411585000,42692000,None,23120998,USD,-9552000,3312000,-9552000,-1973000,None,-513000,-644000,3702000,-2429000,-887000,9178000,1921000,4136000,None,131000,3716000,-1473000,-5000,7579000,-1473000,None,-887000,25.6,28.73
6,2018-10-31,USD,127059000,122687000,102463000,127059000,4366000,2504000,400000,0,4055000,97000,14529000,None,4366000,108158000,311000,None,None,None,0,0,0,1454000,-610000,0,2601000,2504000,None,USD,347822000,14681000,None,6835000,93591000,253583000,14516000,5089000,231000,55819000,14516000,34123000,4000,43579000,50029000,166000,None,None,163801000,135217000,None,204779000,None,51744000,29046000,33059000,44774000,None,None,231000,None,55819000,None,None,None,None,212605000,None,29046000,None,43562000,None,None,None,197533000,347822000,43579000,None,23058584,USD,None,332000,-9937000,-4716000,None,131000,1000,674000,2504000,-2736000,7070000,None,5079000,None,-486000,-3313000,-1143000,2937000,9946000,None,None,None,22.99,25.6
7,2018-07-31,USD,99674000,90715000,76045000,99674000,8959000,6345000,0,0,8703000,74000,10641000,None,8959000,80074000,256000,None,None,None,0,0,0,2284000,-256000,0,6419000,6345000,None,USD,340712000,15211000,None,6745000,90534000,249628000,13554000,5014000,231000,53315000,13554000,34125000,45000,46315000,48027000,28953000,28953000,None,157520000,133856000,None,200292000,0,51051000,28953000,29745000,43013000,250178000,196082000,231000,0,53315000,0,None,None,None,206856000,None,28953000,None,42507000,None,None,None,196082000,340712000,46315000,None,23050109,USD,None,-3143000,-5794000,80000,None,118000,1000,-539000,6345000,4484000,10160000,None,3776000,0,311000,-2814000,3030000,3505000,5503000,None,None,None,24.1,22.99
8,2018-04-30,USD,100303000,91794000,76272000,100303000,8509000,5999000,0,0,8269000,121000,11522000,None,8509000,80272000,240000,None,None,None,0,0,0,2149000,-740000,0,6120000,5999000,None,USD,333145000,15905000,None,5040000,90695000,241974000,11260000,4729000,230000,46970000,11260000,34125000,53000,41831000,50551000,28884000,28884000,None,155406000,127709000,None,191944000,0,53907000,28884000,26931000,45822000,242450000,194774000,230000,0,46970000,0,None,None,None,205436000,None,28884000,None,40144000,None,None,None,194774000,333145000,41831000,None,23042972,USD,None,7710000,-8292000,-4489000,None,-813000,-647000,1322000,6120000,4274000,13379000,81000,3659000,-361000,-166000,-1276000,-6132000,3217000,3803000,-6132000,None,4274000,21.15,24.1
9,2018-01-31,USD,83147000,83440000,68386000,83147000,-293000,-120000,0,0,-538000,18000,11022000,None,-293000,72418000,245000,None,None,None,0,0,0,-436000,-545000,0,-102000,-120000,None,USD,314518000,16005000,None,5122000,79065000,234737000,9170000,2799000,230000,40971000,9170000,31580000,53000,37557000,41081000,28814000,28814000,None,151977000,114956000,None,187152000,0,46883000,28814000,25394000,38282000,235453000,193536000,230000,0,40971000,0,None,None,None,199562000,None,28814000,None,37984000,None,None,None,193536000,314518000,37557000,None,23010733,USD,None,-220000,-3513000,55000,None,-282000,-382000,-1791000,-102000,-4332000,-537000,773000,3643000,0,100000,-3755000,-1678000,802000,3568000,-1678000,None,-4332000,21.75,21.15
10,2017-10-31,USD,115791000,107059000,87892000,115791000,8732000,11721000,500000,0,8413000,129000,13530000,None,8732000,93529000,319000,None,None,None,0,0,0,-3437000,10706000,0,11850000,11721000,None,USD,314657000,16732000,None,5895000,78731000,235228000,9556000,2690000,229000,41359000,9556000,31580000,48312000,41889000,40431000,28744000,28744000,None,151431000,114914000,None,186916000,0,45491000,28744000,21639000,37741000,235926000,193640000,229000,0,41359000,0,None,None,None,199743000,None,28744000,None,38300000,None,None,None,193640000,314657000,41889000,None,22891674,USD,None,-4912000,-10008000,0,-34195000,-30044000,-1360000,-1313000,11721000,5279000,45331000,None,17967000,0,402000,-3081000,1627000,6920000,14400000,None,None,None,19.55,21.75
11,2017-07-31,USD,83331000,75712000,63650000,83331000,7619000,4704000,0,0,7343000,53000,10955000,None,7619000,64757000,276000,None,None,None,0,0,0,2586000,0,0,4757000,4704000,None,USD,307461000,17607000,None,6832000,84610000,222283000,13210000,2725000,229000,29638000,13210000,31580000,49187000,33452000,42749000,28651000,28651000,None,151175000,107099000,None,173096000,0,45881000,28651000,20934000,40024000,222851000,192416000,229000,0,29638000,0,None,None,None,200362000,None,28651000,None,41861000,None,None,None,192416000,307461000,33452000,None,22879830,USD,None,-1978000,-5336000,4129000,None,-29841000,-1000,724000,4704000,8210000,32019000,None,0,0,303000,2376000,1534000,194000,9465000,None,None,None,18.8,19.55
12,2017-04-30,USD,86382000,75002000,63270000,86382000,11380000,6934000,0,0,10968000,52000,10575000,None,11380000,64427000,412000,None,None,None,0,0,0,3982000,0,0,6986000,6934000,None,USD,297469000,18344000,None,6448000,83152000,213802000,10821000,2237000,226000,24934000,10821000,31573000,49917000,25242000,43749000,28582000,28582000,None,152657000,94895000,None,163885000,0,44343000,28582000,18862000,41512000,214317000,188642000,226000,0,24934000,0,None,None,None,202574000,None,28582000,None,39403000,None,None,None,188642000,297469000,25242000,None,22604189,USD,None,2084000,-2986000,34000,1000,1126000,-309000,-539000,6986000,14354000,16214000,-1766000,4184000,-310000,1125000,862000,3184000,5055000,3020000,-1191000,None,14354000,15.05,18.8
13,2017-01-31,USD,80453000,72757000,61290000,80453000,7696000,4764000,0,0,7609000,53000,12341000,None,7696000,60416000,87000,None,None,None,0,0,0,2792000,0,0,4817000,4764000,None,USD,282681000,19096000,None,4683000,77156000,204752000,7016000,2209000,224000,18000000,None,31573000,50669000,10888000,41628000,None,None,None,153543000,78469000,None,154083000,0,43174000,28512000,19724000,39419000,205525000,186528000,224000,0,18000000,0,None,None,None,204212000,None,28512000,None,35528000,None,None,None,186528000,282681000,10888000,None,22443653,USD,None,-5298000,-3293000,20000,-35246000,-34127000,None,1410000,4817000,-25722000,11698000,1410000,4132000,0,1119000,-1166000,4375000,3428000,3313000,4375000,None,-25722000,14.95,15.05
14,2016-10-31,USD,106750000,100944000,79849000,106750000,5806000,3444000,200000,0,5169000,54000,15368000,None,5806000,85576000,637000,None,None,None,0,0,0,1671000,-3720000,0,3498000,3444000,None,USD,314307000,19821000,None,6094000,116038000,197549000,5314000,3245000,223000,12227000,5314000,31483000,51304000,36610000,54206000,6936000,6936000,None,154208000,108795000,None,146245000,0,47533000,56518000,18558000,44025000,198269000,185099000,223000,0,12227000,0,None,None,None,205512000,None,56518000,None,61832000,None,None,None,185099000,314307000,36610000,None,22300007,USD,None,9584000,-18901000,0,-6699000,-6196000,-120000,420000,3443000,13002000,38099000,None,17991000,0,423000,4648000,-6276000,7593000,15875000,None,None,None,13.1,14.95
15,2016-07-31,USD,81872000,78056000,61695000,81872000,3816000,2335000,0,0,3353000,76000,10726000,None,3816000,67330000,463000,None,None,None,0,0,0,942000,0,0,2411000,2335000,None,USD,311396000,20786000,None,6563000,117936000,192795000,3699000,3965000,223000,8784000,None,31510000,52296000,29767000,54320000,6659000,6659000,None,154677000,104423000,None,140499000,0,47370000,59917000,20723000,43696000,193460000,183788000,223000,0,8784000,0,None,None,None,206973000,None,59917000,None,63616000,None,None,None,183788000,311396000,29767000,None,22272941,USD,None,10087000,-14690000,0,-1667000,-3150000,None,15000,2335000,4442000,23999000,None,0,0,341000,2428000,6131000,1412000,12594000,None,None,None,12.61,13.1
16,2016-04-30,USD,80552000,77208000,61712000,80552000,3344000,1831000,0,0,2893000,547000,11521000,None,3344000,65687000,451000,None,None,None,0,0,0,1062000,0,0,1831000,1831000,None,USD,304138000,21539000,None,6578000,113352000,190197000,2843000,5310000,223000,6449000,None,31511000,53050000,25325000,49083000,6659000,6659000,None,154145000,96943000,None,137147000,0,43487000,61426000,21553000,37114000,190786000,183525000,223000,0,6449000,0,None,None,None,207195000,None,61426000,None,64269000,None,None,None,183525000,304138000,25325000,None,22259042,USD,None,4024000,-3533000,-347000,-1685000,-1703000,None,-2293000,1832000,2926000,8162000,-2376000,4118000,-121000,-18000,515000,1895000,2003000,3186000,-1989000,None,2926000,10.4,12.61
17,2016-03-26,USD,78453000,80525000,64247000,78453000,-2072000,-1768000,0,0,-2590000,42000,12208000,None,-2072000,68317000,518000,None,None,None,0,0,0,-864000,0,0,-1726000,-1768000,None,USD,299628000,22161000,None,4286000,111028000,187890000,1861000,4691000,222000,4617000,None,31509000,53670000,22399000,46231000,6681000,None,None,155129000,90829000,None,134220000,0,41891000,62936000,22253000,34859000,0,0,222000,0,4617000,0,None,None,None,208799000,None,62936000,None,64797000,None,None,None,183051000,299628000,22399000,None,22000000,USD,None,1070000,-7538000,-2053000,-19000,100000,None,None,-1768000,-1209000,6229000,419000,4128000,0,119000,1083000,94000,1196000,5485000,94000,None,-1209000,9.2,10.4
18,2016-01-31,USD,78453000,80525000,83132000,78453000,-2072000,-1768000,200000,0,-2590000,42000,12208000,None,-2072000,68317000,518000,None,None,None,0,3952000,0,-864000,-15049000,0,-1726000,-1768000,None,USD,299628000,22161000,None,4286000,111028000,187890000,1861000,4691000,222000,4617000,2726000,31509000,52527000,22399000,46231000,6681000,6700000,None,155129000,90829000,None,134220000,100000,41891000,62936000,22253000,34859000,0,0,222000,0,4617000,0,None,None,None,208799000,None,62936000,None,64797000,None,None,None,183051000,299628000,22399000,None,22225537,USD,None,1070000,-7538000,-2053000,-19000,100000,-505000,2480000,-1726000,-1209000,6229000,419000,4128000,0,119000,1083000,3467000,1196000,5485000,94000,None,-1209000,9.54,9.2
