,fiscalDateEnding,reportedCurrency_x,totalRevenue,totalOperatingExpense,costOfRevenue,grossProfit,ebit,netIncome_x,researchAndDevelopment,effectOfAccountingCharges,incomeBeforeTax,minorityInterest,sellingGeneralAdministrative,otherNonOperatingIncome,operatingIncome,otherOperatingExpense,interestExpense,taxProvision,interestIncome,netInterestIncome,extraordinaryItems,nonRecurring,otherItems,incomeTaxExpense,totalOtherIncomeExpense,discontinuedOperations,netIncomeFromContinuingOperations,netIncomeApplicableToCommonShares,preferredStockAndOtherAdjustments,reportedCurrency_y,totalAssets,intangibleAssets,earningAssets,otherCurrentAssets,totalLiabilities,totalShareholderEquity,deferredLongTermLiabilities,otherCurrentLiabilities,commonStock,retainedEarnings,otherLiabilities,goodwill,otherAssets,cash,totalCurrentLiabilities,shortTermDebt,currentLongTermDebt,otherShareholderEquity,propertyPlantEquipment,totalCurrentAssets,longTermInvestments,netTangibleAssets,shortTermInvestments,netReceivables,longTermDebt,inventory,accountsPayable,totalPermanentEquity,additionalPaidInCapital,commonStockTotalEquity,preferredStockTotalEquity,retainedEarningsTotalEquity,treasuryStock,accumulatedAmortization,otherNonCurrrentAssets,deferredLongTermAssetCharges,totalNonCurrentAssets,capitalLeaseObligations,totalLongTermDebt,otherNonCurrentLiabilities,totalNonCurrentLiabilities,negativeGoodwill,warrants,preferredStockRedeemable,capitalSurplus,liabilitiesAndShareholderEquity,cashAndShortTermInvestments,accumulatedDepreciation,commonStockSharesOutstanding,reportedCurrency,investments,changeInLiabilities,cashflowFromInvestment,otherCashflowFromInvestment,netBorrowings,cashflowFromFinancing,otherCashflowFromFinancing,changeInOperatingActivities,netIncome_y,changeInCash,operatingCashflow,otherOperatingCashflow,depreciation,dividendPayout,stockSaleAndPurchase,changeInInventory,changeInAccountReceivables,changeInNetIncome,capitalExpenditures,changeInReceivables,changeInExchangeRate,changeInCashAndCashEquivalents,clossingVal,nextClossingVal
0,2020-06-30,USD,None,None,None,None,None,None,None,None,None,24928000,None,None,None,None,None,None,None,None,None,None,None,1016000,None,None,None,-24847000,None,USD,525562000,None,None,None,158514000,342120000,None,4286000,69057000,-339528000,8431000,None,17745000,49940000,119387000,None,None,-5534000,26124000,374727000,None,342120000,231074000,44623000,26839000,15262000,None,None,None,None,None,None,None,None,6637000,None,150835000,5872000,None,9010000,39127000,None,None,None,None,None,None,None,None,USD,None,955000,-69560500,None,None,None,-4547000,2842000,None,None,-14188000,None,None,None,None,None,None,6417500,0,None,None,None,27.58,
1,2020-03-31,USD,None,None,None,None,None,None,None,None,None,24928000,None,None,None,None,None,None,None,None,None,None,None,1016000,None,None,None,-24847000,None,USD,None,None,None,None,None,None,None,None,69057000,-339528000,8431000,None,17745000,None,None,None,None,-5534000,26124000,None,None,342120000,None,None,None,None,None,None,None,None,None,None,None,None,None,None,None,None,None,None,None,None,None,None,None,None,None,None,None,USD,None,955000,-69560500,None,None,None,-4547000,2842000,None,None,-14188000,None,None,None,None,None,None,6417500,0,None,None,None,17.85,27.58
2,2019-12-31,USD,102693000,91778000,81562000,21131000,-38434000,-60655000,None,None,-59412000,24891000,26603000,None,-74375000,None,-259000,812000,13392000,None,None,None,None,715000,10161000,None,-28988000,-29562000,None,USD,465122000,275000,None,None,177110000,288012000,180000,12021000,66691000,-289734000,8672000,3112000,19398000,35167000,113101000,None,None,-3849000,26371000,317022000,98944000,284625000,98543000,43254000,26818000,16208000,23961000,None,None,None,None,None,None,None,None,None,None,None,29867000,None,None,None,None,None,514904000,None,217168000,None,None,USD,8482000,223000,14220000,127593000,26807000,-1493000,-4547000,5299000,-103679000,35121000,-17386000,None,4942000,None,-95000,-452000,-112000,5715000,8565000,None,None,None,25.07,17.85
3,2019-09-30,USD,49349000,85290000,69670000,-20321000,-35941000,-31093000,None,None,-31139000,24270000,15620000,None,-35941000,None,-83000,None,None,None,None,None,None,97000,4802000,None,-31236000,-31093000,None,USD,454092000,None,None,19521000,116305000,313517000,None,11313000,66679000,-260172000,6881000,None,6580000,97082000,105345000,None,None,-5575000,25094000,277081000,145337000,313517000,104493000,40332000,579000,15653000,23029000,None,None,None,None,None,None,None,None,None,None,None,None,None,None,None,None,None,None,None,None,None,None,USD,49435000,-3116000,47669000,None,26807000,1119000,964000,-955000,-31093000,13722000,-33481000,None,1229000,None,None,-1650000,2403000,-299000,1766000,None,None,None,17.84,25.07
4,2019-06-30,USD,50029000,85990000,37634000,12395000,-35961000,-25484000,67006000,None,-33394000,25147000,12351000,None,-35961000,None,-1831000,1153000,27308000,None,None,None,None,1153000,12765000,None,-24349000,-25484000,None,USD,495214000,None,None,15227000,122177000,347890000,7506000,5869000,66658000,-229067000,7279000,None,14280000,83360000,110605000,None,None,-400000,24461000,309496000,146977000,347890000,153928000,42758000,0,14223000,26145000,None,None,None,None,None,None,None,6774000,None,185718000,7243000,3714000,7858000,11572000,None,None,None,510699000,None,237288000,None,None,USD,23759000,-4619000,23759000,60987000,-26923000,-29515000,-2246000,14491000,-25484000,-6532000,-1122000,None,2405000,None,0,3245000,-420000,9260000,2487000,None,None,None,22.0,17.84
5,2019-03-31,USD,52168000,88218000,40956000,11212000,-36050000,-19885000,2281000,None,-34907000,24586000,13980000,None,-36050000,None,-1831000,1309000,None,None,None,None,None,1309000,18253000,None,-19106000,-19885000,None,USD,539297000,None,None,18246000,138942000,375769000,1391000,3594000,66658000,-203583000,7753000,None,8164000,91689000,101325000,3191000,3191000,4144000,22212000,349994000,158927000,375769000,180174000,42273000,26763000,17612000,30764000,None,None,None,None,None,None,None,6773000,None,189303000,None,None,8332000,37617000,None,None,None,None,None,None,None,None,USD,33380000,5139000,33380000,None,-26923000,-346000,-2246000,4129000,-19885000,4111000,-28923000,None,754000,None,-346000,-5358000,-2142000,-10806000,1361000,None,None,None,30.58,22.0
6,2018-12-31,USD,111920000,75439000,72066000,39854000,-19479000,-42114000,69287000,0,-39877000,23259000,24704000,None,-38958000,0,-282500,1284000,-3717000,None,0,0,0,642000,-459500,0,-20580500,-42114000,None,USD,532118000,347000,None,None,143122000,388996000,None,10968000,66658000,-183004000,7066000,3186000,1936000,7480000,85479000,None,None,-243000,17790000,370541000,138318000,385463000,214915000,42958000,26739000,12309000,25625000,None,None,None,None,None,None,None,None,None,None,None,26739000,None,None,None,None,None,505585000,None,300951000,None,None,USD,16125000,2071000,43752000,50116000,-775000,-8231000,-2021000,-1310500,-71286000,771000,-32847000,None,3590000,None,-1583000,-1299000,2128500,11352500,6364000,None,None,None,23.09,30.58
7,2018-09-30,USD,58812000,73600000,61917000,-3105000,-14788000,-25578000,69287000,0,-25098000,24586000,11683000,None,-14788000,0,-284000,None,None,None,0,0,0,315000,-10310000,0,-25413000,-25578000,None,USD,532118000,347000,None,None,119863000,388996000,None,10968000,66658000,-183004000,7066000,3186000,3110000,86036000,85479000,None,None,-243000,16616000,370541000,138318000,385463000,214915000,57281000,27318000,12309000,25625000,None,None,None,None,None,None,None,None,None,None,None,None,None,None,None,None,None,None,None,None,None,None,USD,44577000,1603000,43223000,None,-26923000,24000,-2246000,4672000,-25578000,40262000,-315000,None,874000,None,None,-3534000,5858000,15790000,1354000,None,None,None,32.19,23.09
8,2018-06-30,USD,102189000,77936000,71878000,30311000,-26841500,-32691000,60053000,0,-27445000,26114000,23941000,None,-53683000,0,-222000,2680000,23050000,None,0,0,0,1340000,13119000,0,-15062500,-32691000,None,USD,577943000,5023000,None,7086000,146212000,431731000,None,10860000,66533000,-140890000,8243000,3356000,7262000,18120000,84584000,1550000,1550000,8571000,14416000,394676000,161589000,431731000,249106000,46969000,26692000,9788000,19308000,None,None,None,None,None,None,None,None,None,None,None,26692000,None,None,None,None,None,497517000,None,323820000,None,None,USD,8933000,-1783500,15787000,17866000,-1538500,-7842000,-34000,5126000,-30125000,-9936000,-18596000,None,1688000,None,-4731000,1020500,-2371500,4212000,2079000,None,None,None,30.14,32.19
9,2018-03-31,USD,52337000,77358000,65720000,-13383000,-25021000,-11730000,0,0,-8840000,23259000,11638000,None,-25021000,0,-282500,None,None,None,0,0,0,1565000,16181000,0,-10405000,-11730000,None,USD,577943000,None,None,None,120098000,461733000,None,10860000,66533000,-140890000,8243000,None,7262000,75329000,84584000,1550000,1550000,8571000,14416000,394676000,161589000,457995000,249106000,55492000,27271000,9788000,19308000,None,None,None,None,None,None,None,None,None,None,None,None,None,None,None,None,None,None,None,None,None,None,USD,29027000,-7605000,27709000,None,-775000,-5231000,-34000,2032000,-11730000,-7168000,-30840000,None,951000,None,360000,2160000,-5747000,-9950000,1318000,None,None,None,29.56,30.14
10,2017-12-31,USD,114619000,218634500,86433000,28186000,-34741000,-28419000,43957000,0,-25414000,1771000,21581000,None,-37352000,0,638000,1234000,11715000,None,0,0,0,1234000,27565000,0,-9639000,-28419000,None,USD,597932000,430000,None,4864000,136199000,461733000,7249000,47615000,66447000,-107104000,3914000,3308000,2281000,55247000,104600000,1550000,32570000,5430000,15481000,432195000,144237000,457995000,273031000,42270000,579000,11789000,24365000,None,None,None,None,None,None,None,None,None,None,None,None,None,None,None,None,None,496960000,None,359228000,None,None,USD,-255761000,-12345000,-260780000,-255761000,-16947000,273196000,-10170000,-5732000,-22963000,5834000,-8943000,None,2578000,-1594000,300313000,1049000,2523000,29574000,5019000,None,None,None,39.42,29.56
11,2017-09-30,USD,69274500,147310000,-22880000,-5070000,-26708500,-15891500,-31566000,0,-18238000,21230000,-42471500,None,-26708500,0,-1136000,None,None,None,0,0,0,-1229000,16767000,0,-11481500,-15891500,None,USD,597932000,430000,None,None,112966000,461733000,None,8919000,66447000,-107104000,7787000,3308000,3542000,85265000,104600000,32570000,32570000,5430000,14220000,432195000,144237000,457995000,275046000,57530000,579000,11789000,24365000,None,None,None,None,None,None,None,None,None,None,None,None,None,None,None,None,None,None,None,None,None,None,USD,-136515500,-4612000,-137502500,None,-8467000,137219500,-5066500,-1160000,-14209500,-13633500,-14182500,None,633000,None,150753000,-549500,2611000,3031000,987000,None,None,None,27.27,39.42
12,2017-06-30,USD,126584000,-142649000,88075000,-5631000,16065000,1682000,31566000,0,5531000,2003000,53262000,None,16065000,0,817000,None,None,None,0,0,0,1846000,-21596000,0,-3685000,1682000,None,USD,344700000,None,None,5552000,133199000,189379000,None,37318000,60737000,-78685000,11746000,None,154799000,112532000,96842000,58442000,58442000,-1331000,11924000,177977000,147824000,189379000,1395000,49389000,19990000,10687000,32663000,None,None,None,None,None,None,None,None,None,None,None,None,None,None,None,None,None,None,None,None,None,None,USD,8635000,-1560500,14225000,None,-6500,-621500,-18500,-1706000,1682000,16550500,19422000,None,656000,None,87000,2148000,-1349500,11756000,3045000,None,None,None,23.31,27.27
13,2017-03-31,USD,63292000,71324500,60476500,2815500,-8032500,841000,0,0,2765500,22122000,10848000,None,-8032500,0,-408500,None,None,None,0,0,0,923000,10798000,0,1842500,841000,None,USD,344700000,None,None,1065000,133199000,189379000,None,6707000,60737000,-78685000,8238000,None,6975000,112532000,96842000,58442000,58442000,-1331000,11924000,177977000,147824000,189379000,1395000,49389000,28119000,10687000,32663000,None,None,None,None,None,None,None,None,None,None,None,None,None,None,None,None,None,None,None,None,None,None,USD,8635000,-1560500,7112500,None,-6500,-621500,-18500,-1706000,841000,16550500,9711000,None,656000,None,87000,1074000,-1349500,11756000,1522500,None,None,None,19.95,23.31
14,2016-12-31,USD,111563000,191625500,84634000,37507000,-20820000,11161000,35687000,0,14407000,602000,56461000,None,-21309000,0,820000,None,None,None,0,0,0,2644000,43500500,0,22355500,11161000,None,USD,342437000,4826000,None,2550000,138377000,184270000,8299000,39257000,60706000,-80357000,9851000,3137000,165103000,79431000,95119000,2086000,2086000,-4275000,9954000,167380000,158506000,180664000,24270000,48608000,29410000,12822000,35538000,None,None,None,None,None,None,None,None,None,None,None,None,None,None,None,None,None,None,None,None,None,None,USD,-29270000,9915000,-33597000,-80857000,-4077000,92435000,-13470000,6558000,11161000,47490000,-9569000,None,2341000,-564000,110586000,-3430000,-9612000,-27131000,4327000,None,None,None,13.57,19.95
15,2016-09-30,USD,121863500,71151500,-42073500,-44626000,-25877000,-12989500,-50910000,0,-7440500,-751000,-49500000,None,-25388000,0,-1565000,None,None,None,0,0,0,-596000,22084500,0,-7798500,-13975500,None,USD,342437000,469000,None,372000,138377000,184270000,None,7070000,60706000,-80357000,8299000,3137000,2991000,79431000,95119000,57002000,57002000,-4275000,9954000,167380000,158506000,180664000,25511000,48545000,34959000,12822000,38608000,None,None,None,None,None,None,None,None,None,None,None,None,None,None,None,None,None,None,None,None,None,None,USD,11158500,2860500,9780000,None,1961500,1727500,-374500,728500,5580500,1739500,-9312000,None,586500,None,140500,-2541000,-3121500,-13453500,1378500,None,None,None,11.9,13.57
16,2016-06-30,USD,104517000,0,69353000,0,0,537000,31184000,0,4481000,2257000,49988000,None,0,0,811000,None,None,None,0,0,0,1687000,0,0,0,537000,None,USD,322843000,5096000,None,3782000,123677000,178451000,None,35536000,60649000,None,16000000,3282000,141297000,75952000,79307000,None,None,None,8773000,None,None,None,46587000,None,26799000,7923000,28694000,None,None,None,None,None,None,None,None,None,None,None,None,None,None,None,None,None,None,None,None,None,None,USD,None,None,None,None,None,88980000,None,None,537000,None,9055000,None,None,None,None,1652000,None,None,1570000,None,None,None,13.15,11.9
17,2015-12-31,USD,95718000,187974000,104338000,10017000,198000,-23693000,26108000,0,22351000,319000,20786000,None,61000,0,697000,None,None,None,0,0,0,444000,21940000,0,21701000,-22707000,None,USD,229754000,5246000,None,2915000,127477000,83356000,4446000,30907000,56533000,-92040000,15498000,3332000,131580000,31941000,81062000,1775000,1775000,5015000,8507000,89512000,119756000,79453000,800000,45787000,27502000,9555000,24086000,None,None,None,None,None,None,None,None,None,None,None,None,None,None,None,None,None,None,None,None,None,None,USD,12179000,3884000,8855000,-80857000,-3205000,-5471000,-1854000,3036000,-35008000,-7005000,-9385000,None,2015000,-590000,1374000,-5154000,-11715000,33495000,3324000,None,None,None,nan,13.15
18,2015-09-30,USD,43049000,0,-52226000,10041000,-9969000,-27264000,-10430000,0,-29544000,17443000,9043000,None,-9832000,0,-357000,None,None,None,0,0,0,-942000,-137000,0,-11274000,-28250000,None,USD,220903000,593000,None,None,138738000,82165000,8494000,2850000,56514000,-95399000,3961000,3430000,2209000,31756000,79802000,39653000,39653000,5786000,9382000,88544000,116745000,78142000,None,46704000,26923000,10084000,37299000,None,None,None,None,None,None,None,None,None,None,None,None,None,None,None,None,None,None,None,None,None,None,USD,12179000,2835000,-799000,-12179000,-3846000,-3791000,None,195000,-11315000,-16415000,-11825000,None,635000,-590000,55000,-3072000,-2217000,1073000,799000,None,None,None,nan,nan
