,fiscalDateEnding,reportedCurrency_x,totalRevenue,totalOperatingExpense,costOfRevenue,grossProfit,ebit,netIncome_x,researchAndDevelopment,effectOfAccountingCharges,incomeBeforeTax,minorityInterest,sellingGeneralAdministrative,otherNonOperatingIncome,operatingIncome,otherOperatingExpense,interestExpense,taxProvision,interestIncome,netInterestIncome,extraordinaryItems,nonRecurring,otherItems,incomeTaxExpense,totalOtherIncomeExpense,discontinuedOperations,netIncomeFromContinuingOperations,netIncomeApplicableToCommonShares,preferredStockAndOtherAdjustments,reportedCurrency_y,totalAssets,intangibleAssets,earningAssets,otherCurrentAssets,totalLiabilities,totalShareholderEquity,deferredLongTermLiabilities,otherCurrentLiabilities,commonStock,retainedEarnings,otherLiabilities,goodwill,otherAssets,cash,totalCurrentLiabilities,shortTermDebt,currentLongTermDebt,otherShareholderEquity,propertyPlantEquipment,totalCurrentAssets,longTermInvestments,netTangibleAssets,shortTermInvestments,netReceivables,longTermDebt,inventory,accountsPayable,totalPermanentEquity,additionalPaidInCapital,commonStockTotalEquity,preferredStockTotalEquity,retainedEarningsTotalEquity,treasuryStock,accumulatedAmortization,otherNonCurrrentAssets,deferredLongTermAssetCharges,totalNonCurrentAssets,capitalLeaseObligations,totalLongTermDebt,otherNonCurrentLiabilities,totalNonCurrentLiabilities,negativeGoodwill,warrants,preferredStockRedeemable,capitalSurplus,liabilitiesAndShareholderEquity,cashAndShortTermInvestments,accumulatedDepreciation,commonStockSharesOutstanding,reportedCurrency,investments,changeInLiabilities,cashflowFromInvestment,otherCashflowFromInvestment,netBorrowings,cashflowFromFinancing,otherCashflowFromFinancing,changeInOperatingActivities,netIncome_y,changeInCash,operatingCashflow,otherOperatingCashflow,depreciation,dividendPayout,stockSaleAndPurchase,changeInInventory,changeInAccountReceivables,changeInNetIncome,capitalExpenditures,changeInReceivables,changeInExchangeRate,changeInCashAndCashEquivalents,clossingVal,nextClossingVal
0,2020-06-30,USD,28206000,None,None,None,None,16338000,None,None,22203000,None,4876000,None,None,None,5334000,5865000,26375000,21041000,None,None,None,5865000,None,None,16338000,16338000,None,USD,2723839000,None,289683000,None,2459791000,264048000,None,None,2137000,249559000,18542000,None,2401277000,221854000,None,None,None,None,16658000,None,54804000,264048000,9000,5054000,385431000,None,282000,None,None,None,None,None,None,None,None,None,None,None,None,None,None,None,None,None,12352000,None,None,None,None,USD,-53717000,0,-53717000,9479000,-290800000,49997000,341684000,2913000,16338000,10328000,14048000,None,179000,-897000,None,None,-577000,-4920000,119000,None,None,None,167.78,
1,2020-03-31,USD,10267000,None,None,None,None,2185000,None,None,3727000,None,5039000,None,None,None,8891000,1542000,26949000,18058000,None,None,None,1542000,None,None,2185000,2185000,None,USD,2654571000,None,280546000,None,2405972000,248599000,None,None,2137000,234140000,15164000,None,2340737000,211526000,None,None,None,None,16718000,None,46949000,248599000,10000,5183000,676231000,None,359000,None,None,None,None,None,None,None,None,None,None,None,None,None,None,None,None,None,12322000,None,None,None,2000000,USD,-111381000,0,-111381000,-4977000,170344000,60397000,-107860000,1625000,2185000,-40621000,10363000,None,167000,-2158000,None,None,-800000,7014000,1163000,None,None,None,144.99,167.78
2,2019-12-31,USD,20821000,5069000,None,20536000,None,11364000,None,None,15447000,None,4614000,None,15467000,None,9446000,4083000,26684000,17238000,None,None,None,4083000,-20000,None,11364000,11364000,None,USD,2590346000,None,315166000,248016000,2343123000,247223000,None,None,2136000,232853000,14046000,None,2245260000,252147000,2292398000,470268000,470268000,None,15948000,257073000,47186000,247223000,11000,4926000,505887000,None,960000,None,None,None,None,None,None,None,None,None,None,None,687000,None,None,None,None,None,12234000,None,None,None,2000000,USD,-87131000,0,-87131000,-1278000,-14716000,99949000,115588667,-1359000,11364000,20892000,8074000,None,161000,-854000,None,None,642000,-2942000,370000,None,None,None,210.2,144.99
3,2019-09-30,USD,18117000,5161000,None,17815000,None,9033000,None,None,12598000,None,4730000,None,12654000,None,10695000,3565000,28198000,17503000,None,None,None,3565000,-56000,None,9033000,9033000,None,USD,2480372000,None,291577000,225934000,2242519000,237853000,None,None,2134000,223646000,12521000,None,2157822000,231255000,2192894000,484967000,484967000,None,15839000,236167000,46940000,237853000,11000,4912000,520603000,None,2198000,None,None,None,None,None,None,None,None,None,None,None,703000,None,None,None,None,None,12073000,None,None,None,2000000,USD,35857000,0,35857000,7617000,-190417000,-143554000,47695000,329000,9033000,-97052000,10645000,None,166000,-832000,None,None,820000,101000,95000,None,None,None,189.0,210.2
4,2019-06-30,USD,17786000,4858000,None,17231000,None,8706000,None,None,12064000,None,4676000,None,12373000,None,10624000,3358000,26941000,16317000,None,None,None,3358000,-309000,None,8706000,8706000,None,USD,2614471000,None,394447000,324047000,2384891000,229580000,None,None,2134000,215466000,12037000,None,1368000,328307000,2335661000,675366000,675366000,None,15910000,333998000,44860000,229580000,12000,5691000,711020000,None,1991000,None,None,None,None,None,None,None,None,None,None,None,654000,None,None,None,None,None,11980000,None,None,None,2000000,USD,-81302000,0,-168213000,-168031000,8185000,110427000,192922000,-2077000,8706000,34541000,5416000,None,162000,-812000,71000,None,-1152000,-389000,182000,None,None,None,198.01,189.0
5,2019-03-31,USD,19006000,4876000,0,18581000,0,9824000,None,None,13439000,None,4665000,None,13705000,None,9285000,3615000,25129000,15844000,None,None,None,3615000,-266000,None,9824000,9824000,None,USD,2497389000,None,359674000,291513000,2275708000,221681000,None,None,2134000,207593000,13855000,None,2109127000,293766000,2224574000,667165000,667165000,None,15988000,298946000,42724000,221681000,13000,5180000,702835000,None,2086000,None,None,None,None,None,None,None,None,None,None,None,670000,None,None,None,None,None,11954000,None,None,None,2000000,USD,-86911000,0,-86911000,-1920000,95484000,75669000,-18032000,3288000,9824000,-2209000,9033000,None,163000,-1854000,71000,None,-2532000,-1857000,182000,None,None,None,172.01,198.01
6,2018-12-31,USD,11864000,4701000,0,11864000,0,4664000,0,0,6934000,0,4701000,None,7163000,0,0,None,None,None,0,0,0,2270000,-229000,0,4664000,4664000,None,USD,2408587000,None,None,292552000,2196011000,212576000,None,None,2133000,198580000,13319000,None,2026336000,8004000,2182005000,606664000,606664000,None,14553000,300556000,67142000,212576000,None,None,687000,None,1573154000,None,None,None,None,None,None,None,None,None,None,None,687000,None,None,None,None,None,11863000,None,None,None,2000000,USD,-3054000,0,-43555000,-7014000,175343000,33093000,-141481000,448000,4664000,-517000,9945000,None,162000,-43798,None,None,None,3361000,257000,None,None,None,197.74,172.01
7,2018-09-30,USD,17263000,4754000,7947000,17263000,0,8848000,0,0,12284000,0,4754000,None,12509000,0,0,None,None,None,0,0,0,3436000,-225000,0,8848000,8848000,None,USD,2370362000,None,None,291515000,2160615000,209747000,None,None,2133000,195771000,11784000,None,1992960000,10043000,2148128000,431305000,431305000,None,14458000,301558000,61386000,209747000,None,None,703000,None,1715136000,None,None,None,None,None,None,None,None,None,None,None,None,None,None,None,None,None,None,None,None,None,2000000,USD,-1166000,0,-41615000,2848000,-15057000,53255000,69059000,619000,8848000,21455000,9815000,None,161000,-747000,None,None,None,-201000,140000,None,None,None,219.81,197.74
8,2018-06-30,USD,16189000,4826000,7037000,16189000,0,7975000,0,0,11150000,0,4826000,None,11363000,0,0,None,None,None,0,0,0,3175000,-213000,0,7975000,7975000,None,USD,2307619000,None,None,270325000,2105973000,201646000,None,None,2133000,187691000,11356000,None,1950950000,9342000,2093897000,446345000,446345000,None,14479000,279667000,62523000,201646000,None,None,720000,None,1646319000,None,None,None,None,None,None,None,None,None,None,None,None,None,None,None,None,None,None,None,None,None,2000000,USD,-399000,0,-63324000,2848000,-52856000,61039000,114619000,-1560000,7975000,3769000,6054000,None,158000,-1449000,None,None,None,541000,690000,None,None,None,219.7,219.81
9,2018-03-31,USD,17464000,4825000,5957000,17464000,0,8912000,0,0,12361000,0,3678000,None,13629000,0,0,None,None,None,0,0,0,3449000,-278000,0,8912000,8912000,None,USD,2240137000,None,None,266607000,2045749000,194388000,None,None,2133000,180461000,14020000,None,82808000,8901000,1966767000,434185000,434185000,None,13947000,275508000,62343000,194388000,None,None,499921000,None,1531808000,None,None,None,None,None,None,None,None,None,None,None,None,None,None,None,None,None,None,None,None,None,2000000,USD,-2560000,0,-38582000,2572000,-80055000,-55432000,26073000,2014000,8912000,-83961000,10053000,None,157000,-1450000,None,None,None,-507000,36000,None,None,None,206.0,219.7
10,2017-12-31,USD,47856000,13981000,5567000,47856000,0,6691000,0,0,11695000,0,3515000,None,12935000,0,17261000,None,None,None,0,0,0,5004000,-777000,0,19273000,6691000,None,USD,2284599000,None,None,357975000,2098441000,186158000,None,None,2133000,172275000,12603000,None,81315000,1652000,1996601000,490164000,490164000,6679000,14068000,359627000,61389000,186158000,344377000,None,579976000,None,1505862000,None,None,None,None,None,None,None,None,None,None,None,None,None,None,None,None,None,None,None,None,None,2000000,USD,-2757000,0,-236072000,586000,103790000,240928000,140536000,397000,6691000,32297000,27441000,None,650000,-3454000,None,None,None,950000,256000,None,None,None,207.0,206.0
11,2017-09-30,USD,43000,-52000,5166000,43000,0,6484000,0,0,11029000,0,3430000,None,12181000,0,0,None,None,None,0,0,0,4545000,-72000,0,14000,6484000,None,USD,2214940000,None,None,345373000,2035222000,179718000,None,None,2133000,165879000,11462000,None,79975000,9792000,1934248000,575221000,575221000,4325000,14049000,355165000,59145000,179718000,None,None,575221000,None,1448539000,None,None,None,None,None,None,None,None,None,None,None,None,None,None,None,None,None,None,None,None,None,2000000,USD,-1300000,0,-107273000,586000,71139000,179379000,83031000,478000,6484000,-4225000,19518000,None,161000,-2729000,None,None,None,535000,75000,None,None,None,190.27,207.0
12,2017-06-30,USD,15804000,4580000,4287000,15804000,0,6470000,0,0,11006000,0,3510000,None,12131000,0,0,None,None,None,0,0,0,4536000,-218000,0,6470000,6470000,None,USD,2111016000,None,None,350644000,1938155000,172861000,None,None,2133000,159066000,10448000,None,75364000,8312000,1808215000,504082000,504082000,3270000,14169000,358956000,54632000,172861000,None,None,504082000,None,1423625000,None,None,None,None,None,None,None,None,None,None,None,None,None,None,None,None,None,None,None,None,None,2000000,USD,-471000,0,-32632000,586000,47946000,83516000,57638000,-2890000,6470000,38633000,12333000,None,163000,-2046000,None,None,None,166000,34000,None,None,None,181.93,190.27
13,2017-03-31,USD,0,0,3746000,0,0,6112000,0,0,10397000,0,3610000,None,11741000,0,0,None,None,None,0,0,0,4285000,0,0,0,6112000,None,USD,2039496000,None,None,None,1872529000,166967000,None,None,2133000,153215000,13390000,None,73678000,None,None,None,None,None,14314000,None,None,None,None,None,456136000,563000,1403003000,None,None,None,None,None,None,None,None,None,None,None,None,None,None,None,None,None,None,None,None,None,2000000,USD,None,None,None,None,None,15682000,37083000,None,6112000,None,8902000,None,None,-1364000,None,None,None,None,16000,None,None,None,176.85,181.93
14,2016-12-31,USD,58984000,18158000,3763000,58984000,0,6287000,0,0,10701000,0,3491000,None,11753000,0,13385000,None,None,None,0,0,0,4414000,-1057000,0,23423000,6287000,None,USD,2014599000,None,None,325356000,1853575000,161024000,None,None,2133000,147316000,11280000,None,71558000,1105000,1507509000,141000000,141000000,2736000,14462000,326461000,51610000,161024000,315116000,None,476186000,None,1366109000,None,None,None,None,None,None,None,None,None,None,None,None,None,None,None,None,None,None,None,None,None,2000000,USD,23684000,0,-182967000,165000,72800000,219750000,149763000,484000,6287000,61919000,25136000,None,730000,-3238000,213000,None,None,5000,98000,None,None,None,196.78,176.85
15,2016-09-30,USD,0,0,3681000,0,0,5945000,0,0,10090000,0,3373000,None,11322000,0,0,None,None,None,0,0,0,4145000,0,0,0,5945000,None,USD,1960309000,None,None,None,1806155000,154154000,None,None,2131000,140672000,9728000,None,67789000,None,None,None,None,None,14605000,None,None,None,None,None,461238000,None,1335189000,None,None,None,None,None,None,None,None,None,None,None,None,None,None,None,None,None,None,None,None,None,2000000,USD,None,None,None,165000,None,174184000,118661000,None,5945000,None,17651000,None,None,-2556000,None,None,None,None,74000,None,None,None,138.5,196.78
16,2016-06-30,USD,0,0,3627000,0,0,5867000,0,0,9937000,0,3475000,None,11116000,0,0,None,None,None,0,0,0,4070000,0,0,0,5867000,None,USD,1918665000,None,None,None,1770168000,148497000,None,None,2131000,135047000,9255000,None,78057000,None,None,None,None,None,14774000,None,None,None,None,None,441288000,None,1319625000,None,None,None,None,None,None,None,None,None,None,None,None,None,None,None,None,None,None,None,None,None,2000000,USD,None,None,None,165000,None,138891000,102692000,None,5867000,None,11002000,None,None,-1916000,None,None,None,None,55000,None,None,None,122.92,138.5
17,2016-03-31,USD,0,0,3449000,0,0,5324000,0,0,9041000,0,3541000,None,10183000,0,0,None,None,None,0,0,0,3717000,0,0,0,5324000,None,USD,1849930000,None,None,None,1706728000,143202000,None,None,2131000,129811000,12089000,None,78593000,None,None,None,None,None,14921000,None,None,None,None,None,426338000,168000,1268301000,None,None,None,None,None,None,None,None,None,None,None,None,None,None,None,None,None,None,None,None,None,2000000,USD,None,None,None,None,None,73281000,51406000,None,5324000,None,8030000,None,None,-1277000,None,None,None,None,14000,None,None,None,119.11,122.92
18,2015-12-31,USD,51807000,18057000,3057000,51807000,0,5234000,0,0,8860000,0,3402000,None,9999000,0,10910000,None,None,None,0,0,0,3626000,-974000,0,19346000,5234000,None,USD,1768528000,None,None,261907000,1630513000,138015000,None,None,2129000,124834000,10100000,None,80682000,2376000,1559330000,342000000,342000000,353000,15094000,270489000,35342000,138015000,6206000,None,403386000,None,1217027000,None,None,None,None,None,None,None,None,None,None,None,None,None,None,None,None,None,None,None,None,None,2000000,USD,36814000,0,-132871000,1316000,72811000,196439000,128133000,276000,5234000,83791000,20223000,None,766000,-4556000,213000,None,None,-286000,649000,None,None,None,119.8,119.11
19,2015-09-30,USD,0,0,2964000,0,0,4874000,0,0,8268000,0,3388000,None,9461000,0,0,None,None,None,0,0,0,3394000,0,0,0,4874000,None,USD,1690959000,None,None,None,1556983000,133976000,None,None,2129000,120818000,8579000,None,87672000,None,None,None,None,None,15130000,None,None,None,None,None,368434000,118000,1179970000,None,None,None,None,None,None,None,None,None,None,None,None,None,None,None,None,None,None,None,None,None,2000000,USD,None,None,None,1177000,None,124848000,90868000,None,4874000,None,13926000,None,None,-3917000,None,None,None,None,496000,None,None,None,116.03,119.8
