,fiscalDateEnding,reportedCurrency_x,totalRevenue,totalOperatingExpense,costOfRevenue,grossProfit,ebit,netIncome_x,researchAndDevelopment,effectOfAccountingCharges,incomeBeforeTax,minorityInterest,sellingGeneralAdministrative,otherNonOperatingIncome,operatingIncome,otherOperatingExpense,interestExpense,taxProvision,interestIncome,netInterestIncome,extraordinaryItems,nonRecurring,otherItems,incomeTaxExpense,totalOtherIncomeExpense,discontinuedOperations,netIncomeFromContinuingOperations,netIncomeApplicableToCommonShares,preferredStockAndOtherAdjustments,reportedCurrency_y,totalAssets,intangibleAssets,earningAssets,otherCurrentAssets,totalLiabilities,totalShareholderEquity,deferredLongTermLiabilities,otherCurrentLiabilities,commonStock,retainedEarnings,otherLiabilities,goodwill,otherAssets,cash,totalCurrentLiabilities,shortTermDebt,currentLongTermDebt,otherShareholderEquity,propertyPlantEquipment,totalCurrentAssets,longTermInvestments,netTangibleAssets,shortTermInvestments,netReceivables,longTermDebt,inventory,accountsPayable,totalPermanentEquity,additionalPaidInCapital,commonStockTotalEquity,preferredStockTotalEquity,retainedEarningsTotalEquity,treasuryStock,accumulatedAmortization,otherNonCurrrentAssets,deferredLongTermAssetCharges,totalNonCurrentAssets,capitalLeaseObligations,totalLongTermDebt,otherNonCurrentLiabilities,totalNonCurrentLiabilities,negativeGoodwill,warrants,preferredStockRedeemable,capitalSurplus,liabilitiesAndShareholderEquity,cashAndShortTermInvestments,accumulatedDepreciation,commonStockSharesOutstanding,reportedCurrency,investments,changeInLiabilities,cashflowFromInvestment,otherCashflowFromInvestment,netBorrowings,cashflowFromFinancing,otherCashflowFromFinancing,changeInOperatingActivities,netIncome_y,changeInCash,operatingCashflow,otherOperatingCashflow,depreciation,dividendPayout,stockSaleAndPurchase,changeInInventory,changeInAccountReceivables,changeInNetIncome,capitalExpenditures,changeInReceivables,changeInExchangeRate,changeInCashAndCashEquivalents,clossingVal,nextClossingVal
0,2020-06-30,USD,251216000,273428000,160827000,90389000,36922000,-38168000,None,None,-39438000,None,106329000,195000,-22212000,6272000,17482000,-1270000,75000,-17407000,None,None,None,-1270000,181000,None,-38168000,-38168000,None,USD,2166370000,451146000,None,23519000,1977485000,188885000,270235000,31966000,1501000,-4160133000,617267000,454977000,354520000,138824000,593371000,119000000,119000000,-46723000,232990000,672737000,None,-717238000,None,273168000,631427000,237226000,65647000,None,None,1501000,None,-4160133000,-518030000,None,38727000,None,1493633000,144651000,631427000,3493000,1384114000,None,None,None,4912270000,2166370000,138824000,None,125555616,USD,-28582000,55196000,-28582000,-16099000,-54750000,-54750000,None,-5544000,-38168000,-115841000,-32509000,31937000,58878000,None,None,28138000,-133187000,676000,12483000,-133187000,None,-115841000,1.81,
1,2020-03-31,USD,189925000,266101000,126475000,63450000,-278872000,-345973000,None,None,-354512000,None,133353000,386000,-76176000,6273000,16783000,-8539000,766000,-16017000,None,262000000,None,-8539000,-262319000,None,-345973000,-345973000,None,USD,2195406000,462127000,None,22032000,1971446000,223960000,285239000,34131000,1500000,-4121965000,578833000,454977000,359481000,254665000,620137000,169000000,169000000,-47716000,236779000,682042000,None,-693144000,None,139981000,634800000,265364000,73217000,None,None,1500000,None,-4121965000,-518030000,None,29961000,2520000,1513364000,146847000,634800000,5049000,1351309000,None,None,None,4910171000,2195406000,254665000,None,125406121,USD,-30626000,-80261000,-30626000,-18751000,145250000,145705000,-48000,-39745000,-345973000,-41688000,-156767000,-60881000,58857000,None,503000,-52305000,44444000,256728000,11875000,44444000,None,-41688000,1.88,1.81
2,2019-12-31,USD,241475000,334601000,182410000,59065000,-37387000,-125118000,None,None,-125173000,None,146400000,-2632000,-93126000,-130000,13636000,-55000,1459000,-12177000,None,21742000,None,-55000,-19870000,None,-125118000,-125118000,None,USD,2513172000,474225000,None,19257000,1946812000,566360000,297488000,36732000,1489000,-3775992000,618481000,716977000,376241000,296353000,555150000,19000000,19000000,-47272000,232635000,713094000,None,-624842000,0,184425000,638187000,213059000,52128000,None,None,1489000,None,-3775992000,-518030000,None,31490000,2520000,1800078000,143679000,638187000,6028000,1391662000,None,None,None,4906165000,2513172000,296353000,None,124351294,USD,-31241000,-90242000,-31241000,-21030000,-101320000,-108685000,-7311000,9580000,-125118000,-12323000,127603000,-38904000,74150000,None,1000,-1315000,250478000,8920000,10211000,250478000,None,-12323000,6.25,1.88
3,2019-09-30,USD,565668000,487527000,292187000,273481000,147656000,69260000,None,None,66658000,None,188957000,-228000,78141000,6653000,11597000,-2602000,509000,-11088000,None,None,None,-2602000,-395000,None,69260000,69260000,None,USD,2824790000,486356000,None,18728000,2138097000,686693000,324309000,34473000,1489000,-3650874000,651901000,716977000,407390000,308676000,596580000,8000000,8000000,-49314000,240016000,974051000,None,-516640000,0,434903000,752241000,211744000,88091000,None,None,1489000,None,-3650874000,-518030000,None,31698000,3259000,1850739000,148510000,752241000,6746000,1541517000,None,None,None,4903422000,2824790000,308676000,None,124330921,USD,-35683000,195986000,-35683000,-25941000,-62000000,-64052000,-2539000,2988000,69260000,293562000,393297000,172338000,69401000,None,521000,56026000,-2821000,1411000,8992000,-2821000,None,293562000,5.33,6.25
4,2019-06-30,USD,388896000,414719000,232841000,156055000,48441000,-40613000,None,None,-40210000,None,175266000,113000,-25823000,11042000,11963000,403000,97000,-11866000,None,None,None,403000,-2521000,None,-40613000,-40613000,None,USD,2616271000,499080000,None,1761176000,2002666000,613605000,334357000,25431000,1487000,-3720134000,524839000,716977000,414773000,15114000,583388000,68000000,68000000,-48706000,108332000,737348000,1006000,613605000,0,432082000,753377000,267770000,108528000,None,None,1487000,None,-3720134000,-518030000,None,28538000,None,1878923000,152541000,753377000,6580000,1419278000,None,None,None,4898988000,2616271000,15114000,None,124208392,USD,-27676000,45534000,-27676000,-29693000,58000000,58467000,466000,2610000,-40613000,-59071000,-89862000,88193000,76688000,None,1000,-5846000,-248957000,3536000,7983000,-248957000,None,-59071000,5.76,5.33
5,2019-03-31,USD,194635000,159728000,136742000,57893000,-101193000,-117362000,None,None,-110907000,None,151983000,642000,-101835000,7745000,11582000,6455000,-10940000,-10490000,None,None,None,6455000,197000,None,-117362000,-117362000,None,USD,2461465000,833800000,None,1785698000,1808794000,652671000,343698000,1583469000,1487000,-3679608000,454909000,716845000,52300000,74185000,456931000,8000000,8000000,-46734000,116095000,550186000,1071000,652671000,9999000,213564000,754513000,261924000,217325000,None,None,1487000,None,-3679608000,-518030000,None,27180000,None,116095000,156767000,754513000,5780000,1351863000,None,None,None,4895556000,2461465000,84184000,None,124110547,USD,40000000,-38173000,-1720000,-31345000,-2000000,-1397000,98000,-41731000,-117362000,-179180000,-176063000,-42641000,69448000,None,505000,-77715000,20482000,9898000,10375000,20482000,None,-179180000,7.27,5.76
6,2018-12-31,USD,211398000,156373000,141883000,69515000,-85608000,-55921000,0,0,-94724000,0,148407000,1250000,-86858000,6386000,11645000,None,None,None,30469000,1580000,0,2058000,-9942000,40861000,-96782000,-55921000,None,USD,2495124000,520892000,None,1646531000,1726654000,768470000,346276000,1473362000,1481000,-3562971000,483313000,716073000,423574000,253365000,487692000,8000000,8000000,-45184000,125925000,706278000,2382000,768470000,49833000,235261000,755649000,184209000,245292000,None,None,1481000,None,-3562971000,-518030000,None,None,None,125925000,None,755649000,None,None,None,None,None,4893174000,2495124000,303198000,None,123587820,USD,-20345000,-42403000,75887000,108485000,-2000000,1726000,3726000,-4090000,-55921000,149061000,71448000,-3068000,68293000,None,1263000,-14198000,149501000,-30756000,12253000,149501000,None,149061000,8.86,7.27
7,2018-09-30,USD,516255000,186337000,238080000,278175000,91866000,86349000,0,0,80559000,0,176202000,28000,91838000,7058000,11627000,None,None,None,0,3077000,0,-3349000,-15038000,2441000,83908000,86349000,None,USD,2631552000,535824000,None,150843000,1806441000,825111000,437535000,326696000,1481000,-3507050000,502058000,713073000,427023000,104304000,547598000,8000000,8000000,-40736000,143040000,807992000,4600000,-423786000,29758000,353075000,756785000,170012000,212902000,0,0,1481000,0,-3507050000,-518030000,None,404819000,3402000,23402000,None,756785000,64523000,1258843000,None,None,None,4889446000,2631552000,134062000,None,123561262,USD,-29708000,83796000,-82248000,-35953000,-52000000,-51438000,-20000,-4090000,86349000,73595000,207281000,4756000,57058000,0,582000,38475000,149501000,4740000,16587000,-67893000,None,73595000,7.0,8.86
8,2018-06-30,USD,376081000,183278000,201759000,174322000,-9936000,-23272000,0,0,-21088000,0,174152000,-980000,-8956000,9126000,11472000,None,None,None,0,0,0,2184000,14885000,2441000,-23272000,-23272000,None,USD,2524356000,578133000,None,30888000,1790097000,734259000,428947000,270733000,1480000,-3593399000,492828000,783073000,442387000,30709000,539347000,58000000,8000000,-41312000,149137000,567726000,3900000,-626947000,0,293693000,757922000,212436000,210614000,0,0,1480000,0,-3593399000,-518030000,None,420096000,3593000,22598000,None,757922000,63881000,1250750000,None,None,None,4885520000,2524356000,30709000,None,123463904,USD,-20345000,28140000,-48807000,-36146000,48000000,47980000,-20000,-4090000,-23272000,-67955000,-67128000,-7152000,64965000,0,681000,-5992000,149501000,5441000,12661000,-129258000,None,-67955000,7.65,7.0
9,2018-03-31,USD,218884000,161718000,143715000,75169000,-85671000,-101311000,0,0,-96607000,0,150534000,878000,-86549000,11184000,10936000,None,None,None,0,0,0,4704000,-14885000,2441000,-101311000,-101311000,None,USD,2458112000,593332000,None,27418000,1705133000,752979000,428084000,249305000,1479000,-3570127000,490229000,783073000,431798000,98664000,455846000,8000000,8000000,-42801000,150648000,496961000,2300000,-623426000,0,164435000,759058000,206444000,198541000,0,0,1479000,0,-3570127000,-518030000,None,406801000,3593000,23704000,None,759058000,62145000,1249287000,None,None,None,4882458000,2458112000,98664000,None,123397251,USD,86539000,-53896000,48763000,-25536000,-2000000,-2392000,-1073000,-16675000,-101311000,-50315000,-96686000,1680000,64331000,0,681000,-51800000,36645000,7665000,12240000,36645000,None,-50315000,6.95,7.65
10,2017-12-31,USD,260503000,166154000,170811000,89692000,-75031000,-26168000,0,0,-86497000,0,154239000,1431000,-76462000,6318000,11466000,None,None,None,0,5597000,0,-60329000,-81990000,43302000,-26168000,-26168000,None,USD,2563591000,610663000,None,29947000,1768398000,795193000,441365000,297899000,1479000,-3521527000,481706000,783073000,1788586000,148979000,504229000,8000000,8000000,-46522000,153906000,621099000,None,-598543000,86449000,201080000,760194000,154644000,198330000,0,0,1479000,0,-3521527000,-518030000,None,391257000,3593000,1942492000,None,760194000,62610000,1264169000,None,None,None,4879793000,2563591000,235428000,None,123334432,USD,-10279000,-73727000,-79880000,-52419000,-2000000,-2000000,3803000,-21776000,-26168000,14999000,96879000,-10945000,72834000,0,0,1923000,14926000,-51416000,17182000,181646000,None,14999000,9.3,6.95
11,2017-09-30,USD,532040000,187392000,254438000,277602000,90587000,90506000,0,0,79888000,0,178104000,377000,90210000,7520000,10699000,None,None,None,0,1768000,0,-10618000,0,0,90506000,90506000,None,USD,2719632000,626945000,None,21031000,1906003000,813629000,520726000,316848000,1479000,-3495359000,507095000,783073000,1796305000,133980000,557334000,8000000,8000000,-51506000,153001000,770326000,None,-596389000,76022000,382726000,761330000,156567000,232486000,0,0,1479000,0,-3495359000,-518030000,None,382829000,3458000,1949306000,None,761330000,66613000,1348669000,None,None,None,4877045000,2719632000,210002000,None,123333025,USD,-75932000,52919000,-121905000,-31395000,-2000000,-1303000,-16000,-7976000,90506000,55245000,178453000,8526000,71587000,0,713000,41336000,166720000,-7996000,14578000,-78425000,None,55245000,12.05,9.3
12,2017-06-30,USD,393051000,207899000,216318000,176733000,-30315000,-46867000,0,0,-40747000,0,166165000,851000,-31166000,8341000,10432000,None,None,None,0,33393000,0,6120000,0,0,-46867000,-46867000,None,USD,2583994000,645180000,None,26147000,1865149000,718845000,521560000,281012000,1478000,-3585865000,500097000,783073000,1819825000,78735000,512177000,8000000,775666000,-52376000,157083000,607086000,None,-709408000,0,304301000,762466000,197903000,223165000,0,0,1478000,0,-3585865000,-518030000,None,388114000,3458000,1976908000,None,762466000,68946000,1352972000,None,None,None,4873638000,2583994000,78735000,None,123259587,USD,14450000,46703000,-24348000,-29434000,-2000000,-2133000,-645000,30231000,-46867000,-70805000,-44324000,5404000,68911000,0,512000,11202000,88295000,7430000,9364000,-137107000,None,-70805000,12.3,12.05
13,2017-03-31,USD,221917000,169509000,148511000,73406000,-96058000,-120658000,0,0,-106266000,0,156352000,45000,-96103000,9282000,10208000,None,None,None,0,3875000,0,14392000,0,0,-120658000,-120658000,None,USD,2568067000,664175000,None,23339000,1804648000,763419000,505360000,276822000,1477000,-3538998000,491752000,783073000,1835156000,149540000,464235000,8000000,8000000,-51996000,169273000,563638000,None,-683829000,14460000,167194000,763602000,209105000,179413000,0,0,1477000,0,-3538998000,-518030000,None,384450000,3458000,2004429000,None,763602000,71451000,1340413000,None,None,None,4870966000,2568067000,164000000,None,123164245,USD,66240000,-59520000,21210000,-27860000,-2000000,-1894000,-789000,-3366000,-120658000,-76562000,-95878000,-3366000,69367000,0,895000,-46690000,48812000,16177000,17170000,48812000,None,-76562000,10.15,12.3
14,2016-12-31,USD,241806000,315724000,176870000,64936000,-251824000,-181041000,0,0,-262259000,0,161138000,-1036000,-250788000,8626000,10435000,None,None,None,0,145960000,0,-81218000,-200832000,43302000,-181041000,-181041000,None,USD,2731471000,685649000,None,20356000,1851431000,880040000,508008000,296463000,1475000,-3418340000,510162000,783073000,1850549000,226102000,505150000,8000000,8000000,-53295000,175202000,705720000,None,-588682000,80841000,216006000,764738000,162415000,200687000,0,0,1475000,0,-3418340000,-518030000,None,378369000,3458000,2025751000,None,764738000,73535000,1346281000,None,None,None,4868230000,2731471000,306943000,None,122979770,USD,-14649000,-61957000,-59078000,-29372000,-2000000,786000,-262000,-19178000,-181041000,76004000,134296000,5183000,81855000,0,3048000,7247000,40094000,60419000,15057000,222590000,None,76004000,10.85,10.15
15,2016-09-30,USD,533021000,194997000,254653000,278368000,83628000,90022000,0,0,74135000,0,185252000,257000,83371000,5980000,9493000,None,None,None,0,3765000,0,-15887000,0,0,90022000,90022000,None,USD,3052072000,848052000,None,25589000,1989400000,1062672000,617150000,308943000,1474000,-3237299000,534200000,783073000,2022554000,150098000,536228000,8000000,8000000,-49088000,179170000,850348000,None,-568453000,66403000,438596000,765874000,169662000,219285000,0,0,1474000,0,-3237299000,-518030000,None,387889000,3540000,2201724000,None,765874000,70148000,1453172000,None,None,None,4865615000,3052072000,216501000,None,122820005,USD,-67437000,56496000,-131122000,-29427000,-2000000,4978000,-371000,11290000,90022000,52088000,178232000,11290000,76725000,0,7349000,49262000,182496000,-14140000,34258000,-91423000,None,52088000,13.41,10.85
16,2016-06-30,USD,392042000,194000000,219194000,172848000,-21771000,-28391000,0,0,-31173000,0,184479000,-619000,-21152000,5968000,9402000,None,None,None,0,3553000,0,-2782000,0,0,-28391000,-28391000,None,USD,2922047000,868605000,None,30193000,1960153000,961894000,613777000,248513000,1466000,-3327321000,517028000,783073000,2052278000,98010000,507052000,8000000,8000000,-48757000,175469000,694300000,None,-689784000,0,347173000,767011000,218924000,250539000,0,0,1466000,0,-3327321000,-514031000,None,397060000,3540000,2227747000,None,767011000,72313000,1453101000,None,None,None,4850537000,2922047000,98010000,None,122201789,USD,67385000,67341000,3536000,-32448000,-2000000,-18382000,-371000,-10132000,-28391000,-70873000,-56027000,-6710000,72130000,0,-16382000,3142000,91073000,243000,31401000,-163782000,None,-70873000,15.63,13.41
17,2016-03-31,USD,205816000,176428000,151592000,54224000,-121420000,-165148000,0,0,-130753000,0,168675000,784000,-122204000,6176000,9333000,None,None,None,0,1577000,0,34395000,0,0,-165148000,-165148000,None,USD,2894501000,888986000,None,25385000,1888013000,1006488000,595060000,249907000,1462000,-3298930000,492996000,783073000,2066874000,168883000,453762000,8000000,8000000,-45649000,160378000,667249000,None,-665571000,67525000,183390000,768147000,222066000,195855000,0,0,1462000,0,-3298930000,-494011000,None,391275000,3540000,2227252000,None,768147000,71044000,1434251000,None,None,None,4843616000,2894501000,236408000,None,123008567,USD,130339000,-73758000,72718000,-32784000,-2000000,-25342000,-1039000,-28606000,-165148000,-65374000,-112750000,-3090000,71640000,0,-22303000,-50620000,72709000,35517000,24837000,72709000,None,-65374000,19.94,15.63
18,2015-12-31,USD,298000000,184051000,190586000,107414000,-77106000,-97267000,0,0,-86841000,0,175585000,-469000,-76637000,7304000,9735000,None,None,None,0,1162000,0,10426000,-46996000,43302000,-97267000,-97267000,None,USD,3137056000,912955000,None,22877000,1938735000,1198321000,580435000,266109000,1456000,-3133782000,507928000,783073000,2104551000,234257000,506608000,8000000,8000000,-39728000,149680000,882825000,None,-497707000,198146000,256099000,784389000,171446000,232499000,0,0,1456000,0,-3133782000,-463013000,None,404983000,3540000,2254231000,None,784389000,67303000,1432127000,None,None,None,4833388000,3137056000,432403000,None,123940510,USD,-52115000,-42468000,-110191000,-24731000,-2000000,-217576000,-15255000,-82346000,-97267000,-142786000,184981000,-2562000,81476000,0,-215576000,14154000,30808000,9014000,33345000,222634000,None,-142786000,21.78,19.94
19,2015-09-30,USD,575507000,200661000,272287000,303220000,101639000,131081000,0,0,91443000,0,191843000,-920000,102559000,7255000,10196000,None,None,None,0,1563000,0,-39638000,0,0,131081000,131081000,None,USD,3505835000,939617000,None,29052000,1990919000,1514916000,611169000,272619000,1348000,-3036515000,523311000,783923000,2137008000,377043000,530168000,8000000,None,-33033000,134643000,1234184000,None,-208624000,146492000,495997000,786222000,185600000,249549000,0,0,1348000,0,-3036515000,-239408000,None,409763000,3705000,2271651000,None,786222000,63360000,1460751000,None,None,None,4822524000,3505835000,523535000,None,134707975,USD,-146518000,59398000,-198771000,-33967000,-3585000,-41751000,-534000,None,131081000,57633000,298155000,None,77653000,0,-37632000,44124000,191826000,39957000,18286000,-54056000,None,57633000,20.32,21.78
