,fiscalDateEnding,reportedCurrency_x,totalRevenue,totalOperatingExpense,costOfRevenue,grossProfit,ebit,netIncome_x,researchAndDevelopment,effectOfAccountingCharges,incomeBeforeTax,minorityInterest,sellingGeneralAdministrative,otherNonOperatingIncome,operatingIncome,otherOperatingExpense,interestExpense,taxProvision,interestIncome,netInterestIncome,extraordinaryItems,nonRecurring,otherItems,incomeTaxExpense,totalOtherIncomeExpense,discontinuedOperations,netIncomeFromContinuingOperations,netIncomeApplicableToCommonShares,preferredStockAndOtherAdjustments,reportedCurrency_y,totalAssets,intangibleAssets,earningAssets,otherCurrentAssets,totalLiabilities,totalShareholderEquity,deferredLongTermLiabilities,otherCurrentLiabilities,commonStock,retainedEarnings,otherLiabilities,goodwill,otherAssets,cash,totalCurrentLiabilities,shortTermDebt,currentLongTermDebt,otherShareholderEquity,propertyPlantEquipment,totalCurrentAssets,longTermInvestments,netTangibleAssets,shortTermInvestments,netReceivables,longTermDebt,inventory,accountsPayable,totalPermanentEquity,additionalPaidInCapital,commonStockTotalEquity,preferredStockTotalEquity,retainedEarningsTotalEquity,treasuryStock,accumulatedAmortization,otherNonCurrrentAssets,deferredLongTermAssetCharges,totalNonCurrentAssets,capitalLeaseObligations,totalLongTermDebt,otherNonCurrentLiabilities,totalNonCurrentLiabilities,negativeGoodwill,warrants,preferredStockRedeemable,capitalSurplus,liabilitiesAndShareholderEquity,cashAndShortTermInvestments,accumulatedDepreciation,commonStockSharesOutstanding,reportedCurrency,investments,changeInLiabilities,cashflowFromInvestment,otherCashflowFromInvestment,netBorrowings,cashflowFromFinancing,otherCashflowFromFinancing,changeInOperatingActivities,netIncome_y,changeInCash,operatingCashflow,otherOperatingCashflow,depreciation,dividendPayout,stockSaleAndPurchase,changeInInventory,changeInAccountReceivables,changeInNetIncome,capitalExpenditures,changeInReceivables,changeInExchangeRate,changeInCashAndCashEquivalents,clossingVal,nextClossingVal
0,2020-06-30,USD,129223000,91754000,71557000,57666000,6119000,1807000,8907000,None,4491000,4136000,15733000,None,37469000,-4443000,171000,2748000,3661000,3490000,None,None,None,2748000,-36468000,None,1743000,1807000,None,USD,1360568000,1713000,None,None,371949000,984483000,None,None,61000,774473000,25565000,1193000,53335000,288782000,327302000,None,320000,-63517000,84060000,1174494000,45773000,981577000,324949000,240334000,15780000,48210000,117460000,None,None,None,None,None,None,None,21658000,None,186074000,5791000,None,None,44647000,None,None,None,None,None,None,None,None,USD,-123808000,7130000,-123808000,None,14787000,16926000,2139000,5171000,1807000,-47291000,57660000,None,1457000,0,None,1588000,-24699000,36063000,3062000,None,None,None,13.3,
1,2020-03-31,USD,80768000,69335000,56003000,24765000,18977000,13846000,10221000,None,16387000,2804000,15129000,None,11433000,-12018000,16000,2422000,3271000,3255000,None,None,None,2422000,1699000,None,13965000,13846000,None,USD,1320370000,1116000,None,15020000,340030000,977536000,None,None,61000,772666000,27157000,35834000,41073000,344000000,308969000,279000,595000,-68305000,80862000,1116810000,44675000,940586000,203542000,215247000,829000,49609000,114363000,None,None,None,None,None,None,None,7368000,None,203560000,4754000,829000,None,31061000,None,None,None,223690000,None,547542000,None,61000000,USD,-61784000,-3953000,-61784000,-58735000,-1113000,-1113000,2139000,-15420000,13846000,-60114000,8017000,None,2574000,0,None,-14712000,17872000,746000,2174000,None,None,None,12.9,13.3
2,2019-12-31,USD,170108000,136880000,108354000,61754000,42978000,34065000,13806000,None,40706000,2727000,20999000,None,33228000,-6279000,6000,6792000,3099000,3093000,None,None,None,6792000,4385000,None,33914000,34065000,None,USD,1350447000,1208000,None,19985000,365592000,982128000,None,158924000,61000,758819000,28707000,37845000,37219000,403860000,332809000,1436000,1755000,-49852000,83318000,1146087000,44770000,943075000,146745000,239492000,896000,35596000,115166000,None,None,None,None,None,None,None,2657000,None,204360000,4853000,896000,None,32783000,None,None,None,223675000,None,550605000,None,61000000,USD,-10049000,2833000,-10049000,876000,-968000,-13681000,2139000,17756000,34065000,52797000,70490000,None,2266000,-12713000,None,11643000,22761000,-1333000,2372000,None,None,None,16.41,12.9
3,2019-09-30,USD,123230000,100163000,76846000,46384000,38521000,29681000,8942000,None,35916000,1748000,17895000,None,23067000,-3520000,113000,6209000,3029000,2916000,None,None,None,6209000,9933000,None,29707000,29681000,None,USD,1281301000,1258000,None,30288000,351259000,928294000,None,162872000,60000,725521000,26053000,36298000,41396000,339932000,319244000,1585000,1892000,-69645000,77980000,1082450000,41919000,890738000,136200000,245696000,890000,46319000,109519000,None,None,None,None,None,None,None,3485000,None,198851000,5072000,890000,None,32015000,None,None,None,223660000,None,476132000,None,60000000,USD,8062000,10826000,8062000,8553000,-20346000,-20346000,2139000,-322000,29681000,15318000,38958000,None,2492000,-12713000,None,-4993000,17090000,-1217000,491000,None,None,None,15.19,16.41
4,2019-06-30,USD,156991000,123543000,103722000,53269000,29114000,25257000,9200000,None,26874000,1774000,18444000,None,33448000,-7823000,204000,1471000,2866000,2662000,None,None,None,1471000,-9236000,None,25403000,25257000,None,USD,1309417000,1383000,None,22260000,362257000,945386000,None,758000,60000,708515000,19780000,37054000,40334000,332509000,341499000,1909000,22219000,-35521000,76006000,1109478000,45162000,906949000,145139000,293661000,978000,42983000,110384000,None,None,None,None,None,None,None,3618000,None,199939000,None,978000,None,20758000,None,None,None,223634000,None,477648000,None,61000000,USD,73067000,2042000,73067000,1821000,-276000,1180000,1456000,-4443000,25257000,81912000,13807000,None,2036000,0,None,1333000,-37484000,6723000,5161000,None,None,None,19.0,15.19
5,2019-03-31,USD,125167000,95099000,75730000,49437000,35256000,27968000,8655000,None,32964000,172000,10714000,None,30068000,-4553000,54000,4946000,1706000,2924000,None,None,None,4946000,-28000,None,28018000,27968000,None,USD,1301996000,11402000,None,18931000,359868000,942128000,None,432000,60000,735267000,19820000,48671000,16744000,253388000,338962000,2033000,22330000,-16796000,80002000,1092877000,52300000,891965000,212997000,263614000,914000,45278000,116276000,None,None,None,None,None,None,None,4156000,None,209119000,None,914000,None,20734000,None,None,None,223597000,None,466385000,None,61000000,USD,-45269000,-7770000,-82955000,-77529000,-157000,-11335000,1456000,-9916000,100136000,-10834000,86714000,None,5920000,-10862000,None,-8709000,12744000,3945000,5426000,None,None,None,20.94,19.0
6,2018-12-31,USD,149463000,107606000,92464000,56999000,41857000,44135000,10401000,None,50484000,122000,19553000,None,41857000,-14812000,-210000,6312000,None,None,None,None,None,6312000,8627000,None,44172000,44135000,None,USD,1262438000,1540000,None,32271000,364378000,897938000,None,155379000,60000,706612000,20331000,48346000,25626000,270806000,343147000,20258000,20258000,-32281000,75119000,1054314000,57493000,848052000,168999000,545759000,900000,35568000,116362000,None,None,None,None,None,None,None,None,None,None,None,900000,None,None,None,None,None,223547000,None,439805000,None,61000000,USD,-19874000,8151000,-20677000,1821000,-262000,-11124000,1456000,2565000,44135000,-6722000,24862000,None,1765000,-10862000,None,-16624000,-12992000,-7536000,743000,None,None,None,17.51,20.94
7,2018-09-30,USD,138719000,108843000,87258000,51461000,29876000,27901000,8769000,None,33402000,347000,16363000,None,29876000,-3547000,-106000,None,None,None,None,None,None,5455000,3526000,None,27947000,27901000,None,USD,1211791000,1610000,None,29208000,360747000,850697000,None,151655000,60000,661745000,18814000,48263000,18358000,276867000,321214000,313000,313000,-34589000,74803000,1017287000,51470000,800824000,148659000,525325000,20719000,36583000,121807000,None,None,None,None,None,None,None,None,None,None,None,None,None,None,None,None,None,None,None,None,None,61000000,USD,-14952000,-5614000,-17010000,1821000,-54000,-54000,1456000,19374000,27901000,11192000,36616000,None,2216000,-10862000,None,12384000,-23752000,2983000,491000,None,None,None,21.37,17.51
8,2018-06-30,USD,147237000,115295000,89211000,58026000,31942000,27728000,8630000,0,32464000,301000,21505000,None,31942000,-4051000,-106000,None,None,None,0,0,0,4621000,522000,0,27843000,27728000,None,USD,1210128000,3186000,None,29918000,367775000,842052000,None,153095000,60000,624049000,14012000,48359000,19891000,265675000,333054000,350000,350000,-5453000,80210000,1000898000,57584000,790507000,139433000,507085000,20709000,58074000,129511000,None,None,None,None,None,None,None,None,None,None,None,None,None,None,None,None,None,None,None,None,None,61000000,USD,-4617000,-1114000,-5838000,None,-4548000,-4548000,None,3335000,27728000,27704000,48011000,None,3679000,-10862000,None,-2883000,16759000,6287000,1446000,None,None,None,22.14,21.37
9,2018-03-31,USD,120617000,95685000,76736000,43881000,24932000,21842000,8758000,0,26470000,184000,14079000,None,24932000,-3888000,-175000,None,None,None,0,0,0,4553000,1538000,0,21917000,21842000,None,USD,1246996000,1631000,None,40465000,387467000,859345000,None,157973000,60000,596322000,20961000,52192000,20598000,237971000,345294000,387000,387000,40192000,86082000,1021564000,64929000,805522000,146984000,538544000,21212000,56893000,138061000,None,None,None,None,None,None,None,None,None,None,None,None,None,None,None,None,None,None,None,None,None,61000000,USD,-4883000,14865000,-5029000,None,-81000,-81000,None,-15314000,21842000,6901000,5035000,None,1671000,-10862000,None,-8209000,-9611000,1825000,247000,None,None,None,24.72,22.14
10,2017-12-31,USD,157404000,23516000,94600000,19786000,18378000,36227000,10585000,0,45575000,53000,21005000,None,40874000,-2349000,-360000,None,None,None,0,0,0,9295000,2063000,0,14882000,36227000,None,USD,1180109000,63249000,None,17879000,373539000,806461000,None,194629000,60000,583887000,11797000,51175000,126152000,231070000,334221000,401000,401000,9409000,84025000,969932000,62410000,753684000,170365000,503016000,21064000,47602000,126095000,None,None,None,None,None,None,None,None,None,None,None,None,None,None,None,None,None,None,None,None,None,61000000,USD,-44993000,13399000,-45482000,None,69000,-7172000,None,-2480000,36227000,-13768000,72148000,None,1699000,-7241000,None,5364000,-23125000,6806000,611000,None,None,None,22.27,24.72
11,2017-09-30,USD,115510000,93014000,70544000,42093000,22496000,21364000,8631000,0,25133000,33000,19597000,None,22496000,-7081000,-137000,None,None,None,0,0,0,3736000,2637000,0,21397000,21364000,None,USD,1109138000,62200000,None,22741000,356293000,752790000,None,192803000,60000,530149000,6162000,47984000,117310000,244838000,322671000,393000,393000,-8102000,81705000,910123000,53243000,700911000,114820000,477612000,20786000,50112000,116998000,None,None,None,None,None,None,None,None,None,None,None,None,None,None,None,None,None,None,None,None,None,60000000,USD,7256000,5112000,6601000,None,792000,792000,7256000,22331000,21364000,47198000,36081000,None,2912000,-7241000,None,-5470000,-10489000,513000,102000,None,None,None,21.61,22.27
12,2017-06-30,USD,137961000,116239000,79727000,42542000,-309000,21661000,8026000,0,27086000,42000,23217000,None,30361000,-57052000,144000,None,None,None,0,11211000,0,5383000,11943000,0,93191000,21661000,None,USD,1058254000,59460000,None,18313000,334714000,723519000,6689000,168352000,60000,501270000,4466000,47326000,112369000,197640000,302978000,420000,420000,-22859000,80529000,865356000,51266000,674265000,135748000,467995000,20581000,45660000,122714000,None,None,None,None,None,None,None,None,None,None,None,None,None,None,None,None,None,None,None,None,None,61000000,USD,-68202000,51731000,-89553000,88000,-1760000,-7413000,-68114000,-53523000,21661000,-31455000,69813000,None,9375000,-11975000,6322000,-9820000,-1496000,5890000,3711000,None,None,None,16.61,21.61
13,2017-03-31,USD,91303000,504251000,61504000,191690000,126797000,15626000,6093000,0,20055000,-77000,13393000,None,14672000,35407000,394000,None,None,None,0,0,0,4433000,-1431000,0,-34182000,15626000,None,USD,994994000,68310000,None,17611000,305348000,689668000,None,164424000,60000,467952000,3227000,57758000,100284000,182478000,280623000,28921000,28921000,-34517000,79871000,814839000,27885000,631503000,131292000,437656000,20682000,45802000,101598000,None,None,None,None,None,None,None,None,None,None,None,None,None,None,None,None,None,None,None,None,None,61000000,USD,-10215000,5689000,-10066000,88000,-4000000,-3479000,-10215000,-23993000,15626000,-27637000,41109000,None,1688000,-11973000,521000,-4851000,25469000,-2249000,434000,None,None,None,16.93,16.61
14,2016-12-31,USD,99136000,-347280000,69120000,-124279000,-71298000,9970000,8293000,0,11520000,11000,18153000,None,10157000,-8183000,271000,None,None,None,0,0,0,1559000,1362000,0,9960000,9970000,None,USD,984346000,66371000,None,20884000,316460000,667875000,None,177234000,60000,444774000,3473000,55821000,106264000,210115000,291526000,32535000,32535000,-42071000,78933000,799149000,37878000,611530000,118084000,410065000,20639000,40001000,95544000,None,None,None,None,None,None,None,None,None,None,None,None,None,None,None,None,None,None,None,None,None,61000000,USD,-29795000,13405000,-29962000,88000,4666000,-3865000,-29795000,-9920000,9970000,-2169000,54073000,None,1660000,-11973000,3442000,215000,35536000,2387000,434000,None,None,None,18.32,16.93
15,2016-09-30,USD,103543000,87252000,71485000,30518000,16291000,21687000,7697000,0,24694000,0,14227000,None,16291000,0,129000,None,None,None,0,0,0,3011000,0,0,0,21687000,None,USD,1013107000,70434000,None,19378000,329831000,683254000,None,185590000,60000,464512000,3509000,59120000,112360000,212284000,304772000,28343000,28343000,None,81076000,819671000,38467000,None,92223000,455176000,20642000,40610000,104679000,None,None,None,None,None,None,None,None,None,None,None,None,None,None,None,None,None,None,None,None,None,61000000,USD,None,None,-33984000,None,None,401000,-17071000,-21883000,21687000,-16811000,17792000,None,1492000,None,None,-5330000,13030000,446000,267000,None,None,None,22.17,18.32
16,2016-06-30,USD,147668000,323742000,87626000,167726000,102583000,33412000,8595000,0,35816000,1306000,26586000,None,32137000,-22890000,490000,None,None,None,0,11211000,0,1098000,17159000,0,123504000,33412000,None,USD,1004156000,71476000,None,18889000,321471000,674156000,59000,175692000,60000,458693000,3578000,59847000,96908000,229095000,297326000,6833000,6833000,-8467000,79938000,827310000,22822000,613453000,69960000,472965000,20508000,36401000,106833000,None,None,None,None,None,None,None,None,None,None,None,None,None,None,None,None,None,None,None,None,None,61000000,USD,4895000,-39365000,-2454000,88000,-19957000,-6780000,7736000,10001000,33412000,21261000,46737000,None,7084000,-11975000,5441000,-2110000,-53384000,10087000,7887000,None,None,None,17.37,22.17
17,2016-03-31,USD,118793000,100000000,79154000,38000000,18000000,21851000,8369000,0,26995000,1787000,19115000,None,18386000,0,161000,None,None,None,0,0,0,3357000,0,0,0,21851000,None,USD,985501000,71813000,None,17026000,325225000,650487000,None,180616000,59000,440686000,3786000,59754000,100363000,199477000,300841000,31000000,31000000,None,79879000,805000000,22000000,None,82597000,471000000,20535000,35439000,105639000,None,None,None,None,None,None,None,None,None,None,None,None,None,None,None,None,None,None,None,None,None,61000000,USD,None,None,30000000,None,None,-4000000,32000000,1000000,21851000,11000000,36872000,None,2000000,None,None,-1000000,-26000000,None,5222000,None,None,None,21.05,17.37
18,2015-12-31,USD,152772000,0,90513000,0,0,32948000,11890000,0,38861000,785000,20394000,None,40184000,0,384000,None,None,None,0,0,0,5128000,0,0,0,32948000,None,USD,972817000,69051000,None,14849000,345515000,619311000,None,194421000,59000,411011000,2846000,57100000,91131000,188683000,322203000,None,None,None,78357000,None,None,None,114063000,None,20402000,35505000,109392000,None,None,None,None,None,None,None,None,None,None,None,None,None,None,None,None,None,None,None,None,None,61000000,USD,None,None,None,None,None,None,None,None,32948000,None,53561000,None,None,None,None,None,None,None,3271000,None,None,None,22.18,21.05
19,2015-09-30,USD,125092000,0,73945000,0,0,30260000,7710000,0,36070000,1155000,19048000,None,29876000,0,369000,None,None,None,0,0,0,4655000,0,0,0,30260000,None,USD,958275000,68941000,None,23316000,370035000,581067000,None,223958000,58000,387346000,2507000,56643000,91613000,190475000,346936000,None,None,None,77126000,None,None,None,68812000,None,20524000,34815000,104021000,None,None,None,None,None,None,None,None,None,None,None,None,None,None,None,None,None,None,None,None,None,61000000,USD,None,None,1615000,None,None,None,None,None,30260000,None,6872000,None,None,None,None,None,None,None,1935000,None,None,None,17.48,22.18
