,fiscalDateEnding,reportedCurrency_x,totalRevenue,totalOperatingExpense,costOfRevenue,grossProfit,ebit,netIncome_x,researchAndDevelopment,effectOfAccountingCharges,incomeBeforeTax,minorityInterest,sellingGeneralAdministrative,otherNonOperatingIncome,operatingIncome,otherOperatingExpense,interestExpense,taxProvision,interestIncome,netInterestIncome,extraordinaryItems,nonRecurring,otherItems,incomeTaxExpense,totalOtherIncomeExpense,discontinuedOperations,netIncomeFromContinuingOperations,netIncomeApplicableToCommonShares,preferredStockAndOtherAdjustments,reportedCurrency_y,totalAssets,intangibleAssets,earningAssets,otherCurrentAssets,totalLiabilities,totalShareholderEquity,deferredLongTermLiabilities,otherCurrentLiabilities,commonStock,retainedEarnings,otherLiabilities,goodwill,otherAssets,cash,totalCurrentLiabilities,shortTermDebt,currentLongTermDebt,otherShareholderEquity,propertyPlantEquipment,totalCurrentAssets,longTermInvestments,netTangibleAssets,shortTermInvestments,netReceivables,longTermDebt,inventory,accountsPayable,totalPermanentEquity,additionalPaidInCapital,commonStockTotalEquity,preferredStockTotalEquity,retainedEarningsTotalEquity,treasuryStock,accumulatedAmortization,otherNonCurrrentAssets,deferredLongTermAssetCharges,totalNonCurrentAssets,capitalLeaseObligations,totalLongTermDebt,otherNonCurrentLiabilities,totalNonCurrentLiabilities,negativeGoodwill,warrants,preferredStockRedeemable,capitalSurplus,liabilitiesAndShareholderEquity,cashAndShortTermInvestments,accumulatedDepreciation,commonStockSharesOutstanding,reportedCurrency,investments,changeInLiabilities,cashflowFromInvestment,otherCashflowFromInvestment,netBorrowings,cashflowFromFinancing,otherCashflowFromFinancing,changeInOperatingActivities,netIncome_y,changeInCash,operatingCashflow,otherOperatingCashflow,depreciation,dividendPayout,stockSaleAndPurchase,changeInInventory,changeInAccountReceivables,changeInNetIncome,capitalExpenditures,changeInReceivables,changeInExchangeRate,changeInCashAndCashEquivalents,clossingVal,nextClossingVal
0,2020-06-30,USD,822900000,275100000,225100000,466100000,195800000,136400000,55100000,None,168400000,1500000,208800000,4800000,191000000,141900000,27400000,32000000,500000,-26900000,None,1000000,None,32000000,3300000,None,136400000,136400000,None,USD,6803100000,1252500000,None,97000000,4544500000,2255100000,226700000,175100000,2900000,-2068100000,357700000,2592900000,435700000,744200000,1345700000,567300000,565500000,-61900000,456200000,1982800000,None,-1590300000,None,728000000,2731300000,413600000,603300000,None,None,2900000,None,-2068100000,-1479500000,None,518700000,None,4820300000,17900000,2749200000,222900000,3198800000,None,None,None,5861700000,6803100000,744200000,None,None,USD,-36300000,83800000,-36300000,127600000,-509700000,-241700000,-221700000,118900000,136200000,-55000000,223000000,44700000,93600000,None,16400000,-14700000,-130200000,9600000,23600000,-130200000,-600000,-55600000,57.0,
1,2020-03-31,USD,756100000,239400000,223300000,395800000,150200000,94800000,49300000,None,118900000,1500000,177100000,-6200000,156400000,147100000,31300000,24100000,1300000,-30000000,None,2900000,None,24100000,-10400000,None,94800000,94800000,None,USD,6821800000,1328800000,None,138300000,4730600000,2086100000,250900000,172600000,2900000,-2206000000,392800000,2592000000,436500000,799800000,1480900000,807900000,806100000,-58900000,445300000,1936600000,None,-1834700000,None,597200000,2749300000,401300000,500400000,None,None,2900000,None,-2206000000,-1479500000,None,519100000,None,4885200000,18400000,2767700000,231100000,3249700000,None,None,None,5827600000,6821800000,799800000,None,265000000,USD,78300000,-4600000,78300000,-46200000,740200000,222600000,-1000000,-343200000,94900000,418600000,117700000,-343700000,93700000,None,-249700000,-18400000,-17900000,313700000,18200000,-17900000,-300000,418300000,35.1,57.0
2,2019-12-31,USD,850500000,309000000,301100000,433800000,130200000,385800000,61200000,None,97400000,300000,233400000,5400000,124800000,124700000,32800000,-288400000,2100000,-30700000,None,5300000,None,-288400000,-2000000,None,385800000,385800000,None,USD,6311900000,1367000000,None,464400000,4054200000,2250800000,21000000,156200000,2900000,-2302300000,150400000,2594200000,161100000,370800000,1043300000,304000000,302200000,-28700000,452000000,1637600000,10400000,-1710400000,None,581800000,2769400000,380800000,505200000,None,None,2900000,None,-2302300000,-1170900000,None,261100000,None,4674300000,18800000,2788200000,201700000,3010900000,None,None,None,5749800000,6311900000,360100000,None,270000000,USD,-45700000,-88300000,-45700000,-31900000,6200000,-289900000,-27500000,-25200000,385800000,-221700000,113900000,-1600000,94400000,None,-62200000,-14900000,17600000,-279100000,11400000,17600000,1400000,-220300000,52.21,35.1
3,2019-09-30,USD,865900000,914300000,616400000,249500000,25500000,-123500000,60400000,None,-122700000,6900000,225600000,None,-48400000,None,34800000,800000,1300000,-33500000,None,None,None,800000,-40800000,None,-123500000,-123500000,None,USD,6442100000,1459800000,None,97200000,4326400000,2115700000,None,235600000,2900000,-2688700000,419800000,2563700000,95800000,601800000,1070100000,271400000,271400000,-42300000,470900000,1793100000,54100000,-1907800000,None,648700000,2783600000,444900000,186500000,None,None,None,None,None,-926000000,None,38700000,None,4649000000,21000000,2802800000,11700000,3256300000,None,None,None,5769800000,None,601800000,None,269000000,USD,-80800000,35900000,-80800000,-30000000,-400000,9200000,-3900000,37200000,-123500000,173900000,247700000,None,113400000,None,0,18700000,-66800000,224500000,31400000,None,None,None,50.49,52.21
4,2019-06-30,USD,852400000,299500000,314400000,444800000,149400000,93900000,61400000,None,114300000,6900000,223500000,4100000,145300000,105100000,35100000,20400000,1200000,-33900000,None,2700000,None,20400000,200000,None,93900000,93900000,None,USD,6522400000,1787900000,None,109200000,4305900000,2216500000,328600000,170600000,2900000,-2565200000,479500000,2566400000,106400000,427900000,1015200000,263800000,262000000,-34200000,469800000,1591800000,100000,-2137800000,None,586800000,2791600000,467900000,580800000,None,None,2900000,None,-2565200000,-926000000,None,106500000,None,4930600000,19600000,2811200000,150900000,3290700000,None,None,None,5739000000,6522400000,427900000,None,271000000,USD,-32800000,14800000,-32800000,-18000000,-58500000,-104500000,-3100000,21900000,93900000,26400000,163700000,-4600000,115500000,None,-42900000,-27700000,-28300000,100000,14800000,-28300000,None,26900000,48.02,50.49
5,2019-03-31,USD,818400000,365600000,313300000,42400000,-318900000,-272600000,57300000,None,-353700000,6900000,223400000,4300000,-323200000,476800000,34800000,-81100000,800000,-34000000,None,70800000,None,-81100000,-67300000,None,-272600000,-272600000,None,USD,6525300000,1874900000,None,109100000,4365500000,2159800000,352400000,173500000,2900000,-2659100000,500500000,2564500000,104100000,401000000,1045200000,312400000,310700000,-30500000,469700000,1511000000,1100000,-2279600000,None,557500000,2799700000,443400000,559300000,None,None,2900000,None,-2659100000,-876000000,None,105200000,None,5014300000,20100000,2819800000,148100000,3320300000,None,None,None,5722500000,6525300000,401000000,None,269000000,USD,-3000000,-25400000,-36400000,-19900000,-18400000,-8000000,-1800000,-28200000,-272600000,89100000,133500000,-18900000,119400000,None,12200000,-26100000,18200000,338900000,13500000,18200000,800000,89900000,48.4,48.02
6,2018-12-31,USD,830700000,293600000,313100000,434100000,140400000,98600000,53200000,None,104300000,None,224600000,-100000,140500000,97600000,36100000,None,None,None,-5000000,1700000,None,5700000,-39700000,None,98600000,98600000,None,USD,6931500000,2402200000,None,93600000,4537100000,2394400000,474600000,167100000,2900000,-2386500000,631000000,2562900000,91900000,311100000,1077700000,321100000,319400000,-31900000,472600000,1401900000,None,-2570700000,None,578600000,2807900000,418600000,589500000,None,None,2900000,None,-2386500000,-876000000,None,91900000,None,5529600000,20500000,2828400000,156400000,3459400000,None,None,None,5685900000,6931500000,311100000,None,272000000,USD,-3000000,-64300000,-130700000,-121200000,-183100000,-328200000,-11600000,-53400000,98600000,-354300000,104600000,200000,121000000,None,-133500000,-27900000,400000,-23400000,9500000,400000,-1300000,-355600000,41.1,48.4
7,2018-09-30,USD,813500000,322000000,392400000,421100000,105600000,50500000,-384700000,0,71300000,0,-1203700000,6500000,99100000,900000,34300000,None,None,None,0,-789100000,0,20800000,-66400000,0,50500000,50500000,None,USD,7230900000,2398600000,None,93200000,4802100000,2428800000,516400000,172900000,2900000,-2494000000,638500000,2533200000,87200000,666700000,1402600000,601400000,599700000,-25500000,478200000,1723200000,10500000,-2503000000,0,579200000,2704600000,384100000,628300000,0,0,2900000,0,-2494000000,-725900000,None,97700000,None,5507700000,20900000,2725500000,157600000,3399500000,None,None,None,5671300000,7230900000,666700000,None,275000000,USD,6000000,80700000,-107500000,-93000000,-256900000,-27900000,308400000,57900000,50500000,97000000,232400000,8000000,121000000,0,-79400000,-11300000,-24400000,7900000,20500000,-24400000,-5700000,91300000,40.98,41.1
8,2018-06-30,USD,824000000,302900000,388000000,436000000,139800000,112900000,54400000,0,105300000,0,227400000,6700000,133100000,15300000,34500000,None,None,None,0,5800000,0,-7600000,-33600000,0,112900000,112900000,None,USD,7091400000,2449000000,None,97800000,4641900000,2449500000,513800000,176100000,2900000,-2544500000,663400000,2493400000,89100000,575400000,1235200000,526900000,525200000,-18600000,461500000,1595400000,3000000,-2492900000,0,551700000,2721900000,370500000,532200000,0,0,2900000,0,-2544500000,-637400000,None,92100000,None,5496000000,21400000,2743300000,149600000,3406700000,None,None,None,5647100000,7091400000,575400000,None,276000000,USD,-3000000,29500000,-26400000,-13100000,-148500000,-241500000,-4200000,23300000,112900000,-33900000,234000000,17300000,122400000,0,-88800000,-11800000,-16300000,-20000000,13300000,-16300000,-4900000,-38800000,39.75,40.98
9,2018-03-31,USD,789300000,1019300000,374200000,415100000,-652100000,-681400000,56800000,0,-691000000,0,214300000,-47900000,-604200000,14700000,38900000,None,None,None,0,733500000,0,-9600000,-820300000,0,-681400000,-681400000,None,USD,7234400000,2544000000,None,114900000,4788800000,2445600000,562600000,172500000,2900000,-2657400000,728200000,2498200000,88400000,614200000,1299600000,613200000,611500000,-600000,468600000,1635200000,None,-2596600000,0,544200000,2739200000,361900000,513900000,0,0,2900000,0,-2657400000,-556600000,None,88400000,None,5599200000,21800000,2761000000,165600000,3489200000,None,None,None,5657300000,7234400000,614200000,None,277000000,USD,-6000000,-65200000,-35100000,-14700000,-29900000,-115100000,-1300000,-75500000,-681400000,-52800000,97400000,-42000000,122000000,0,-83900000,-4200000,8900000,759300000,14400000,8900000,2600000,-50200000,37.36,39.75
10,2017-12-31,USD,791100000,290400000,366600000,424500000,136800000,406700000,54800000,0,95800000,0,217400000,2700000,134100000,14400000,41000000,None,None,None,0,3800000,0,-310900000,-42100000,0,406700000,406700000,None,USD,8048300000,2681300000,None,67800000,4854300000,3194000000,605200000,163200000,2900000,-1976000000,178000000,3176700000,5942800000,664400000,1309900000,573700000,572100000,-11700000,467100000,1638400000,None,-2664000000,0,548000000,2757700000,358200000,573000000,0,0,2900000,0,-1976000000,-450100000,None,84800000,None,6409900000,22300000,2780000000,159200000,3544400000,None,None,None,5628900000,8048300000,664400000,None,281000000,USD,100000,31200000,-26200000,-16100000,-15500000,-20300000,-14300000,43900000,406700000,122600000,169100000,3100000,129900000,0,9500000,-23300000,-6400000,-372100000,10200000,-6400000,1200000,123800000,42.75,37.36
11,2017-09-30,USD,802900000,308500000,385000000,417900000,108500000,82700000,-405100000,0,72300000,0,-1110100000,-900000,109400000,789800000,36200000,None,None,None,0,-24100000,0,-10400000,665400000,0,82700000,82700000,None,USD,7979600000,2741600000,None,72900000,5194900000,2784700000,994400000,171200000,2900000,-2382700000,126900000,3171200000,6009800000,540600000,1865500000,1152400000,1150800000,-16200000,491200000,1478600000,4200000,-3128100000,0,533500000,2172100000,331600000,541900000,0,0,2900000,0,-2382700000,-450100000,None,97000000,None,6501000000,22700000,2194800000,140200000,3329400000,None,None,None,5630800000,7979600000,540600000,None,286000000,USD,87100000,-26900000,-107800000,-85800000,85300000,-110600000,-2300000,-20200000,82700000,-51800000,166600000,-901900000,131000000,0,-193600000,8600000,-41500000,884900000,22000000,-11800000,4000000,-47800000,36.69,42.75
12,2017-06-30,USD,806100000,294600000,396500000,409600000,113600000,59500000,62500000,0,74500000,0,210900000,-1400000,115000000,15200000,39100000,None,None,None,0,6000000,0,15000000,0,0,59500000,59500000,None,USD,8118000000,2835800000,None,70300000,5252400000,2865600000,1052000000,182200000,2900000,-2465400000,176800000,3165000000,6096500000,588400000,1812800000,1014900000,3245700000,-27400000,485500000,1536000000,None,-3135200000,0,520300000,2207600000,357000000,615700000,0,0,2900000,0,-2465400000,-250000000,None,95700000,None,6582000000,23200000,2230800000,156800000,3439600000,None,None,None,5605500000,8118000000,588400000,None,288000000,USD,5300000,-546300000,-30200000,-24200000,-127300000,-113100000,-1700000,-536900000,59500000,-555000000,-411700000,-5300000,130300000,0,15900000,8800000,29700000,-1000000,11300000,-57700000,8800000,-546200000,45.38,36.69
13,2017-03-31,USD,715400000,-611100000,326700000,388700000,1005100000,526800000,55400000,0,967600000,0,220800000,5300000,999800000,-888900000,37500000,None,None,None,0,1600000,0,440800000,0,0,526800000,526800000,None,USD,8706600000,2923900000,None,71300000,5909500000,2797100000,1123300000,158100000,2900000,-2524900000,177400000,3155300000,6172100000,1134600000,2375400000,1051000000,1051000000,-40200000,482700000,2051800000,None,-3282100000,5200000,456700000,2233800000,384000000,1166300000,0,0,2900000,0,-2524900000,-250000000,None,92900000,None,6654800000,23600000,2257400000,153400000,3534100000,None,None,None,5609300000,8706600000,1139800000,None,286000000,USD,81400000,551900000,449000000,380600000,-57300000,-45100000,-1200000,14600000,526800000,487700000,83800000,14600000,107700000,0,13400000,-8300000,28000000,-1115400000,13000000,6500000,900000,488600000,42.55,45.38
14,2016-12-31,USD,734400000,258800000,329600000,404800000,156500000,86500000,54400000,0,116100000,0,179800000,10500000,146000000,21400000,40400000,None,None,None,0,3200000,0,29600000,0,0,86500000,86500000,None,USD,7337800000,2005700000,None,1013900000,5109200000,2228600000,974100000,145800000,2900000,-3051700000,244000000,2474500000,4567100000,646000000,1290700000,707300000,707300000,-42800000,432600000,2338100000,None,-2251600000,0,419900000,2615600000,258300000,437600000,0,0,2900000,0,-3051700000,-250000000,None,86900000,None,4999700000,None,2615600000,228800000,3818500000,None,None,None,5570200000,7337800000,646000000,None,284000000,USD,400000,-17700000,-25200000,-14100000,-37200000,-40400000,-16400000,-18200000,86500000,104000000,169600000,-18200000,129600000,0,13200000,-20700000,21500000,-11400000,11500000,21500000,-6400000,97600000,40.12,42.55
15,2016-09-30,USD,726900000,259100000,320700000,406100000,140800000,92100000,-401700000,0,107500000,0,-926200000,-6200000,150200000,-157000000,194300000,None,None,None,0,-18100000,0,-153600000,-156000000,0,261200000,92100000,None,USD,7317000000,2643400000,None,16900000,5174300000,2142700000,998500000,161400000,2900000,-3138200000,205600000,2803100000,5530200000,548400000,901900000,296000000,296000000,-32300000,460200000,1326600000,3500000,-3303800000,0,447000000,3049400000,274700000,156900000,0,0,2900000,0,-3138200000,-250000000,None,83700000,None,5990400000,None,3049400000,224500000,4272400000,None,None,None,5560300000,7317000000,548400000,None,286000000,USD,36300000,35200000,-32300000,-10200000,18800000,-87500000,1800000,40700000,92100000,106900000,226700000,14100000,127900000,0,0,5500000,-31800000,-29800000,20300000,-21000000,None,106900000,38.83,40.12
16,2016-06-30,USD,717400000,253700000,324300000,393100000,139600000,84900000,58800000,0,101200000,0,171500000,200000,141300000,21900000,-39100000,None,None,None,0,1500000,0,16300000,0,0,84800000,84900000,None,USD,7306700000,2737200000,None,19700000,5264000000,2042700000,1047900000,158500000,2800000,-3230300000,233900000,2804700000,5635200000,441500000,910800000,333400000,333400000,-33300000,451500000,1220000000,None,-3499200000,0,426200000,3088800000,280500000,131200000,0,0,2800000,0,-3230300000,-250000000,None,93300000,None,6086700000,None,3088800000,216500000,4353200000,None,None,None,5553500000,7306700000,441500000,None,282000000,USD,400000,55800000,-21600000,0,18700000,-98600000,1300000,-2700000,84900000,125200000,246100000,-2700000,133600000,0,385900000,4400000,10800000,-26100000,7600000,-3800000,-700000,125200000,34.6,38.83
17,2016-03-31,USD,693300000,248900000,308300000,385000000,136300000,68900000,59100000,0,91900000,0,163200000,200000,136100000,22800000,-39100000,None,None,None,0,3800000,0,23000000,0,0,68900000,68900000,None,USD,7286300000,2837500000,None,18200000,5241900000,2044400000,1090300000,150900000,2800000,-3315200000,231900000,2806400000,5739600000,316300000,841000000,307700000,307700000,-29200000,454100000,1092600000,None,-3599500000,0,422600000,3098000000,285100000,118500000,0,0,2800000,0,-3315200000,-148800000,None,95700000,None,6193700000,None,3098000000,212600000,4400900000,None,None,None,5534800000,7286300000,316300000,None,288000000,USD,5200000,7000000,-26800000,5200000,18700000,-458000000,800000,-25600000,68900000,-334000000,150100000,-25600000,126900000,0,-147000000,1300000,0,-17100000,10300000,-11300000,700000,-334000000,34.5,34.6
18,2015-12-31,USD,695200000,253000000,316100000,379100000,153900000,84900000,51700000,0,114700000,0,176400000,27800000,134600000,22600000,39200000,None,None,None,0,2300000,0,29800000,0,0,84900000,84900000,None,USD,7679500000,2926700000,None,40500000,5513200000,2166300000,1151900000,156900000,2800000,-3384100000,227100000,2806900000,5837300000,650300000,915400000,393300000,None,-25900000,454500000,1387700000,None,-3567300000,0,410500000,3239100000,286400000,112000000,0,0,2800000,0,-3384100000,0,None,103700000,None,6291800000,None,3239100000,206800000,4597800000,None,None,None,5573500000,7679500000,650300000,None,292000000,USD,31100000,-19900000,12300000,0,18800000,-15600000,7100000,None,84900000,161000000,164300000,14000000,129100000,0,11100000,-3600000,4300000,-44500000,9100000,4300000,-2000000,159000000,38.69,34.5
19,2015-09-30,USD,702800000,253600000,323400000,379400000,76800000,25200000,-376200000,0,25600000,0,-821000000,-49000000,125800000,-193000000,51200000,None,None,None,0,-50400000,0,-35000000,-306400000,0,60600000,25200000,None,USD,7670100000,3023200000,None,21700000,5590900000,2079200000,1198000000,163100000,2800000,-3469000000,186500000,2808200000,5946600000,491300000,944000000,391800000,391200000,-14500000,457100000,1266400000,31200000,-3752200000,1400000,416100000,3248000000,283100000,117000000,0,0,2800000,0,-3469000000,0,None,115200000,None,6403700000,None,3248000000,200900000,4646900000,None,None,None,5559900000,7670100000,491300000,None,290000000,USD,10000000,52600000,-29300000,30200000,2878300000,-593200000,21400000,42600000,25100000,-390000000,232500000,3000000,136600000,0,19600000,11000000,-30300000,38000000,20200000,-33800000,-3700000,-393700000,39.13,38.69
