,fiscalDateEnding,reportedCurrency_x,totalRevenue,totalOperatingExpense,costOfRevenue,grossProfit,ebit,netIncome_x,researchAndDevelopment,effectOfAccountingCharges,incomeBeforeTax,minorityInterest,sellingGeneralAdministrative,otherNonOperatingIncome,operatingIncome,otherOperatingExpense,interestExpense,taxProvision,interestIncome,netInterestIncome,extraordinaryItems,nonRecurring,otherItems,incomeTaxExpense,totalOtherIncomeExpense,discontinuedOperations,netIncomeFromContinuingOperations,netIncomeApplicableToCommonShares,preferredStockAndOtherAdjustments,reportedCurrency_y,totalAssets,intangibleAssets,earningAssets,otherCurrentAssets,totalLiabilities,totalShareholderEquity,deferredLongTermLiabilities,otherCurrentLiabilities,commonStock,retainedEarnings,otherLiabilities,goodwill,otherAssets,cash,totalCurrentLiabilities,shortTermDebt,currentLongTermDebt,otherShareholderEquity,propertyPlantEquipment,totalCurrentAssets,longTermInvestments,netTangibleAssets,shortTermInvestments,netReceivables,longTermDebt,inventory,accountsPayable,totalPermanentEquity,additionalPaidInCapital,commonStockTotalEquity,preferredStockTotalEquity,retainedEarningsTotalEquity,treasuryStock,accumulatedAmortization,otherNonCurrrentAssets,deferredLongTermAssetCharges,totalNonCurrentAssets,capitalLeaseObligations,totalLongTermDebt,otherNonCurrentLiabilities,totalNonCurrentLiabilities,negativeGoodwill,warrants,preferredStockRedeemable,capitalSurplus,liabilitiesAndShareholderEquity,cashAndShortTermInvestments,accumulatedDepreciation,commonStockSharesOutstanding,reportedCurrency,investments,changeInLiabilities,cashflowFromInvestment,otherCashflowFromInvestment,netBorrowings,cashflowFromFinancing,otherCashflowFromFinancing,changeInOperatingActivities,netIncome_y,changeInCash,operatingCashflow,otherOperatingCashflow,depreciation,dividendPayout,stockSaleAndPurchase,changeInInventory,changeInAccountReceivables,changeInNetIncome,capitalExpenditures,changeInReceivables,changeInExchangeRate,changeInCashAndCashEquivalents,clossingVal,nextClossingVal
0,2020-06-30,USD,162249000,80172000,None,162249000,82077000,62827000,None,None,82077000,None,80172000,None,82077000,24503000,22931000,19250000,171598000,148667000,None,None,None,19250000,None,None,62827000,62827000,None,USD,16895406000,33569000,3268614000,None,14403260000,2492146000,None,13177936000,1652000,932856000,109283000,973025000,11929640000,1215656000,13177936000,None,None,39007000,285790000,12933059000,2318279000,1485552000,2238005000,11717403000,369939000,None,161095000,None,None,1652000,None,932856000,None,None,277351000,None,74333000,None,369939000,855385000,1225324000,None,None,None,1518631000,16895406000,1215656000,None,165206039,USD,-649121000,22616000,-647322000,3533000,-384030000,1257523000,1663022000,12752000,62827000,644221000,34020000,45008000,10342000,-21469000,None,None,None,-13967000,1734000,-29979000,None,644221000,15.38,
1,2020-03-31,USD,75829000,78249000,None,75829000,-2420000,507000,None,None,-2420000,None,78249000,None,-2420000,23784000,32450000,-2927000,172175000,139725000,None,None,None,-2927000,None,None,507000,507000,None,USD,15531732000,35055000,2522235000,None,13101461000,2430271000,None,11514914000,1651000,891498000,80305000,973025000,11405076000,571435000,11514914000,None,None,20971000,289999000,11727494000,2148295000,1422191000,2098000000,11156059000,369748000,None,138479000,None,None,1651000,None,891498000,None,None,280754000,None,77110000,None,369748000,1216799000,1586547000,None,None,None,1516151000,15531732000,571435000,None,165147899,USD,-131327000,36069000,-515911000,-380039000,308154000,499642000,236531000,37512000,507000,80834000,97103000,121000,8686000,-21608000,-23435000,None,-4979000,57206000,4545000,-4979000,None,80834000,11.99,15.38
2,2019-12-31,USD,167812000,71342000,None,167812000,96470000,73262000,None,None,96470000,None,71342000,None,96470000,18533000,35349000,23208000,175132000,139783000,None,None,None,23208000,None,None,73262000,73262000,None,USD,15032047000,36572000,2405525000,132586000,12520516000,2511531000,None,11283383000,1664000,956555000,47404000,958408000,11017449000,490601000,11283383000,146439000,146439000,16221000,289246000,490601000,12896512000,1516551000,2083838000,45086000,369557000,9590000,102410000,None,None,1664000,None,956555000,None,None,316407000,None,44301000,None,369557000,867576000,1237133000,None,None,None,1537091000,15032047000,490601000,None,166373346,USD,-101163000,-14165000,-84139000,22863000,-128315000,72695000,231013000,-21319000,73262000,48305000,59749000,56975000,9318000,-21687000,-8316000,None,2471000,5150000,5839000,2471000,None,48305000,19.66,11.99
3,2019-09-30,USD,167726000,67764000,None,167726000,99962000,72763000,None,None,99962000,None,67764000,None,99962000,13538000,39105000,27199000,182082000,142977000,None,None,None,27199000,None,None,72763000,72763000,None,USD,14901935000,38136000,2359962000,1650000,12432546000,2469389000,None,11097370000,1669000,904980000,56667000,958408000,10822728000,442296000,11097370000,None,None,19882000,286605000,2531454000,10715199000,1472845000,2087508000,47557000,369363000,9086000,117332000,None,None,1669000,None,904980000,None,None,318697000,None,53436000,None,369363000,965813000,1335176000,None,None,None,1542858000,14901935000,2529804000,None,166859789,USD,263570000,11215000,292886000,33088000,-143507000,-475993000,-299946000,7213000,72763000,-115006000,68101000,60299000,9040000,-21747000,-10793000,None,1435000,-13888000,3772000,1435000,None,-115006000,18.8,19.66
4,2019-06-30,USD,162728000,67624000,None,162728000,95104000,72164000,None,None,95104000,None,67624000,None,95104000,15862000,40300000,22940000,181287000,140987000,None,None,None,22940000,None,None,72164000,72164000,None,USD,15287575000,39723000,2428571000,1075000,12866169000,2421406000,None,11347316000,1675000,853964000,49724000,958408000,58517000,557302000,11347316000,128047000,128047000,14768000,292555000,13559379000,48992000,1423275000,2053939000,10947063000,369170000,14681000,107695000,None,None,1675000,None,853964000,None,None,330001000,None,58517000,None,369170000,1149683000,1518853000,None,None,None,1550999000,15287575000,2611241000,None,167465975,USD,-78910000,-17114000,-74909000,6433000,-215426000,29922000,279864000,-40783000,72164000,-5168000,39819000,39255000,8718000,-21829000,-12687000,None,1296000,7664000,2432000,1296000,None,-5168000,19.26,18.8
5,2019-03-31,USD,163142000,69057000,None,163142000,94085000,71350000,None,None,94085000,None,69057000,None,94085000,16480000,40017000,22735000,179487000,139470000,None,None,None,22735000,-897000,None,71350000,71350000,None,USD,15179501000,41310000,2436266000,1700000,12818017000,2361484000,None,11067452000,1682000,803629000,62832000,958408000,11176077000,562470000,11067452000,142615000,142615000,-4821000,293478000,13449871000,50288000,1361766000,2013123000,10872578000,368979000,15413000,124172000,None,None,1682000,None,803629000,None,None,322085000,None,64061000,None,368979000,1381586000,1750565000,None,None,None,1560994000,15179501000,2575593000,None,168172838,USD,82315000,10275000,87818000,8358000,-358658000,-263033000,167674000,18013000,71350000,-95469000,79746000,70033000,8294000,-20364000,-51685000,None,-1343000,-7513000,2855000,-1343000,None,-95469000,17.57,19.26
6,2018-12-31,USD,163789000,71272000,37498000,163789000,92517000,71030000,0,0,92517000,0,71272000,None,92517000,15393000,90214000,None,None,None,0,0,0,21487000,-6483000,0,71030000,71030000,None,USD,15302438000,42896000,None,325000,12952552000,2349886000,None,10899778000,1707000,752184000,59021000,958408000,11278993000,657939000,10899778000,142998000,142998000,-13815000,246497000,13407214000,241721000,1348582000,1785862000,10963088000,368790000,13733000,10899778000,None,None,1707000,None,752184000,None,None,332427000,None,73275000,None,368790000,1683984000,2052774000,None,None,None,1609810000,15302438000,2443801000,None,170720072,USD,-224675000,-4469000,-224326000,3229000,110075000,303460000,275040000,10597000,71030000,125882000,46748000,76662000,8221000,-20746000,-60909000,None,None,-33630000,2880000,-36000,None,125882000,16.34,17.57
7,2018-09-30,USD,171757000,66123000,34141000,171757000,105634000,80284000,0,0,105634000,0,66123000,None,105634000,15535000,6192000,None,None,None,0,0,0,25350000,0,0,80284000,80284000,None,USD,14912738000,44484000,None,500000,12571712000,2341026000,0,10624738000,1741000,701900000,59998000,958408000,10963120000,532057000,10624738000,20000000,20000000,-30721000,247159000,12999611000,248175000,1338134000,1744430000,10722624000,368596000,13912000,10624738000,0,0,1741000,0,701900000,0,None,335353000,None,79548000,None,368596000,1578378000,1946974000,None,None,None,1668106000,14912738000,2276487000,None,174134811,USD,50793000,14535000,64960000,15815000,56297000,-103778000,-111295000,19473000,80284000,36314000,75132000,53201000,8545000,-20924000,-27856000,4380000,0,2078000,1648000,-3227000,None,36314000,21.9,16.34
8,2018-06-30,USD,163563000,63228000,30671000,163563000,100335000,76025000,0,0,100335000,0,63228000,None,100335000,15752000,3182000,None,None,None,0,0,0,24310000,0,0,76025000,76025000,None,USD,14924120000,46101000,None,500000,12610107000,2314013000,0,10736033000,1745000,642540000,48740000,956418000,11031381000,495743000,10736033000,135000000,135000000,-23609000,252487000,13001401000,250083000,1311494000,1718704000,10786454000,368403000,17856000,10736033000,0,0,1745000,0,642540000,0,None,339195000,None,78435000,None,368403000,1505671000,1874074000,None,None,None,1693337000,14924120000,2214447000,None,174510874,USD,-217018000,1126000,-588946000,-372447000,184324000,496828000,339418000,-13078000,76025000,-14858000,77260000,61821000,8200000,-19071000,-7843000,4413000,850000,5610000,519000,503000,None,-14858000,22.56,21.9
9,2018-03-31,USD,160414000,63380000,26367000,160414000,97034000,73064000,0,0,97034000,0,63380000,None,97034000,14435000,24767000,None,None,None,0,0,0,23970000,0,0,73064000,73064000,None,USD,14323229000,47726000,None,1825000,12085048000,2238181000,0,10396615000,1736000,585586000,54845000,927949000,3339538000,510601000,10396615000,325200000,325200000,-20282000,255741000,12420968000,259092000,1262506000,1693018000,10215524000,368212000,20134000,10396615000,0,0,1736000,0,585586000,0,None,333425000,None,78328000,None,368212000,1320221000,1688433000,None,None,None,1671141000,14323229000,2203619000,None,173603132,USD,-31870000,12886000,-29583000,6228000,-181601000,-198828000,8113000,4667000,73064000,-125332000,103079000,64845000,8444000,-19126000,-6214000,7614000,347000,16557000,3941000,347000,None,-125332000,22.81,22.56
10,2017-12-31,USD,159335000,63218000,26938000,159335000,96117000,23309000,0,0,96117000,0,63218000,None,96117000,58875000,62713000,None,None,None,0,0,0,72808000,-55428000,0,23309000,23309000,None,USD,14449760000,49351000,None,24109000,12245469000,2204291000,0,10388502000,1736000,530658000,41959000,927949000,3312490000,635933000,10388502000,459279000,459279000,-3421000,256306000,12544481000,270464000,1226991000,1663517000,10220922000,368031000,18867000,10388502000,0,0,1736000,0,530658000,0,None,324645000,None,76564000,None,368031000,1488936000,1856967000,None,None,None,1675318000,14449760000,2299450000,None,173632983,USD,-169994000,4403000,-164895000,5907000,253113000,172692000,-60268000,-68318000,23309000,83613000,75816000,8666000,8912000,-19099000,-1054000,11943000,0,58472000,808000,-4637000,None,83613000,23.25,22.81
11,2017-09-30,USD,93203000,70846000,52167000,93203000,22357000,14821000,0,0,22357000,0,70846000,None,22357000,-5406000,-4199000,None,None,None,0,0,0,7536000,0,0,14821000,14821000,None,USD,14255967000,50982000,None,4545000,12049251000,2206716000,0,10448770000,1737000,526448000,38782000,929129000,3262838000,552320000,10448770000,1561699000,1561699000,3889000,261691000,12307123000,276016000,1226605000,1575685000,10174573000,367835000,21701000,10448770000,0,0,1737000,0,526448000,0,None,309239000,None,121787000,None,367835000,1232646000,1600481000,None,None,None,1674642000,14255967000,2128005000,None,173665904,USD,-149094000,-7074000,42311000,193363000,-98369000,31920000,155685000,-23983000,14821000,91832000,17601000,-2088000,7387000,-15711000,-9685000,6836000,0,20914000,1958000,-1538000,None,91832000,25.22,23.25
12,2017-06-30,USD,131382000,51003000,15898000,131382000,80379000,50097000,0,0,80379000,0,51003000,None,80379000,-8146000,-3847000,None,None,None,0,0,0,30282000,0,0,50097000,50097000,None,USD,10872228000,21019000,None,78245000,9396196000,1476032000,0,7767388000,1431000,527338000,37751000,420941000,2431543000,460488000,7767388000,1591057000,1591057000,6442000,225860000,9615256000,286606000,1034072000,1400431000,7754337000,357838000,18789000,7767388000,0,0,1431000,0,527338000,0,None,234178000,None,68368000,None,357838000,1270970000,1628808000,None,None,None,940821000,10872228000,1860919000,None,143070851,USD,-119286000,-31374000,-106346000,9729000,-48413000,129131000,200181000,-35462000,50097000,43399000,20614000,46009000,6936000,-12901000,-9736000,10488000,0,-925000,3211000,-32000,None,43399000,24.9,25.22
13,2017-03-31,USD,127371000,55141000,13593000,127371000,72230000,46856000,0,0,72230000,0,55141000,None,72230000,3914000,9679000,None,None,None,0,0,0,25374000,0,0,46856000,46856000,None,USD,10717468000,21885000,None,1700000,9275900000,1441568000,0,7567207000,1434000,490142000,69125000,420941000,2299217000,417089000,7567207000,1578833000,1578833000,1010000,230128000,9438713000,309012000,998742000,1250590000,7769334000,60735000,17315000,7567207000,0,0,1434000,0,490142000,0,None,229726000,None,67063000,None,60735000,1647958000,1708693000,None,None,None,948982000,10717468000,1667679000,None,143441824,USD,-173194000,3012000,-126540000,52290000,95831000,264101000,181025000,-1645000,46856000,200440000,62879000,45211000,6398000,-12662000,-93000,5553000,0,8502000,5636000,-244000,None,200440000,27.07,24.9
14,2016-12-31,USD,125332000,47494000,9884000,125332000,77838000,48590000,0,0,77838000,0,47494000,None,77838000,26438000,30306000,None,None,None,0,0,0,29248000,-6565000,0,48590000,48590000,None,USD,9808465000,18311000,None,1550000,8480975000,1327490000,0,6942427000,1405000,455948000,51234000,377983000,2061317000,216649000,6942427000,516011000,516011000,400000,221252000,8598816000,315014000,931196000,1072920000,7307697000,60826000,15951000,6942427000,0,0,1405000,0,455948000,0,None,215791000,None,61298000,None,60826000,1477722000,1538548000,None,None,None,869737000,9808465000,1289569000,None,140472205,USD,-135487000,16742000,-121805000,13409000,-88807000,-11681000,90600000,-535000,48590000,-79511000,53975000,46477000,6596000,-12641000,-833000,0,0,-14400000,273000,-1440000,None,-79511000,27.77,27.07
15,2016-09-30,USD,120131000,51026000,13258000,120131000,69105000,43620000,0,0,69105000,0,51026000,None,69105000,33846000,51000,None,None,None,0,0,0,25485000,0,0,43620000,43620000,None,USD,9764238000,19073000,None,1850000,8468220000,1296018000,0,6840293000,1405000,419999000,37382000,377983000,2205117000,296160000,6840293000,1529719000,1529719000,8304000,225190000,8567200000,304942000,898962000,1233269000,7035921000,60826000,17053000,6840293000,0,0,1405000,0,419999000,0,None,213415000,None,56435000,None,60826000,1567101000,1627927000,None,None,None,866310000,9764238000,1529429000,None,140490011,USD,-109091000,-2685000,-108748000,3264000,-1722000,152773000,166941000,3463000,43620000,110766000,66741000,47083000,6211000,-12635000,189000,0,0,16982000,2921000,-850000,None,110766000,20.81,27.77
16,2016-06-30,USD,117121000,47587000,13141000,117121000,69534000,43509000,0,0,69534000,0,47587000,None,69534000,-22693000,-7005000,None,None,None,0,0,0,26025000,0,0,43509000,43509000,None,USD,9582126000,19835000,None,525000,8317211000,1264915000,0,6712948000,1404000,389014000,51476000,377983000,2222682000,185394000,6712948000,1491961000,1491961000,10937000,207932000,8355512000,316273000,867097000,1221778000,6947815000,60826000,17778000,6712948000,0,0,1404000,0,389014000,0,None,242978000,None,61613000,None,60826000,1543437000,1604263000,None,None,None,863560000,9582126000,1407172000,None,140381841,USD,-157241000,-21680000,-150966000,5333000,-10834000,157018000,180114000,-7601000,43509000,27322000,21270000,35908000,6656000,-12283000,21000,0,584000,101000,942000,285000,None,27322000,19.79,20.81
17,2016-03-31,USD,111817000,45648000,12904000,111817000,66169000,41427000,0,0,66169000,0,45648000,None,66169000,5677000,7227000,None,None,None,0,0,0,24742000,0,0,41427000,41427000,None,USD,9397451000,20598000,None,7050000,8169669000,1227782000,0,6577519000,702000,357788000,73185000,377983000,2221457000,158072000,6577519000,1458139000,1458139000,6465000,210764000,8152801000,327883000,829201000,1207773000,6779906000,60826000,50802000,6577519000,0,0,702000,0,357788000,0,None,237858000,None,69564000,None,60826000,1531324000,1592150000,None,None,None,862827000,9397451000,1365845000,None,70189877,USD,-221457000,18608000,-219507000,3326000,-6483000,45698000,70417000,-5269000,41427000,-97751000,76058000,36158000,6676000,-10537000,-7699000,8256000,299000,14317000,1376000,299000,None,-97751000,40.95,19.79
18,2015-12-31,USD,108467000,48999000,15380000,108467000,59468000,37433000,0,0,59468000,0,48999000,None,59468000,45516000,16162000,None,None,None,0,0,0,22035000,-3165000,0,37433000,37433000,None,USD,9289122000,21443000,None,1550000,8089365000,1199757000,0,6438509000,701000,326898000,55696000,377983000,2228099000,255823000,6438509000,1595160000,1595160000,4177000,212163000,8036300000,338174000,800331000,1206580000,6572347000,60826000,19140000,6438509000,0,0,701000,0,326898000,0,None,231494000,None,71565000,None,60826000,1590030000,1650856000,None,None,None,867981000,9289122000,1462403000,None,70120502,USD,-232835000,-6925000,-228421000,8392000,696433000,181767000,-504263000,14339000,37433000,27167000,73821000,58571000,7260000,-10519000,116000,0,0,15628000,3978000,-713000,None,27167000,40.52,40.95
19,2015-09-30,USD,100530000,44593000,12668000,100530000,55937000,35741000,0,0,55937000,0,44593000,None,55937000,0,700000,None,None,None,0,0,0,20196000,0,0,35741000,35741000,None,USD,8515553000,18828000,None,None,7424275000,1091278000,0,5953014000,680000,299984000,60141000,322728000,2118646000,228656000,5953014000,None,None,8114000,205505000,7311991000,351926000,749722000,1141405000,5941930000,60826000,20816000,5953014000,0,0,680000,0,299984000,0,None,241500000,None,63075000,None,60826000,1410435000,1471261000,None,None,None,782500000,8515553000,1370061000,None,68000363,USD,-403768000,4088000,-394717000,7934000,-185554000,397662000,593286000,None,35741000,24245000,21300000,8133000,7661000,-10166000,96000,0,0,-82000,1117000,-2530000,None,24245000,40.5,40.52
