,fiscalDateEnding,reportedCurrency_x,totalRevenue,totalOperatingExpense,costOfRevenue,grossProfit,ebit,netIncome_x,researchAndDevelopment,effectOfAccountingCharges,incomeBeforeTax,minorityInterest,sellingGeneralAdministrative,otherNonOperatingIncome,operatingIncome,otherOperatingExpense,interestExpense,taxProvision,interestIncome,netInterestIncome,extraordinaryItems,nonRecurring,otherItems,incomeTaxExpense,totalOtherIncomeExpense,discontinuedOperations,netIncomeFromContinuingOperations,netIncomeApplicableToCommonShares,preferredStockAndOtherAdjustments,reportedCurrency_y,totalAssets,intangibleAssets,earningAssets,otherCurrentAssets,totalLiabilities,totalShareholderEquity,deferredLongTermLiabilities,otherCurrentLiabilities,commonStock,retainedEarnings,otherLiabilities,goodwill,otherAssets,cash,totalCurrentLiabilities,shortTermDebt,currentLongTermDebt,otherShareholderEquity,propertyPlantEquipment,totalCurrentAssets,longTermInvestments,netTangibleAssets,shortTermInvestments,netReceivables,longTermDebt,inventory,accountsPayable,totalPermanentEquity,additionalPaidInCapital,commonStockTotalEquity,preferredStockTotalEquity,retainedEarningsTotalEquity,treasuryStock,accumulatedAmortization,otherNonCurrrentAssets,deferredLongTermAssetCharges,totalNonCurrentAssets,capitalLeaseObligations,totalLongTermDebt,otherNonCurrentLiabilities,totalNonCurrentLiabilities,negativeGoodwill,warrants,preferredStockRedeemable,capitalSurplus,liabilitiesAndShareholderEquity,cashAndShortTermInvestments,accumulatedDepreciation,commonStockSharesOutstanding,reportedCurrency,investments,changeInLiabilities,cashflowFromInvestment,otherCashflowFromInvestment,netBorrowings,cashflowFromFinancing,otherCashflowFromFinancing,changeInOperatingActivities,netIncome_y,changeInCash,operatingCashflow,otherOperatingCashflow,depreciation,dividendPayout,stockSaleAndPurchase,changeInInventory,changeInAccountReceivables,changeInNetIncome,capitalExpenditures,changeInReceivables,changeInExchangeRate,changeInCashAndCashEquivalents,clossingVal,nextClossingVal
0,2020-04-30,USD,538351000,513350000,457256000,81095000,32311000,4079000,None,None,4179000,None,55880000,None,25001000,None,26869000,100000,-30278000,-26869000,None,None,None,None,6047000,None,4079000,4079000,None,USD,1905571000,None,None,None,2400644000,-495793000,None,None,67000,-1231042000,None,None,16052000,232801000,176517000,None,None,None,19453000,1613647000,139347000,None,None,32728000,1795268000,1288497000,123851000,None,None,None,None,None,-115360000,None,111980000,None,291924000,22165000,1795268000,246632000,2224127000,None,None,None,715243000,None,232801000,None,None,USD,-4516000,None,-21319000,-19452000,None,107860000,-12117000,None,4079000,155419000,52075000,None,1263000,None,None,6208000,None,None,1058000,None,None,None,4.7,
1,2020-01-31,USD,494056000,487485000,426873000,67183000,18846000,-9148000,None,None,-7436000,None,60418000,None,6571000,None,25003000,1712000,-33017000,-25003000,None,None,None,1712000,10996000,None,-9148000,-9148000,None,USD,1790003000,None,None,None,2289082000,-499779000,None,None,67000,-1235121000,None,None,19878000,81396000,188188000,None,None,None,19654000,1494320000,135331000,None,None,49188000,1666005000,1295715000,136864000,None,None,None,None,None,-115360000,None,118431000,None,295683000,23306000,1666005000,260932000,2100894000,None,None,None,715336000,None,81396000,None,None,USD,-16803000,None,-16803000,-15994000,None,-65159000,-10637000,None,-9148000,-54318000,27644000,None,1279000,None,None,-6058000,None,None,809000,None,None,None,6.1594,4.7
2,2019-10-31,USD,713590000,657373000,603123000,110467000,23387000,-1807000,None,None,-586000,None,53882000,None,56217000,None,22743000,1221000,-24813000,-22743000,None,None,None,1221000,-34060000,None,-1807000,-1807000,None,USD,1881424000,None,None,None,2371200000,-490463000,None,14078000,67000,-1225973000,None,None,20905000,130976000,163176000,None,None,None,20127000,1534164000,127038000,None,None,44914000,1702656000,1292485000,141667000,None,None,None,None,None,-115360000,None,200095000,None,347260000,None,1702656000,324256000,2208024000,None,None,None,715504000,None,130976000,None,None,USD,1201000,None,-8307000,-4302000,None,47336000,-16065000,None,-1807000,57468000,8931000,None,1230000,None,None,59746000,None,None,867000,None,None,None,4.01,6.1594
3,2019-07-31,USD,482041000,470470000,411330000,70711000,16317000,-7601000,None,None,-7064000,None,58518000,None,11571000,None,22377000,537000,-27562000,-22377000,None,None,None,537000,3742000,None,-7601000,-7601000,None,USD,1795262000,None,None,None,2288333000,-493646000,None,13433000,64000,-1224166000,None,None,16919000,83634000,173536000,None,None,None,20488000,1530990000,134111000,None,None,32536000,1693289000,1354918000,159301000,None,None,None,None,None,-115360000,None,109673000,None,264272000,None,1693289000,241614000,2114797000,None,None,None,710517000,None,83634000,None,None,USD,-5597000,None,-9508000,-6370000,None,20981000,-3982000,None,-7601000,-43805000,-59189000,None,1004000,None,None,-88295000,None,None,1182000,None,None,None,3.09,4.01
4,2019-04-30,USD,440691000,440192000,370837000,69854000,8710000,-15257000,None,None,-14912000,None,60348000,None,9177000,None,22663000,345000,-24089000,-22663000,None,None,None,345000,7252000,None,-15257000,-15257000,None,USD,1755272000,None,None,None,2240317000,-485045000,None,13773000,64000,-1216565000,None,None,17223000,123998000,146302000,None,None,None,20307000,1478324000,135562000,None,None,29154000,1691013000,1268058000,131662000,None,None,None,None,None,-115360000,None,121079000,None,276948000,None,1691013000,237175000,2093449000,None,None,None,711517000,None,123998000,None,None,USD,-7305000,None,-3911000,-1955000,None,138391000,-3368000,None,-32709000,-64389000,-198869000,None,1938000,None,None,-91147000,None,None,1956000,None,None,None,3.75,3.09
5,2019-01-31,USD,380594000,60642000,324347000,56247000,6146000,-17452000,0,None,-17106000,None,60400000,None,-4395000,None,22273000,346000,None,None,None,None,None,346000,9562000,None,-17452000,-17452000,None,USD,1623723000,None,None,None,2094087000,-470364000,None,15824000,1609000,-1201308000,None,None,12827000,113314000,132962000,None,None,None,20329000,1379454000,128858000,None,None,32736000,1636971000,1178373000,116390000,None,None,None,None,None,-115360000,None,244269000,None,95082000,None,1636971000,172140000,1961125000,None,None,None,709396000,None,113314000,None,None,USD,3394000,None,3394000,4413000,None,38959000,-1489000,None,-17452000,-79819000,-122172000,None,979000,None,None,-100912000,None,None,1019000,None,None,None,2.5,3.75
6,2018-10-31,None,1534521000,0,0,0,16510000,37381000,0,0,-1510000,0,0,None,0,0,164086000,None,None,None,0,0,0,835000,0,0,-9920000,-9823000,None,None,1662042000,0,None,None,2115546000,-453504000,0,None,0,-1183856000,None,0,0,0,0,None,None,None,20285000,0,None,None,0,None,0,0,0,0,0,0,0,0,0,None,None,None,None,None,None,None,None,None,None,None,None,None,None,None,None,None,None,None,35501000,0,None,-229429000,None,None,46178000,None,-66822000,None,0,0,0,58801000,0,None,5193000,None,None,None,4.5,2.5
7,2018-07-31,USD,45832000,0,0,0,-34360000,-12189000,0,0,-11237000,0,0,None,0,0,0,None,None,None,0,0,0,859000,0,0,-16145000,-11163000,None,USD,1668488000,0,None,None,2169119000,-500631000,0,None,0,-1230034000,None,0,0,221939000,0,None,None,None,0,0,None,None,0,None,0,0,0,0,0,0,0,0,0,None,None,None,None,None,None,None,None,None,None,None,None,None,None,None,None,USD,None,None,14876000,0,None,-164686000,None,None,-1026000,None,-97571000,None,0,0,0,89361000,0,None,4211000,None,None,None,6.23,4.5
8,2018-04-30,USD,85378000,0,0,0,19190000,51795000,0,0,51364000,0,0,None,0,0,0,None,None,None,0,0,0,-93000,0,0,62050000,51795000,None,USD,1642491000,0,None,None,2142467000,-499976000,0,30997000,0,-1229008000,153429000,0,0,253775000,0,257129000,257129000,None,0,0,None,-499976000,0,70168000,0,0,0,0,0,0,0,0,0,None,None,None,None,None,None,None,None,None,None,None,None,None,None,None,None,USD,-7167000,32357000,32869000,0,-30274000,-175833000,None,-29761000,-9823000,-28513000,-72581000,None,0,0,0,20267000,0,3842000,3208000,None,None,None,7.0,6.23
9,2018-01-31,USD,417166000,0,0,0,-1340000,-30809000,0,0,-30471000,0,0,None,0,0,0,None,None,None,0,0,0,338000,0,0,-35985000,-30809000,None,USD,1645937000,0,None,None,2137126000,-491189000,0,34389000,0,-1219185000,149678000,0,0,282288000,0,52000000,52000000,None,0,0,None,-491189000,0,53816000,0,0,0,0,0,0,0,0,0,None,None,None,None,None,None,None,None,None,None,None,None,None,None,None,None,USD,4971000,-81968000,41051000,0,-145559000,-145559000,None,55188000,-30809000,-187032000,-82524000,None,0,0,0,31063000,0,3001000,1916000,None,None,None,7.9,7.0
10,2017-10-31,USD,1859630000,0,0,0,84920000,342368000,0,0,4929000,0,0,None,0,0,185210000,None,None,None,0,0,0,-286572000,0,0,-19555000,-8205000,None,USD,1900898000,0,None,None,2361269000,-460371000,0,33772000,0,-1188376000,233015000,0,0,469320000,0,52000000,52000000,None,52919000,0,None,-460371000,0,58149000,0,0,0,0,0,0,0,0,0,None,None,None,None,None,None,None,None,None,None,None,None,None,None,None,None,USD,-18392000,-25251000,-27155000,0,-147843000,-147843000,None,33882000,11841000,122555000,297553000,None,0,0,0,-255444000,0,347547000,6478000,None,None,None,7.18,7.9
11,2017-07-31,USD,6100000,0,0,0,-1558000,-323988000,0,0,-42474000,0,0,None,0,0,0,None,None,None,0,0,0,288053000,0,0,-331379000,-317592000,None,USD,1822319000,0,None,None,2293481000,-471162000,0,37853000,0,-1200217000,188076000,0,0,285732000,0,52000000,52000000,None,0,0,None,-471162000,0,38847000,0,0,0,0,0,0,0,0,0,None,None,None,None,None,None,None,None,None,None,None,None,None,None,None,None,USD,-710000,-534000,-22568000,0,-20482000,-183917000,None,8193000,-337209000,4945000,145452000,None,0,0,0,-84901000,0,338452000,5034000,None,None,None,7.1,7.18
12,2017-04-30,USD,33926000,0,0,0,-54252000,-6396000,0,0,-8022000,0,0,None,0,0,0,None,None,None,0,0,0,-1483000,0,0,-28997000,-6253000,None,USD,2133596000,0,None,None,2267499000,-133903000,0,40321000,0,-863008000,213805000,0,0,280787000,0,52000000,52000000,None,0,0,None,-133903000,0,322135000,0,0,0,0,0,0,0,0,0,None,None,None,None,None,None,None,None,None,None,None,None,None,None,None,None,USD,-713000,-3259000,-19761000,0,-8059000,-163435000,None,6331000,-6682000,79007000,117218000,None,0,0,0,-68735000,0,6362000,4500000,None,None,None,7.15,7.1
13,2017-01-31,USD,552009000,0,0,0,22950000,-143000,0,0,323000,0,0,None,0,0,0,None,None,None,0,0,0,466000,0,0,5837000,-143000,None,USD,2145296000,0,None,None,2273576000,-128280000,0,35953000,0,-856326000,210764000,0,0,201780000,0,52000000,52000000,None,0,0,None,-128280000,0,329304000,0,0,0,0,0,0,0,0,0,None,None,None,None,None,None,None,None,None,None,None,None,None,None,None,None,USD,-17349000,-50685000,-15525000,0,-155376000,-155376000,None,87323000,-143000,-144985000,25916000,None,0,0,0,13526000,0,-2195000,560000,None,None,None,8.21,7.15
14,2016-10-31,USD,2035397000,0,0,0,93403000,14302000,0,0,1343000,0,0,None,0,0,182595000,None,None,None,0,0,0,8285000,0,0,-10365000,-2819000,None,USD,2379440000,0,None,None,2507950000,-128510000,0,37429000,0,-856183000,322624000,0,0,346765000,0,52000000,52000000,None,50332000,0,None,-128510000,0,333359000,0,0,0,0,0,0,0,0,0,None,None,None,None,None,None,None,None,None,None,None,None,None,None,None,None,USD,-39701000,6096000,-48978000,0,-245667000,-245667000,None,-11189000,22289000,93020000,387665000,None,0,0,0,-328141000,0,51041000,8007000,None,None,None,4.5,8.21
15,2016-07-31,USD,513478000,0,0,0,0,16448000,0,0,31891000,0,0,None,0,0,0,None,None,None,0,0,0,7731000,0,0,0,0,None,USD,2388841000,0,None,None,2540784000,-151943000,0,None,0,-878472000,None,0,0,190042000,0,None,None,None,0,0,None,None,0,None,0,0,0,0,0,0,0,0,0,None,None,None,None,None,None,None,None,None,None,None,None,None,None,None,None,USD,None,None,-36176000,0,None,-222083000,None,None,-474000,None,194556000,None,0,0,0,-154909000,0,None,5094000,None,None,None,5.1899,4.5
16,2016-04-30,USD,1230328000,0,0,0,0,-8461000,0,0,-30798000,0,0,None,0,0,0,None,None,None,0,0,0,-6164000,0,0,0,0,None,USD,2518627000,0,None,None,2670949000,-152322000,0,None,0,-877998000,None,0,0,129654000,0,None,None,None,0,0,None,None,0,None,0,0,0,0,0,0,0,0,0,None,None,None,None,None,None,None,None,None,None,None,None,None,None,None,None,USD,None,None,-13093000,0,None,-79811000,None,None,-8461000,None,-31187000,None,0,0,0,52908000,0,None,1651000,None,None,None,2.68,5.1899
17,2015-10-31,USD,0,0,0,0,70070000,0,0,0,0,0,0,None,0,0,0,None,None,None,0,0,0,0,0,0,-11931000,-16100000,None,USD,0,0,None,None,0,0,0,44218000,0,0,105856000,0,0,0,0,108875000,108875000,None,0,0,None,-128084000,0,360628000,0,0,0,0,0,0,0,0,0,None,None,None,None,None,None,None,None,None,None,None,None,None,None,None,None,USD,4508000,-2390000,0,0,309910000,0,None,-24127000,0,-8153000,0,None,0,0,0,0,0,19319000,0,None,None,None,6.9499,2.68
