,fiscalDateEnding,reportedCurrency_x,totalRevenue,totalOperatingExpense,costOfRevenue,grossProfit,ebit,netIncome_x,researchAndDevelopment,effectOfAccountingCharges,incomeBeforeTax,minorityInterest,sellingGeneralAdministrative,otherNonOperatingIncome,operatingIncome,otherOperatingExpense,interestExpense,taxProvision,interestIncome,netInterestIncome,extraordinaryItems,nonRecurring,otherItems,incomeTaxExpense,totalOtherIncomeExpense,discontinuedOperations,netIncomeFromContinuingOperations,netIncomeApplicableToCommonShares,preferredStockAndOtherAdjustments,reportedCurrency_y,totalAssets,intangibleAssets,earningAssets,otherCurrentAssets,totalLiabilities,totalShareholderEquity,deferredLongTermLiabilities,otherCurrentLiabilities,commonStock,retainedEarnings,otherLiabilities,goodwill,otherAssets,cash,totalCurrentLiabilities,shortTermDebt,currentLongTermDebt,otherShareholderEquity,propertyPlantEquipment,totalCurrentAssets,longTermInvestments,netTangibleAssets,shortTermInvestments,netReceivables,longTermDebt,inventory,accountsPayable,totalPermanentEquity,additionalPaidInCapital,commonStockTotalEquity,preferredStockTotalEquity,retainedEarningsTotalEquity,treasuryStock,accumulatedAmortization,otherNonCurrrentAssets,deferredLongTermAssetCharges,totalNonCurrentAssets,capitalLeaseObligations,totalLongTermDebt,otherNonCurrentLiabilities,totalNonCurrentLiabilities,negativeGoodwill,warrants,preferredStockRedeemable,capitalSurplus,liabilitiesAndShareholderEquity,cashAndShortTermInvestments,accumulatedDepreciation,commonStockSharesOutstanding,reportedCurrency,investments,changeInLiabilities,cashflowFromInvestment,otherCashflowFromInvestment,netBorrowings,cashflowFromFinancing,otherCashflowFromFinancing,changeInOperatingActivities,netIncome_y,changeInCash,operatingCashflow,otherOperatingCashflow,depreciation,dividendPayout,stockSaleAndPurchase,changeInInventory,changeInAccountReceivables,changeInNetIncome,capitalExpenditures,changeInReceivables,changeInExchangeRate,changeInCashAndCashEquivalents,clossingVal,nextClossingVal
0,2020-06-30,USD,133000,3855000,64000,69000,-3603000,-3361000,1308000,None,-3361000,None,2394000,None,-3722000,None,None,None,None,None,None,None,None,None,361000,None,-3361000,-3361000,None,USD,8704000,638000,None,None,2308000,6396000,None,1000,45000,-112891000,219000,710000,18000,5264000,2027000,None,None,-521000,595000,6743000,None,5048000,None,56000,None,570000,456000,None,None,None,None,None,None,None,18000,None,1961000,216000,None,None,281000,None,None,None,None,None,None,None,None,USD,61000,-661000,61000,None,None,4075000,-166000,111000,-3361000,904000,-3228000,None,119000,None,None,24000,40000,500000,0,None,None,None,0.427,
1,2020-03-31,USD,207000,4209000,101000,106000,-3839000,-4757000,1120000,None,-4757000,None,2862000,None,-4002000,None,None,None,-761000,None,None,None,None,None,-755000,None,-4757000,-4757000,None,USD,8461000,687000,None,None,3252000,5209000,None,None,38000,-109530000,218000,686000,18000,4360000,2617000,None,None,-266000,1195000,5875000,None,3836000,None,110000,None,594000,1111000,None,None,None,None,None,None,None,18000,None,2586000,597000,None,None,635000,None,None,None,114967000,None,4360000,None,31000000,USD,-10000,-710000,-10000,None,None,2652000,-340000,-301000,-4757000,-1099000,-3751000,None,163000,None,2992000,4000,-39000,1889000,10000,None,None,None,0.33,0.427
2,2019-12-31,USD,152000,5777000,308000,-156000,-5523000,-5331000,1599000,None,-5331000,None,3806000,None,-5625000,None,None,None,234000,None,None,None,None,None,294000,None,-5331000,-5331000,None,USD,10347000,582000,None,None,4512000,5835000,None,5000,31000,-104773000,245000,1242000,18000,5459000,3802000,None,None,-902000,1264000,7241000,None,4011000,None,210000,None,598000,1676000,None,None,None,None,None,None,None,18000,None,3106000,637000,None,None,710000,None,None,None,111479000,None,5459000,None,26000000,USD,-509000,-438000,-509000,-416000,None,1490000,-195000,-859000,-5331000,-3560000,-4539000,None,102000,None,1900000,691000,-58000,1354000,93000,None,None,None,0.97,0.33
3,2019-09-30,USD,150000,5886000,89000,61000,-5694000,-5588000,1506000,None,-5588000,None,4291000,None,-5736000,None,None,None,137000,None,None,None,None,None,148000,None,-5588000,-5588000,None,USD,12880000,None,None,None,4058000,8822000,None,83000,26000,-99442000,None,None,341000,9019000,3547000,None,None,-759000,1311000,11228000,None,8822000,None,557000,None,1289000,1714000,None,None,None,None,None,None,None,18000,None,1652000,675000,None,None,511000,None,None,None,108997000,None,9019000,None,26000000,USD,-56000,-1333000,-56000,None,None,0,-195000,432000,-5588000,-5292000,-5246000,None,42000,None,215000,-387000,166000,1422000,56000,None,None,None,1.65,0.97
4,2019-06-30,USD,518000,6332000,212000,306000,-5789000,-186000,2275000,None,-186000,None,3845000,None,-5814000,None,None,None,5615000,None,None,None,None,None,5628000,None,-186000,-186000,None,USD,18197000,None,None,None,5415000,12782000,None,282000,26000,-93854000,None,None,338000,14311000,4861000,None,None,-827000,1330000,16529000,None,12782000,None,723000,None,902000,3047000,None,None,None,None,None,None,None,18000,None,1668000,710000,None,None,554000,None,None,None,107437000,None,14311000,None,26000000,USD,-43000,572000,-43000,None,None,123000,-195000,-218000,-186000,-4345000,-4414000,None,25000,None,215000,-171000,194000,-4630000,43000,None,None,None,2.2,1.65
5,2019-03-31,USD,677000,7498000,236000,441000,-6799000,1324000,2681000,None,1324000,None,4581000,None,-6821000,None,None,None,8134000,None,None,None,None,None,8145000,None,1324000,1324000,None,USD,22498000,None,None,None,10480000,12018000,None,5743000,26000,-93668000,None,None,18000,18656000,9883000,148000,148000,-703000,1343000,20831000,None,12018000,None,910000,597000,731000,2474000,None,None,None,None,None,None,None,18000,None,1667000,745000,None,597000,597000,None,None,None,106363000,None,18656000,None,27000000,USD,-161000,83000,-161000,None,None,40000,-52000,128000,1324000,-6927000,-6800000,None,22000,None,92000,-339000,-740000,-7278000,161000,None,None,None,6.66,2.2
6,2018-12-31,USD,478000,5740000,0,478000,-5262000,-5115000,2158000,0,-5115000,0,3582000,None,-5262000,0,0,None,None,None,0,0,0,0,147000,0,-5115000,-5115000,None,USD,27827000,None,None,264000,17973000,9854000,None,13769000,26000,-94992000,None,None,312000,25583000,17973000,None,None,-591000,554000,26961000,None,9854000,None,275000,None,392000,2392000,None,None,None,None,None,None,None,None,None,None,None,None,None,None,None,None,None,105411000,None,25583000,None,23000000,USD,None,187000,-15000,None,None,18336000,-1816000,-429000,-5115000,13186000,-5145000,None,19000,None,43189000,-195000,-234000,622000,15000,None,None,None,9.16,6.66
7,2018-09-30,USD,0,4890000,0,0,-4890000,-4517000,2309000,0,-4517000,0,2581000,None,-4890000,0,0,None,None,None,0,0,0,0,373000,0,-4517000,-4517000,None,USD,13311000,None,None,100000,17768000,-4457000,None,14511000,23000,-89877000,None,None,18000,12397000,17768000,None,None,-883000,558000,12735000,None,-4457000,None,41000,None,197000,2186000,None,None,None,None,None,None,None,None,None,None,None,None,None,None,None,None,None,None,None,None,None,24000000,USD,None,664000,-226000,None,None,-20000,-21000,15000,-4517000,-3590000,-3348000,None,18000,None,None,-197000,489000,180000,226000,None,None,None,9.79,9.16
8,2018-06-30,USD,0,11807000,0,0,-11807000,-17826000,2921000,0,-17826000,0,8886000,None,-11807000,0,0,None,None,None,0,0,0,0,-6019000,0,-17826000,-17826000,None,USD,17085000,None,None,200000,29138000,-12053000,None,15848000,70512000,-85360000,None,None,18000,15987000,29138000,None,None,-787000,350000,16717000,None,-12053000,None,530000,None,None,1521000,None,None,None,None,None,None,None,None,None,None,None,None,None,None,None,None,None,None,None,None,None,23000000,USD,None,-1052000,-172000,None,None,18032000,-1251000,141000,-17826000,11592000,-6268000,None,12000,None,None,-197000,167000,12290000,172000,None,None,None,9.52,9.79
9,2018-03-31,USD,0,4717000,0,0,-4717000,-1165000,2552000,0,-1165000,0,2165000,None,-4717000,0,0,None,None,None,0,0,0,0,3552000,0,-1165000,-1165000,None,USD,5663000,None,None,105000,7892000,-2229000,None,4144000,59229000,-67534000,None,None,18000,4395000,7892000,3807000,3807000,-906000,190000,5455000,None,-2229000,None,697000,None,None,2573000,None,None,None,None,None,None,None,None,None,None,None,None,None,None,None,None,None,None,None,None,None,20000000,USD,None,-886000,-27000,None,None,3680000,-73000,305000,-1165000,-1167000,-4860000,None,10000,None,3753000,-197000,7000,-3131000,27000,None,None,None,10.11,9.52
10,2017-12-31,USD,0,28843000,0,0,-23165408,-20766408,3266000,0,-20766408,0,5860000,None,-23809433,0,0,None,None,None,0,0,0,0,3043025,0,-20766408,-20766408,None,USD,6809000,None,None,352000,14299000,-7490000,None,10820000,52230000,-66369000,None,None,18000,5562000,14299000,9578000,9578000,47000,173000,6618000,None,-7490000,None,704000,None,None,3479000,None,None,None,None,None,None,None,None,None,None,None,None,None,None,None,None,None,None,None,None,None,19000000,USD,None,2129000,-190000,None,None,22218000,-1248000,997000,-28024000,2893000,-19325000,None,17000,None,23466000,None,-479000,6846000,190000,None,None,None,2.4643,10.11
11,2017-09-30,USD,0,-11970000,0,0,-5062776,-12933776,3798000,0,-12933776,0,5962000,None,-3130701,0,0,None,None,None,0,0,0,0,-9803075,0,-12933776,-12933776,None,USD,3754000,None,None,190000,13903000,-10149000,None,10266000,45917000,-62640000,None,None,18000,2617000,13903000,9926000,9926000,188000,174000,3562000,None,-10149000,None,755000,None,None,3637000,None,None,None,None,None,None,None,None,None,None,None,None,None,None,None,None,None,None,None,None,None,19000000,USD,None,1557000,-66000,None,None,14210000,-73000,171000,-12938000,-4242000,-4943000,None,7000,None,451000,None,489000,7585000,181000,None,None,None,2.876,2.4643
12,2017-06-30,USD,0,5980000,0,0,11052776,11353776,4304000,0,11353776,0,5980000,None,9120701,0,0,None,None,None,0,0,0,0,2233075,0,11353776,11353776,None,USD,8629000,None,None,349000,8187000,442000,None,4361000,45086000,-49702000,None,None,18000,6859000,8187000,3966000,3966000,-1078000,115000,8496000,None,442000,None,1288000,None,None,3826000,None,None,None,None,None,None,None,None,None,None,None,None,None,None,None,None,None,None,None,None,None,18000000,USD,None,1814000,-115000,None,None,13759000,-8995,109645,-5679000,-807509,-6432367,None,7000,None,5792056,None,-669553,221217,115000,None,None,None,1.56,2.876
13,2017-03-31,USD,0,0,0,0,-5677592,-5677592,3019000,0,-5677592,0,5034000,None,-5033567,0,0,None,None,None,0,0,0,0,-644025,0,-5677592,-5677592,None,USD,8599000,None,None,340000,9508000,-908963,None,4990000,38845000,-44022826,None,None,18000,7666000,9508000,4989801,4989801,-1732165,None,8580798,None,-908963,None,574602,None,None,4518000,None,None,None,None,None,None,None,None,None,None,None,None,None,None,None,None,None,None,None,None,None,18000000,USD,None,2227000,-115000,None,None,7976000,None,67355,-5677592,4997509,-2863633,None,7000,None,7975939,None,-349447,867783,115000,None,None,None,1.556,1.56
14,2016-12-31,USD,0,13289290,0,0,-31249869,-15222219,1559000,0,-33857007,0,4879000,None,-29825866,0,5697,None,None,None,0,0,0,0,-4051953,0,-33857007,-15222219,None,USD,3450000,None,None,556000,6894000,-3444000,None,4473000,30897000,-38345000,None,None,None,2669000,6894000,4474000,4474000,-1728000,None,3450000,None,-3444000,None,225000,None,None,2421000,None,None,None,None,None,None,None,None,None,None,None,None,None,None,None,None,None,None,None,None,None,17000000,USD,None,604000,-190000,None,None,7997000,-1509000,777985,-15870320,-1681413,-9567883,None,17000,None,9506000,None,174000,4916680,190000,None,None,None,1.378,1.556
15,2016-09-30,USD,0,0,0,0,50601723,-5224317,1348000,0,50680047,0,3391000,None,50079436,0,-78324,None,None,None,0,0,0,0,663047,0,50680047,-5224317,None,USD,6802000,None,None,459000,4461000,2341000,None,3015000,30897000,-32376316,None,None,None,6173000,4461000,3014902,3014902,-1265575,None,6801989,None,2340672,None,170095,None,None,1446000,None,None,None,None,None,None,None,None,None,None,None,None,None,None,None,None,None,None,None,None,None,17000000,USD,None,409649,None,None,None,7888000,None,131025,-2986629,-1800873,-1724505,None,None,None,96267,None,229000,359186,0,None,None,None,1.09,1.378
16,2016-06-30,USD,0,-9317394,0,0,-25606287,9175491,654000,0,-28094085,0,2104000,None,-26916225,0,98627,None,None,None,0,0,0,0,-1219484,0,-28094085,9175491,None,USD,9096000,None,None,591000,4340000,4756000,None,3303000,30570000,-29389687,None,None,None,7973000,4340000,3303277,3303277,-1092940,None,9096151,None,4756108,None,532359,None,None,1037000,None,None,None,None,None,None,None,None,None,None,None,None,None,None,None,None,None,None,None,None,None,16000000,USD,None,-648973,None,None,None,7792000,None,-88091,-3084424,5329500,-2368629,None,None,None,7791672,None,-133253,1586112,0,None,None,None,1.112,1.09
17,2016-03-31,USD,0,9317394,0,0,-7034857,-4599275,982000,0,-4599275,0,2915000,None,-6626635,0,21000,None,None,None,0,0,0,0,2027360,0,-4599275,-4599275,None,USD,4041000,None,None,998000,4057000,-16192,None,150000,24348000,-26305263,1726000,None,None,2644000,2331000,None,None,-999398,None,4040722,None,-16192,None,399106,1725760,None,2181000,None,None,None,None,None,None,None,None,None,None,None,None,None,None,None,None,None,None,None,None,None,14000000,USD,378000,488000,378000,None,2000000,9691000,-141000,58356,-6881812,2225044,-7937412,None,17000,None,7832336,None,-390273,-1211618,190000,None,None,None,0.78,1.112
18,2015-12-31,USD,0,0,0,0,-2282537,-4067537,1292000,0,-4067537,0,2840000,None,-2690759,0,26000,None,None,None,0,0,0,0,408222,0,-2282537,-4067537,None,USD,5255000,None,None,784000,7311000,-2056209,None,5000000,20126000,-22474943,897000,None,None,4349000,6414000,None,None,-1862329,None,5255498,None,-2056209,None,121586,898128,None,1414000,None,None,None,None,None,None,None,None,None,None,None,None,None,None,None,None,None,None,None,None,None,13000000,USD,None,128000,378000,None,1800000,9691000,None,-503741,-2282537,4158094,-2860784,None,23959,None,5000000,None,-9238,-265089,0,None,None,None,0.873,0.78
19,2015-09-30,USD,0,0,0,0,0,1785000,2000,0,1785000,0,726000,None,0,0,0,None,None,None,0,0,0,0,0,0,0,1785000,None,USD,719000,None,None,411000,1859000,None,None,121000,18578000,None,397000,None,None,192000,1462000,None,None,None,None,None,None,None,None,None,None,None,1141000,None,None,None,None,None,None,None,None,None,None,None,None,None,None,None,None,None,None,None,None,None,14000000,USD,None,None,378000,None,None,2891000,None,None,1785000,None,None,None,None,None,None,None,None,None,0,None,None,None,0.61,0.873
