,fiscalDateEnding,reportedCurrency_x,totalRevenue,totalOperatingExpense,costOfRevenue,grossProfit,ebit,netIncome_x,researchAndDevelopment,effectOfAccountingCharges,incomeBeforeTax,minorityInterest,sellingGeneralAdministrative,otherNonOperatingIncome,operatingIncome,otherOperatingExpense,interestExpense,taxProvision,interestIncome,netInterestIncome,extraordinaryItems,nonRecurring,otherItems,incomeTaxExpense,totalOtherIncomeExpense,discontinuedOperations,netIncomeFromContinuingOperations,netIncomeApplicableToCommonShares,preferredStockAndOtherAdjustments,reportedCurrency_y,totalAssets,intangibleAssets,earningAssets,otherCurrentAssets,totalLiabilities,totalShareholderEquity,deferredLongTermLiabilities,otherCurrentLiabilities,commonStock,retainedEarnings,otherLiabilities,goodwill,otherAssets,cash,totalCurrentLiabilities,shortTermDebt,currentLongTermDebt,otherShareholderEquity,propertyPlantEquipment,totalCurrentAssets,longTermInvestments,netTangibleAssets,shortTermInvestments,netReceivables,longTermDebt,inventory,accountsPayable,totalPermanentEquity,additionalPaidInCapital,commonStockTotalEquity,preferredStockTotalEquity,retainedEarningsTotalEquity,treasuryStock,accumulatedAmortization,otherNonCurrrentAssets,deferredLongTermAssetCharges,totalNonCurrentAssets,capitalLeaseObligations,totalLongTermDebt,otherNonCurrentLiabilities,totalNonCurrentLiabilities,negativeGoodwill,warrants,preferredStockRedeemable,capitalSurplus,liabilitiesAndShareholderEquity,cashAndShortTermInvestments,accumulatedDepreciation,commonStockSharesOutstanding,reportedCurrency,investments,changeInLiabilities,cashflowFromInvestment,otherCashflowFromInvestment,netBorrowings,cashflowFromFinancing,otherCashflowFromFinancing,changeInOperatingActivities,netIncome_y,changeInCash,operatingCashflow,otherOperatingCashflow,depreciation,dividendPayout,stockSaleAndPurchase,changeInInventory,changeInAccountReceivables,changeInNetIncome,capitalExpenditures,changeInReceivables,changeInExchangeRate,changeInCashAndCashEquivalents,clossingVal,nextClossingVal
0,2020-03-31,CNY,2013000000.0,2870000000.0,2377000000.0,-364000000.0,-1655000000.0,-2135000000.0,None,None,-2128000000.0,76000000.0,462000000.0,None,-857000000.0,-54000000.0,137000000.0,-30000000,29000000,-108000000,None,None,None,-30000000.0,-1163000000.0,None,-2158000000.0,-2135000000.0,None,CNY,59678000000.0,6067000000.0,None,839000000.0,54402000000.0,5200000000.0,None,None,None,1559000000.0,3118000000.0,5339000000.0,1728000000.0,1800000000.0,13688000000.0,5782000000,5782000000,-115000000,37814000000.0,6810000000,1920000000,-6206000000,1539000000.0,405000000,7810000000,90000000.0,1143000000.0,None,None,None,None,None,-107000000,None,671000000,None,52868000000,33197000000,9978000000,659000000,40714000000,None,None,None,3863000000,None,3339000000,None,None,CNY,-5235000000,0,-5235000000,3000000,-3187000000,-3893000000,-29000000,-1275000000,-2135000000.0,-10524000000,-1346000000,None,336000000,-677000000,None,None,None,1753000000,484000000.0,None,None,None,28.73,
1,2019-12-31,CNY,2910000000.0,2424000000.0,1879000000.0,1031000000.0,1142000000.0,619000000.0,0,0,786000000.0,121000000.0,464000000.0,0,486000000.0,-66000000.0,83000000.0,133000000,39000000,-44000000,0,0,0,132000000.0,344000000.0,0,625000000.0,619000000.0,0,CNY,52983000000.0,1877000000.0,None,699000000.0,45483000000.0,7379000000.0,0,8.15,0,3701000000.0,1616000000.0,2657000000.0,1535000000.0,3234000000.0,17287000000.0,3953000000,8499000000,-49000000,26729000000.0,18256000000,1929000000,2845000000,2908000000.0,218000000,8084000000,57000000.0,1176000000.0,0,0,0,0,0,-107000000,0,707000000,0,34727000000,21578000000,8084000000,566000000,28196000000,0,0,0,3834000000,0,6142000000,0,304000000,CNY,635000000,0,-5235000000,3000000,-3187000000,7930000000,-29000000,-1275000000,619000000.0,9548000000,979000000,0,273000000,0,14000000,0,0,1753000000,459000000.0,0,0,0,40.07,28.73
2,2019-09-30,CNY,3055000000.0,2352000000.0,1834000000.0,1221000000.0,1012000000.0,431000000.0,0,0,683000000.0,115000000.0,390000000.0,0,703000000.0,2000000.0,72000000.0,191000000,46000000,-26000000,0,0,0,191000000.0,6000000.0,0,432000000.0,431000000.0,0,CNY,43687000000.0,1876000000.0,None,639000000.0,36186000000.0,7386000000.0,0,4.25,0,3760000000.0,1531000000.0,2657000000.0,1327000000.0,4013000000.0,10359000000.0,2831000000,2831000000,-78000000,26233000000.0,5864000000,5730000000,2853000000,63000000.0,194000000,5880000000,47000000.0,991000000.0,0,0,0,0,0,-107000000,0,566000000,0,37823000000,21394000000,5880000000,537000000,25827000000,0,0,0,3811000000,0,4076000000,0,304000000,CNY,11000000,0,11000000,-8000000,-603000000,-638000000,-37000000,20000000,431000000.0,386000000,1007000000,0,257000000,-658000000,10000000,0,0,313000000,390000000.0,0,0,0,33.02,40.07
3,2019-06-30,CNY,2859000000.0,2202000000.0,1743000000.0,1116000000.0,1269000000.0,613000000.0,0,0,934000000.0,150000000.0,349000000.0,0,657000000.0,-12000000.0,83000000.0,286000000,41000000,-42000000,0,0,0,286000000.0,319000000.0,0,605000000.0,613000000.0,0,CNY,43689000000.0,1879000000.0,None,634000000.0,36552000000.0,6987000000.0,0,6.61,0,3329000000.0,1461000000.0,2657000000.0,1314000000.0,3346000000.0,10430000000.0,3042000000,3042000000,-13000000,26220000000.0,5489000000,6130000000,2451000000,76000000.0,253000000,6126000000,37000000.0,930000000.0,0,0,0,0,0,-107000000,0,521000000,0,38200000000,21410000000,6126000000,507000000,26122000000,0,0,0,3778000000,0,3422000000,0,305000000,CNY,-553000000,0,-553000000,4000000,-1074000000,-1054000000,13000000,382000000,613000000.0,-392000000,1161000000,0,252000000,0,8000000,0,0,-86000000,301000000.0,0,0,0,36.25,33.02
4,2019-03-31,CNY,2387000000.0,2123000000.0,843000000.0,1544000000.0,477000000.0,106000000.0,0,0,163000000.0,143000000.0,1279000000.0,0,264000000.0,1000000.0,77000000.0,31000000,-166000000,-44000000,0,0,0,31000000.0,-57000000.0,0,99000000.0,106000000.0,0,CNY,42891000000.0,1883000000.0,None,1153000000.0,36488000000.0,6403000000.0,0,6.71,0,2716000000.0,1406000000.0,2657000000.0,995000000.0,3840000000.0,8181000000.0,1437000000,1437000000,51000000,25641000000.0,5733000000,5747000000,1863000000,84000000.0,226000000,8583000000,41000000.0,788000000.0,0,0,0,0,0,-107000000,0,498000000,0,37158000000,20994000000,8583000000,474000000,28164000000,0,0,0,3743000000,0,3924000000,0,293000000,CNY,-378000000,0,-378000000,6000000,-1074000000,-194000000,5000000,382000000,99000000.0,-427000000,147000000,0,237000000,-658000000,1000000,0,0,-86000000,384000000.0,0,0,0,42.14,36.25
5,2018-12-31,CNY,8243828.08,6551162.94,7322948.97,920879.11,1692665.14,-1286544.6,0,0,-944452.79,445540.08,1325454.08,0,1692665.14,-111744.52,-216348.12,106117000,None,None,0,0,0,326064.67,-2637117.93,0,-1270517.45,-1286544.6,0,CNY,73723055.95,6311305.67,None,3570466.01,54306726.58,18970789.29,0,10394910.94,0,8019721.42,8889292.75,8081175.22,3579684.08,13095805.63,18340887.8,0,0,-129052.99,15418759.42,21428941.45,18903190.11,4578308.40,273469.43,1428800.94,27076546.03,125980.3,2734694.28,0,0,0,0,0,-15555717.09,0,0,0,0,0,186246021.90,0,0,0,0,0,78476109.77,0,91960558.47,0,304000000,CNY,-1111284.50,-17308.46,-2252033.03,-2912.91,1710428.36,1485295.42,-230036.95,-717451.65,-1286544.6,1034350.48,1765819.75,0,706601.98,0,295896.99,-3512.09,-26188.54,3009875.19,958227.66,0,0,0,28.63,42.14
6,2018-09-30,USD,402911819.94,297581417.69,209911485.1,193000334.84,105330402.25,97213818.81,0,0,135390819.49,28952961.9,47267393.61,0,105330402.25,245308.56,-9216322.85,None,None,None,0,0,0,37100991.43,30060417.24,0,98289828.07,97213818.81,0,USD,3405374222.95,301495727.12,None,151086200.12,2327646348.03,1048774913.01,0,196921923.45,31009.33,536921777.87,400411710.75,374573366.91,135386888.73,571788932.73,666314402.6,0,0,-9023570,721523679.19,889596587.52,982797973.47,372705818.98,13042990.87,64841968.87,1260920234.68,5697709.97,120784259.49,0,0,0,0,0,0,0,0,0,0,0,0,0,0,0,0,0,0,0,0,0,304000000,USD,-85176811.43,5704989.15,-203078804.47,-138013.36,76770807.55,78860807.41,2032057.53,-3197600.78,97213818.81,8812182.45,133078804.47,0,32254363.87,0,0,-974974.16,3180858.65,-18731383.48,39542721.54,0,0,0,32.3,28.63
7,2018-06-30,USD,378116376.72,0.0,203356028.79,174760347.93,95386322.74,50753899.22,0,0,75453809.24,5917816.44,40882423.52,0,95386322.74,-4209958.01,-8822285.54,None,None,None,0,0,0,24531343.73,-19932513.5,0,50922465.51,50753899.22,0,USD,3219676964.61,264197960.41,None,104722405.52,2213982003.6,999777144.57,0,199444361.13,31943.61,452955908.82,398367576.48,339645770.85,132859628.07,621846280.74,618235752.85,0,0,12860527.89,701344031.19,898397120.58,883232453.51,395933413.32,16344331.13,66673815.24,1197378674.27,4519946.01,121498350.33,0,0,0,0,0,0,0,0,0,0,0,0,0,0,0,0,0,0,0,0,0,304000000,USD,-7138722.26,6616226.75,-29070485.90,698860.23,-81697510.50,-80165116.98,-261097.78,29257648.47,50753899.22,66317186.56,170970905.82,0,33565536.89,0,0,-442411.52,-1974505.10,48198410.32,24078434.31,0,0,0,41.99,32.3
8,2018-03-31,USD,332970941.8,284155401.64,206181673.43,126789268.37,48815540.16,20463975.8,0,0,27108988.14,5652575.43,35757981.05,None,48815540.16,-3382851.68,-8193137.49,None,None,None,0,0,0,7079850.33,-21706552.03,0,20029137.81,20463975.8,None,USD,3366068625.11,282365257.54,None,129033038.77,2330470344.72,1029945704.96,0,194759175.22,33914.50,427017434.92,416952631.16,360601703.69,139663721.04,564848499.32,610768250.94,1357822784.81,1357822784.81,40203646.21,741090199.82,880681792.85,961665950.16,386978743.73,17648435.63,75092747.39,1302749462.62,4333572.17,114776530.53,0,0,0,0,0,-2724464.61,None,None,None,None,None,None,None,None,None,None,None,None,None,None,None,293000000,USD,-603083034.79,7535864.98,-640603614.36,-591035.75,597846190.59,598275296.55,421622.48,-419234.14,20463975.8,14113525.99,66902157.47,None,34339781.86,0,7483.48,-511105.80,-5757503.38,28934002.07,59068067.83,None,None,None,131.71,41.99
9,2017-12-31,USD,374201000.0,5101090000.0,240179000.0,1320668000.0,1092170000.0,40514000.0,0,0,45225000.0,9000.0,62335000.0,None,36232000.0,-56126000.0,5507000.0,None,None,None,0,31704000,0,4702000.0,191121000.0,0,1003939000.0,40514000.0,None,USD,2678549000.0,622294000.0,None,152024000.0,1683470000.0,989609000.0,303180000,393600000,33000,449053000.0,297065000.0,348087000.0,1097926000.0,534054000.0,565068000.0,131000,131000,167965000,695154000.0,5761124000,2361969000,2389858000,93949000.0,672709000,756463000,3690000.0,117819000.0,None,None,None,None,None,-16496000,None,None,None,None,None,None,None,None,None,None,None,None,None,None,None,293000000,USD,-1295136000,12157000,-6716254000,1295000,4824114000,697186000,12925000,124725000,40514000.0,239712000,376957000,None,789252000,-47084000,9080000,425000,4207000,235001000,125959000.0,None,None,None,144.43,131.71
10,2017-09-30,USD,358821000.0,2767946000.0,193251000.0,1831455000.0,406021000.0,69717000.0,0,0,93499000.0,279000.0,45179000.0,None,87613000.0,1213000.0,5230000.0,None,None,None,0,0,0,23503000.0,-209424000.0,0,141488000.0,69717000.0,None,USD,2371672000.0,612993000.0,None,118035000.0,1423094000.0,945390000.0,None,390269000,31000,393492000.0,272204000.0,321150000.0,932956000.0,500971000.0,543900000.0,133000,133000,98063000,673058000.0,5094154000,1485610000,2211532000,90368000.0,346771000,538649000,4164000.0,98681000.0,None,None,None,None,None,-16132000,None,None,None,None,None,None,None,None,None,None,None,None,None,None,None,289000000,USD,-270992000,34571000,-519927000,14973000,-22053000,-11142000,10331000,83614000,69717000.0,352733000,888479000,None,218081000,-306343000,580000,5527000,-7798000,37157000,210235000.0,None,None,None,118.82,144.43
11,2017-06-30,USD,295363000.0,-2563984000.0,170971000.0,-1219789000.0,-226153000.0,56956000.0,0,0,75627000.0,-17250000.0,36240000.0,None,60242000.0,-2884000.0,2341000.0,None,None,None,0,0,0,19030000.0,142536000.0,0,-56771000.0,56956000.0,None,USD,2213132000.0,602705000.0,None,109533000.0,1321045000.0,889327000.0,None,312859000,30000,351458000.0,259585000.0,315181000.0,879581000.0,439629000.0,454199000.0,3820762000,3820762000,32743000,658320000.0,4577596000,1282714000,1943097000,68960000.0,353923000,539590000,4903000.0,88553000.0,None,None,None,None,None,-15832000,None,None,None,None,None,None,None,None,None,None,None,None,None,None,None,288000000,USD,-129324000,-12616000,-3728396000,-419275000,3514171000,3531750000,13151000,93722000,56956000.0,604883000,806029000,None,189210000,-306343000,4428000,-4697000,-4904000,72586000,156840000.0,None,None,None,80.68,118.82
12,2017-03-31,USD,234493000.0,1380563000.0,149061000.0,563711000.0,212543000.0,22174000.0,0,0,29985000.0,11986000.0,28310000.0,None,31959000.0,3078000.0,343000.0,None,None,None,0,0,0,7825000.0,-12209000.0,0,147991000.0,22174000.0,None,USD,1446048000.0,95164000.0,None,202965000.0,633613000.0,810693000.0,None,273407000,30000,285022000.0,221881000.0,24916000.0,318389000.0,345113000.0,397592000.0,296670000,296670000,1609000,528623000.0,4123288000,1135342000,4925129000,73000.0,326896000,None,3393000.0,66826000.0,None,None,None,None,None,-15593000,None,None,None,None,None,None,None,None,None,None,None,None,None,None,None,287000000,USD,-39996000,-59054000,-1064529000,-75980000,22739000,4121000,2710000,-50044000,22174000.0,-859515000,25931000,None,173204000,-306343000,2190000,-1748000,1309000,8316000,26894000.0,None,None,None,62.05,80.68
13,2016-12-31,USD,203434000.0,5592526000.0,132937000.0,1728264000.0,1048299000.0,13586000.0,0,0,25466000.0,607000.0,26261000.0,None,23252000.0,-48393000.0,259000.0,None,None,None,0,10338000,0,11273000.0,139264000.0,0,796482000.0,13586000.0,None,USD,1439344000.0,95019000.0,None,94347000.0,659255000.0,777704000.0,185212000,278114000,29000,260358000.0,218176000.0,24702000.0,303646000.0,465938000.0,427205000.0,298291000,298291000,-4503000,534419000.0,4174681000,1064321000,4739881000,72000.0,262512000,None,3112000.0,84219000.0,None,None,None,None,None,-15459000,None,None,None,None,None,None,None,None,None,None,None,None,None,None,None,283000000,USD,248160000,78658000,26466000,331997000,-39983000,-266194000,7014000,241028000,13586000.0,1997169000,294924000,None,694894000,-39790000,12206000,565000,-46211000,225307000,72467000.0,None,None,None,51.84,62.05
14,2016-09-30,USD,265998000.0,1341767000.0,161404000.0,74194000.0,-224961000.0,44068000.0,0,0,57538000.0,0.0,25674000.0,None,52582000.0,0.0,324000.0,None,None,None,0,0,0,14127000.0,0.0,0,0.0,44068000.0,None,USD,1453169000.0,99482000.0,None,104456000.0,665489000.0,787224000.0,None,284117000,30000,252747000.0,222432000.0,25119000.0,283999000.0,450151000.0,428251000.0,287145000,287145000,None,568755000.0,4003863000,913105000,None,7035000.0,236796000,None,3263000.0,75086000.0,None,None,None,None,None,-16095000,None,None,None,None,None,None,None,None,None,None,None,None,None,None,None,285000000,USD,None,None,240584000,None,None,-326735000,352229000,61469000,44068000.0,535479000,620186000,None,175637000,None,None,-565000,-4114000,None,108719000.0,None,None,None,45.09,51.84
15,2016-06-30,USD,249314000.0,-2707000000.0,157313000.0,-599000000.0,50000000.0,47473000.0,0,0,58356000.0,0.0,25325000.0,None,40351000.0,0.0,533000.0,None,None,None,0,0,0,11656000.0,0.0,0,0.0,47473000.0,None,USD,1433059000.0,99027000.0,None,97170000.0,689985000.0,741668000.0,None,269382000,30000,208058000.0,219992000.0,25622000.0,279721000.0,371109000.0,455763000.0,617000000,617000000,None,583256000.0,3789000000,837000000,None,61210000.0,249000000,None,3184000.0,75599000.0,None,None,None,None,None,-16150000,None,None,None,None,None,None,None,None,None,None,None,None,None,None,None,284000000,USD,None,None,380000000,None,None,1000000,374000000,109000000,47473000.0,1052000000,660000000,None,175000000,None,None,2000000,-21000000,None,106000000.0,None,None,None,36.43,45.09
16,2016-03-31,USD,223013000.0,1367000000.0,159736000.0,403000000.0,71000000.0,10761000.0,0,0,14711000.0,0.0,25075000.0,None,11763000.0,0.0,476000.0,None,None,None,0,0,0,4298000.0,0.0,0,0.0,10761000.0,None,USD,1384338000.0,119476000.0,None,111575000.0,656553000.0,721339000.0,None,242169000,31000,174346000.0,226007000.0,85354000.0,295623000.0,219411000.0,421267000.0,601000000,601000000,None,602498000.0,3135000000,816000000,None,125232000.0,171000000,None,3509000.0,72929000.0,None,None,None,None,None,-16646000,None,None,None,None,None,None,None,None,None,None,None,None,None,None,None,276000000,USD,None,None,-196000000,None,None,7721000,5749000,-6000000,10761000.0,177000000,50387000,None,170000000,-42845000,None,424000,-22000000,None,27828000.0,None,None,None,38.21,36.43
17,2015-12-31,USD,209299000.0,5176544000.0,143305000.0,1262477000.0,598080000.0,9276000.0,0,0,20074000.0,10460000.0,26728000.0,None,15877000.0,-25745000.0,240000.0,None,None,None,0,16941000,0,10799000.0,37829000.0,0,439380000.0,9276000.0,None,USD,1187675000.0,39080000.0,None,107410000.0,656515000.0,529518000.0,182849000,274492000,29000,164740000.0,216432000.0,16725000.0,142896000.0,191090000.0,430847000.0,348618000,348618000,59596000,587528000.0,2863778000,344242000,3176953000,137966000.0,136921000,None,3787000.0,90362000.0,None,None,None,None,None,-16569000,None,None,None,None,None,None,None,None,None,None,None,None,None,None,None,256000000,USD,-526108000,230999000,-1550357000,448000,310392000,35858000,-6237000,149604000,9276000.0,428973000,270103000,None,661404000,-10682000,22619000,919000,-5749000,227682000,98833000.0,None,None,None,31.26,38.21
18,2015-09-30,USD,251775000.0,0.0,157571000.0,0.0,0.0,35189000.0,0,0,45956000.0,179000.0,26977000.0,None,41218000.0,0.0,300000.0,None,None,None,0,0,0,10588000.0,0.0,0,0.0,35189000.0,None,USD,1135116000.0,27506000.0,None,106154000.0,585451000.0,549316000.0,None,180188000,29000,182943000.0,214476000.0,10173000.0,119840000.0,125752000.0,365031000.0,None,None,None,597200000.0,None,None,None,165502000.0,None,None,4062000.0,84206000.0,None,None,None,None,None,-16887000,None,None,None,None,None,None,None,None,None,None,None,None,None,None,None,256000000,USD,None,None,None,None,None,None,None,None,35189000.0,None,None,None,None,None,None,None,None,None,0.0,None,None,None,24.33,31.26
19,2015-06-30,USD,235122000.0,0.0,148649000.0,0.0,0.0,24062000.0,0,0,33452000.0,288000.0,27665000.0,None,31948000.0,0.0,27000.0,None,None,None,0,0,0,9102000.0,0.0,0,0.0,24062000.0,None,USD,1058263000.0,28594000.0,None,104226000.0,505616000.0,552396000.0,None,178074000,30000,162199000.0,211172000.0,10428000.0,122091000.0,144109000.0,288351000.0,None,None,None,621776000.0,None,None,None,43772000.0,None,None,4415000.0,86146000.0,None,None,None,None,None,None,None,None,None,None,None,None,None,None,None,None,None,None,None,None,None,257000000,USD,None,None,None,None,None,None,None,None,24062000.0,None,None,None,None,None,None,None,None,None,0.0,None,None,None,24.42,24.33
