,fiscalDateEnding,reportedCurrency_x,totalRevenue,totalOperatingExpense,costOfRevenue,grossProfit,ebit,netIncome_x,researchAndDevelopment,effectOfAccountingCharges,incomeBeforeTax,minorityInterest,sellingGeneralAdministrative,otherNonOperatingIncome,operatingIncome,otherOperatingExpense,interestExpense,taxProvision,interestIncome,netInterestIncome,extraordinaryItems,nonRecurring,otherItems,incomeTaxExpense,totalOtherIncomeExpense,discontinuedOperations,netIncomeFromContinuingOperations,netIncomeApplicableToCommonShares,preferredStockAndOtherAdjustments,reportedCurrency_y,totalAssets,intangibleAssets,earningAssets,otherCurrentAssets,totalLiabilities,totalShareholderEquity,deferredLongTermLiabilities,otherCurrentLiabilities,commonStock,retainedEarnings,otherLiabilities,goodwill,otherAssets,cash,totalCurrentLiabilities,shortTermDebt,currentLongTermDebt,otherShareholderEquity,propertyPlantEquipment,totalCurrentAssets,longTermInvestments,netTangibleAssets,shortTermInvestments,netReceivables,longTermDebt,inventory,accountsPayable,totalPermanentEquity,additionalPaidInCapital,commonStockTotalEquity,preferredStockTotalEquity,retainedEarningsTotalEquity,treasuryStock,accumulatedAmortization,otherNonCurrrentAssets,deferredLongTermAssetCharges,totalNonCurrentAssets,capitalLeaseObligations,totalLongTermDebt,otherNonCurrentLiabilities,totalNonCurrentLiabilities,negativeGoodwill,warrants,preferredStockRedeemable,capitalSurplus,liabilitiesAndShareholderEquity,cashAndShortTermInvestments,accumulatedDepreciation,commonStockSharesOutstanding,reportedCurrency,investments,changeInLiabilities,cashflowFromInvestment,otherCashflowFromInvestment,netBorrowings,cashflowFromFinancing,otherCashflowFromFinancing,changeInOperatingActivities,netIncome_y,changeInCash,operatingCashflow,otherOperatingCashflow,depreciation,dividendPayout,stockSaleAndPurchase,changeInInventory,changeInAccountReceivables,changeInNetIncome,capitalExpenditures,changeInReceivables,changeInExchangeRate,changeInCashAndCashEquivalents,clossingVal,nextClossingVal
0,2020-06-30,USD,160873000,139131000,125951000,34922000,49029000,19182000,None,None,25146000,None,7124000,157000,21742000,9780000,None,5964000,157000,157000,None,-3247000,None,5964000,3247000,None,19182000,19182000,None,USD,930499000,25940000,None,15162000,227884000,702615000,102294000,None,907000,855830000,156354000,168295000,23127000,82457000,71530000,None,None,None,543492000,169645000,None,508380000,None,64133000,None,None,15914000,None,None,907000,None,855830000,-158728000,None,17829000,None,760854000,None,None,54060000,156354000,None,None,None,4606000,930499000,82457000,None,81356000,USD,-24256000,-167000,-24256000,-8000,None,-1676000,-48000,-3788000,19182000,17769000,43701000,28632000,27287000,-1628000,0,None,-1284000,-1063000,40677000,-1284000,None,17769000,20.82,
1,2020-03-31,USD,166318000,148763000,135079000,31239000,44316000,13238000,None,None,17703000,None,6775000,377000,17555000,10751000,None,4465000,377000,377000,None,229000,None,4465000,-229000,None,13238000,13238000,None,USD,913291000,26538000,None,10996000,228603000,684688000,100531000,None,907000,838276000,156884000,168295000,23482000,64183000,71719000,None,None,None,545716000,149260000,None,489855000,None,62849000,None,None,18112000,None,None,907000,None,838276000,-158927000,None,18184000,None,764031000,None,None,56353000,156884000,None,None,None,4432000,913291000,64183000,None,81345000,USD,-39632000,-55000,-39632000,51000,None,-14145000,-239000,470000,13238000,-13720000,40057000,470000,26761000,-1628000,-12278000,None,-6096000,8706000,42092000,-6096000,None,-13720000,18.57,20.82
2,2019-12-31,USD,167226000,156927000,144109000,23117000,48046000,12787000,None,None,17515000,None,6388000,None,10299000,8181000,600000,4728000,453000,-147000,None,None,None,4728000,7363000,None,12787000,12787000,None,USD,898931000,27136000,None,8947000,214272000,684659000,93698000,None,907000,826666000,150865000,168295000,25399000,76684000,63407000,None,None,None,526287000,151814000,None,489228000,None,56753000,None,None,11060000,None,None,907000,None,826666000,-147055000,None,19393000,None,747117000,None,None,57167000,150865000,None,None,None,4141000,898931000,76684000,-212856000,82000000,USD,-16456000,-1222000,-16456000,-16000,-53461000,-55219000,-532000,-110000,12787000,-34682000,36993000,None,29931000,-1641000,0,None,3792000,-7259000,43232000,None,None,None,21.05,18.57
3,2019-09-30,USD,147908000,133764000,123304000,24604000,53571000,20501000,None,None,27415000,None,4467000,1128000,14144000,9009000,452000,6914000,1128000,676000,None,-12595000,None,6914000,12595000,None,20501000,20501000,None,USD,949043000,27886000,None,15353000,275908000,673135000,95153000,923000,907000,815520000,149928000,165021000,24106000,111934000,86794000,14275000,14275000,None,533657000,198373000,None,480228000,None,60645000,39186000,None,16277000,None,None,907000,None,815520000,-147237000,None,18363000,None,750670000,None,39186000,93961000,189114000,None,None,None,3945000,949043000,111934000,None,82016000,USD,-88611000,-6809000,-88611000,-17000,-39887000,-43263000,-94000,1767000,20501000,-94171000,37703000,1767000,25704000,-3282000,0,None,7572000,-11635000,54065000,7572000,None,-94171000,21.51,21.05
4,2019-06-30,USD,142144000,120656000,110380000,31764000,44334000,22361000,None,None,30259000,None,5089000,1229000,21488000,22615000,-452000,7898000,1229000,1229000,None,-7542000,None,7898000,7542000,None,22361000,22361000,None,USD,859837000,13290000,None,11980000,206508000,653329000,76138000,617000,907000,796661000,129693000,132410000,22854000,205642000,76815000,None,None,None,410801000,280482000,None,507629000,None,53643000,None,None,23785000,None,None,907000,None,796661000,-148038000,None,17643000,None,579355000,None,None,53555000,129693000,None,None,None,3799000,859837000,205642000,-214566000,81968000,USD,-7272000,-3543000,-7272000,25002000,-39887000,-214000,-214000,-752000,22361000,28421000,35907000,-752000,22846000,0,0,None,-364000,-4641000,32274000,-364000,None,28421000,18.07,21.51
5,2019-03-31,USD,139536000,83656000,35037000,104499000,21988000,17318000,None,None,21988000,None,65270000,1145000,20843000,22227000,-452000,4670000,1145000,1145000,None,-3841000,None,4670000,3841000,None,17318000,17318000,None,USD,832935000,13892000,None,23692000,201108000,631827000,73795000,2010000,907000,775940000,127178000,132410000,23104000,176303000,73930000,None,None,None,410255000,253274000,None,485525000,None,53279000,None,None,71920000,None,None,907000,None,775940000,-148444000,None,18330000,None,4774000,None,None,53383000,127178000,None,None,None,3424000,832935000,176303000,-211516000,81943000,USD,-20452000,1762000,-20452000,13757000,-39887000,-1747000,-107000,-396000,17318000,13570000,35769000,-396000,22451000,-1640000,0,None,-4324000,-1042000,34209000,-4324000,None,13570000,19.28,18.07
6,2018-12-31,USD,147003000,111572000,5871000,141132000,30339000,22440000,0,0,30339000,0,68953000,779000,29560000,52171000,-452000,None,None,None,0,-9552000,0,7899000,10332000,0,22440000,22440000,None,USD,806213000,14494000,None,21929000,190241000,615972000,71041000,54137000,907000,760262000,125552000,132410000,23687000,161448000,64689000,None,None,None,403120000,232502000,None,469068000,None,49125000,None,None,64689000,None,None,907000,None,760262000,-148651000,None,19152000,None,4535000,None,None,54511000,125552000,None,None,None,3454000,806213000,161448000,-200550000,81930000,USD,None,-2291000,4239000,45989000,-39887000,-1672000,-32000,840000,22440000,40463000,37896000,840000,25243000,-1639000,-1000,None,6565000,-14901000,41750000,6565000,None,40463000,18.3,19.28
7,2018-09-30,USD,151279000,86395000,39752000,111527000,25718000,19056000,0,0,25718000,0,68418000,586000,25132000,25133000,0,None,None,None,0,-7156000,0,6662000,7742000,0,19056000,19056000,None,USD,813515000,15096000,None,35320000,218476000,595039000,76443000,55033000,907000,739461000,137012000,132410000,24515000,120000000,81464000,None,None,None,425288000,216206000,None,447533000,3298000,60886000,None,None,81464000,None,None,907000,None,739461000,-148702000,None,20091000,None,4424000,None,None,60569000,137012000,None,None,None,3373000,813515000,120000000,-210569000,81927000,USD,None,-7709000,-19936000,20654000,None,-5860000,-57000,2474000,19055000,13130000,38926000,2474000,25343000,-1639000,-4164000,None,2963000,-3200000,40590000,2963000,None,13130000,19.73,18.3
8,2018-06-30,USD,155826000,92304000,41375000,114451000,22570000,17803000,0,0,22570000,0,72933000,423000,22147000,24757000,0,None,None,None,0,-5386000,0,4767000,5809000,0,17803000,17803000,None,USD,785256000,15700000,None,26932000,203467000,581789000,71291000,56522000,907000,722045000,135122000,132410000,24314000,106402000,68345000,None,None,None,416654000,196178000,None,433679000,2819000,62844000,None,None,68345000,None,None,907000,None,722045000,-144625000,None,21141000,None,3173000,None,None,63831000,135122000,None,None,None,3462000,785256000,106402000,-219637000,82151000,USD,None,-932000,-16661000,38257000,None,-21300000,-27000,-1420000,17804000,-467000,37494000,-1420000,24960000,-1644000,-19629000,None,3088000,-6006000,54918000,3088000,None,-467000,18.55,19.73
9,2018-03-31,USD,156695000,96896000,46851000,109844000,13290000,13378000,0,0,13290000,0,74164000,342000,12948000,25601000,0,None,None,None,0,-2869000,0,-88000,3211000,0,13378000,13378000,None,USD,823216000,16352000,None,32968000,238127000,585089000,72172000,59599000,907000,705885000,67585000,132410000,174824000,105019000,98370000,None,None,None,439143000,209249000,None,436327000,3009000,71262000,None,None,98370000,None,None,907000,None,705885000,-125117000,None,22825000,None,3237000,None,None,67585000,139757000,None,None,None,3414000,823216000,105019000,-223331000,83240000,USD,None,-11427000,-5456000,26562000,None,-3057000,-97000,-667000,13378000,23714000,32227000,-667000,25783000,-1667000,-1293000,None,2722000,2438000,32018000,2722000,None,23714000,17.99,18.55
10,2017-12-31,USD,165703000,105087000,50747000,114956000,10048000,38605000,0,0,10048000,0,82544000,179000,9869000,29372000,-350000,None,None,None,0,-6829000,0,-28557000,40263000,0,38605000,38605000,None,USD,789127000,17022000,None,24771000,214482000,574645000,65488000,60955000,907000,694174000,73673000,132410000,175430000,75378000,75321000,None,None,None,442862000,170835000,None,425213000,7900000,70686000,0,0,75321000,0,0,907000,0,694174000,-123954000,None,24261000,None,1737000,None,None,73673000,139161000,None,None,None,3518000,789127000,75378000,-223901000,83303000,USD,None,-12099000,-6569000,71685000,-23303000,-1667000,-198000,860000,38605000,24087000,32323000,6774000,29526000,-1667000,0,0,15239000,-36944000,78254000,6461000,None,24087000,23.34,17.99
11,2017-09-30,USD,182114000,117378000,51737000,130377000,13237000,7916000,0,0,13062000,0,96065000,238000,12999000,28784000,175000,None,None,None,0,-7471000,0,5146000,-19358000,0,7916000,7916000,None,USD,797694000,15030000,None,42118000,260158000,537536000,95695000,65982000,907000,657236000,72070000,132185000,171694000,51291000,92393000,None,None,None,454278000,171722000,None,390321000,11600000,78313000,None,None,92393000,None,None,907000,None,657236000,-123954000,None,22821000,None,1658000,None,None,72070000,167765000,None,None,None,3347000,797694000,51291000,-242181000,83303000,USD,None,-10132000,-121334000,-74051000,-23303000,-25049000,-80000,-558000,7915000,-120001000,26382000,-558000,28814000,-1666000,-1293000,None,8778000,-5435000,47283000,5778000,None,-120001000,25.08,23.34
12,2017-06-30,USD,129616000,72291000,36012000,93604000,21737000,14616000,0,0,21737000,0,55986000,424000,21313000,22604000,-175000,None,None,None,0,-6299000,0,7121000,6723000,0,14616000,14616000,None,USD,751140000,11128000,None,34322000,219832000,531308000,93416000,52274000,907000,650987000,64102000,100212000,124894000,171292000,62314000,None,None,None,373805000,252441000,None,419968000,12900000,46827000,None,None,62314000,None,None,907000,None,650987000,-124038000,None,12199000,None,1355000,None,None,64102000,157518000,None,None,None,3452000,751140000,171292000,-246399000,83297000,USD,None,-13884000,-4890000,27404000,-23303000,-1722000,-55000,-2005000,14617000,12122000,18734000,-2005000,22625000,-1667000,-1293000,None,3000000,-4996000,32294000,2377000,None,12122000,20.82,25.08
13,2017-03-31,USD,129903000,73800000,36740000,93163000,19651000,14036000,0,0,19651000,0,56945000,288000,19363000,22930000,0,None,None,None,0,-6075000,0,5615000,0,0,14036000,14036000,None,USD,751709000,11609000,None,32246000,233464000,518245000,92493000,53940000,907000,638037000,67522000,100212000,125579000,159170000,73449000,None,None,None,388493000,237637000,None,406424000,13100000,46221000,0,0,73449000,0,0,907000,0,638037000,-124102000,None,12190000,None,1568000,None,None,67522000,160015000,None,None,None,3403000,751709000,159170000,-252038000,83292000,USD,None,3760000,294000,21734000,-23303000,-1730000,-63000,-3351000,14036000,30663000,32099000,-3351000,22940000,-1667000,0,0,623000,-5909000,21440000,623000,None,30663000,20.05,20.82
14,2016-12-31,USD,140044000,78324000,40822000,99222000,21071000,13114000,0,0,21071000,0,53501000,173000,20898000,26755000,-175000,None,None,None,0,-1932000,0,7957000,9686000,0,13114000,13114000,None,USD,738228000,12090000,None,22022000,232402000,505826000,94657000,53179000,907000,625668000,72211000,100212000,128469000,128507000,65534000,None,None,None,407648000,202111000,None,393524000,9300000,51582000,0,0,65534000,0,0,907000,0,625668000,-124182000,None,12382000,None,3785000,None,None,72211000,166868000,None,None,None,3433000,738228000,128507000,-251405000,83287000,USD,None,-11251000,-5675000,18945000,-23303000,-1667000,-198000,5017000,13114000,28243000,35585000,2826000,26757000,-1667000,0,0,14165000,-721000,24620000,4860000,None,28243000,20.36,20.05
15,2016-09-30,USD,149316000,90444000,38959000,110357000,20037000,12527000,0,0,20037000,0,64647000,124000,19913000,27271000,0,None,None,None,0,-1474000,0,7510000,0,0,12527000,12527000,None,USD,741712000,12570000,None,18142000,247449000,494263000,93933000,59989000,907000,614221000,76772000,100212000,128291000,100264000,76744000,None,None,None,436756000,176665000,None,381481000,800000,58259000,0,0,76744000,0,0,907000,0,614221000,-124188000,None,11353000,None,4156000,None,None,76772000,170705000,None,None,None,3323000,741712000,100264000,-242987000,83287000,USD,None,-2952000,-17975000,10475000,None,-1667000,-63000,1883000,12527000,22657000,42299000,1883000,27271000,-1667000,0,0,9305000,-1735000,28450000,5305000,None,22657000,18.88,20.36
16,2016-06-30,USD,160791000,94939000,41345000,119446000,24616000,16368000,0,0,24616000,0,73603000,109000,24507000,25847000,0,None,None,None,0,-4511000,0,8248000,0,0,16368000,16368000,None,USD,742089000,13051000,None,20261000,258762000,483327000,94337000,61037000,907000,603361000,81853000,100212000,128751000,77607000,82572000,None,None,None,450688000,162650000,None,370064000,0,64782000,0,0,82572000,0,0,907000,0,603361000,-124319000,None,11266000,None,4222000,None,None,81853000,176190000,None,None,None,3378000,742089000,77607000,-225482000,83279000,USD,None,-17360000,-12461000,23152000,None,-1666000,-63000,-1358000,16368000,7860000,21987000,-1358000,25847000,-1666000,0,0,4000000,-3011000,35613000,1488000,None,7860000,17.39,18.88
17,2016-03-31,USD,162786000,101516000,41020000,121766000,20325000,14377000,0,0,20325000,0,77099000,75000,20250000,25705000,0,None,None,None,0,-1288000,0,5948000,0,0,14377000,14377000,None,USD,726786000,113744000,None,140388000,258238000,468548000,93884000,62287000,907000,588659000,89214000,100212000,130407000,69747000,75140000,None,None,None,446697000,149682000,None,468548000,3900000,69954000,0,0,75140000,0,0,907000,0,588659000,-125041000,None,None,None,446697000,None,None,89214000,183098000,None,None,None,4023000,726786000,69747000,None,83234000,USD,None,19129000,-3051000,3689000,None,-16344000,None,1666000,14377000,36515000,55910000,1666000,25705000,-1666000,-14678000,0,2512000,-7466000,6740000,2512000,None,36515000,18.55,17.39
18,2015-12-31,USD,174605000,102900000,43985000,130620000,27774000,17016000,0,0,27774000,0,80982000,54000,27720000,29708000,-19000,None,None,None,0,-7790000,0,10758000,35231000,0,17016000,17016000,None,USD,736030000,14013000,None,17900000,266102000,469928000,112118000,58652000,907000,575948000,87816000,100212000,125588000,33232000,66168000,None,None,None,473998000,136444000,None,355703000,0,85312000,0,0,66168000,0,0,907000,0,575948000,-111053000,None,11363000,None,599586000,None,None,87816000,199934000,None,None,None,4126000,736030000,33232000,-197948000,84115000,USD,None,-9365000,-33605000,59472000,-24600000,-44853000,1000,4301000,17015000,-30933000,47525000,964000,29795000,-1688000,-43166000,0,16025000,5606000,93077000,3510000,None,-30933000,17.02,18.55
19,2015-09-30,USD,182533000,105469000,52203000,130330000,24925000,15113000,0,0,24925000,0,84455000,64000,24861000,28415000,0,None,None,None,0,-7401000,0,9812000,0,0,15113000,15113000,None,USD,767459000,14558000,None,34052000,274812000,492647000,99489000,60803000,907000,560621000,89800000,100212000,125886000,64165000,85523000,None,None,None,456406000,185167000,None,377877000,12500000,86389000,0,561000,85523000,0,0,907000,0,560621000,-72823000,None,11116000,None,582292000,None,None,89800000,189289000,None,None,None,3942000,767459000,64165000,-212179000,86097000,USD,None,-885000,-22195000,31537000,None,-34353000,None,None,15113000,-15311000,41237000,1969000,28678000,-3495000,-30858000,0,12515000,-9579000,53732000,5941000,None,-15311000,19.94,17.02
