,fiscalDateEnding,reportedCurrency_x,totalRevenue,totalOperatingExpense,costOfRevenue,grossProfit,ebit,netIncome_x,researchAndDevelopment,effectOfAccountingCharges,incomeBeforeTax,minorityInterest,sellingGeneralAdministrative,otherNonOperatingIncome,operatingIncome,otherOperatingExpense,interestExpense,taxProvision,interestIncome,netInterestIncome,extraordinaryItems,nonRecurring,otherItems,incomeTaxExpense,totalOtherIncomeExpense,discontinuedOperations,netIncomeFromContinuingOperations,netIncomeApplicableToCommonShares,preferredStockAndOtherAdjustments,reportedCurrency_y,totalAssets,intangibleAssets,earningAssets,otherCurrentAssets,totalLiabilities,totalShareholderEquity,deferredLongTermLiabilities,otherCurrentLiabilities,commonStock,retainedEarnings,otherLiabilities,goodwill,otherAssets,cash,totalCurrentLiabilities,shortTermDebt,currentLongTermDebt,otherShareholderEquity,propertyPlantEquipment,totalCurrentAssets,longTermInvestments,netTangibleAssets,shortTermInvestments,netReceivables,longTermDebt,inventory,accountsPayable,totalPermanentEquity,additionalPaidInCapital,commonStockTotalEquity,preferredStockTotalEquity,retainedEarningsTotalEquity,treasuryStock,accumulatedAmortization,otherNonCurrrentAssets,deferredLongTermAssetCharges,totalNonCurrentAssets,capitalLeaseObligations,totalLongTermDebt,otherNonCurrentLiabilities,totalNonCurrentLiabilities,negativeGoodwill,warrants,preferredStockRedeemable,capitalSurplus,liabilitiesAndShareholderEquity,cashAndShortTermInvestments,accumulatedDepreciation,commonStockSharesOutstanding,reportedCurrency,investments,changeInLiabilities,cashflowFromInvestment,otherCashflowFromInvestment,netBorrowings,cashflowFromFinancing,otherCashflowFromFinancing,changeInOperatingActivities,netIncome_y,changeInCash,operatingCashflow,otherOperatingCashflow,depreciation,dividendPayout,stockSaleAndPurchase,changeInInventory,changeInAccountReceivables,changeInNetIncome,capitalExpenditures,changeInReceivables,changeInExchangeRate,changeInCashAndCashEquivalents,clossingVal,nextClossingVal
0,2020-06-30,USD,779243000,86271000,671994000,107249000,21025000,13154000,None,None,18019000,None,78646000,47000,20978000,7625000,3006000,4865000,None,-3006000,None,None,None,4865000,47000,None,13154000,13154000,None,USD,1999177000,114128000,None,14390000,864400000,1105837000,159018000,11821000,419000,1205991000,200442000,484350000,42406000,203173000,496101000,90948000,90948000,-15741000,650990000,666710000,20961000,536299000,None,449147000,167857000,None,393332000,None,None,419000,None,1205991000,-263746000,None,82999000,None,1332467000,40761000,167857000,41424000,368299000,None,None,None,178914000,1999177000,203173000,None,None,USD,-23780000,7339000,-23780000,24000,-119891000,-120812000,-921000,20374000,13154000,-73728000,70864000,3720000,31183000,None,None,None,7088000,8380000,23804000,7088000,21000,-73707000,47.86,
1,2020-03-31,USD,838859000,84835000,734265000,104594000,19940000,13236000,None,None,17485000,None,77212000,181000,19759000,7623000,2455000,4249000,403000,-2052000,None,None,None,4249000,-222000,None,13236000,13236000,None,USD,2094607000,117511000,None,15666000,978283000,1088709000,155822000,11308000,419000,1192837000,191399000,484404000,36803000,276880000,502808000,94620000,94620000,-15778000,668398000,748861000,18192000,514409000,None,456315000,284076000,None,396880000,None,None,419000,None,1192837000,-264139000,None,75433000,None,1345746000,38923000,284076000,35577000,475475000,None,None,None,175370000,2094607000,276880000,None,33000000,USD,-24970000,-11769000,-24970000,497000,97071000,92555000,-4516000,-18440000,13236000,108238000,40653000,13176000,30576000,None,-3769000,None,-9480000,4914000,25467000,-9480000,-87000,108151000,45.47,47.86
2,2019-12-31,USD,900681000,86996000,774821000,125860000,39741000,27955000,None,None,37273000,None,79665000,877000,38864000,7331000,2468000,9318000,522000,-1946000,None,None,None,9318000,355000,None,27955000,27955000,None,USD,1991574000,120967000,None,24716000,885957000,1075279000,155304000,11615000,419000,1179601000,191659000,484459000,26949000,168729000,507364000,94691000,94691000,-15644000,663165000,640221000,22601000,500191000,None,446776000,186934000,None,401058000,None,None,419000,None,1179601000,-268734000,None,82762000,None,1351353000,41953000,186934000,36355000,378593000,None,None,None,179637000,1991574000,168729000,None,33000000,USD,-38278000,71692000,-38278000,953000,-6569000,-8426000,-1857000,-2621000,27955000,79101000,125805000,5162000,30168000,None,0,None,-8268000,-904000,39231000,-8268000,None,79101000,51.29,45.47
3,2019-09-30,USD,913275000,97972000,778057000,135218000,37915000,26105000,None,None,35135000,None,90671000,669000,37246000,7301000,2780000,9030000,613000,-2167000,None,None,None,9030000,56000,None,26105000,26105000,None,USD,1910683000,124422000,None,31472000,833083000,1044556000,160725000,11686000,419000,1151646000,195736000,484514000,26183000,89628000,444925000,95772000,95772000,-15669000,657826000,559597000,21428000,468664000,None,438497000,192422000,None,337467000,None,None,419000,None,1151646000,-267589000,None,84324000,None,1351086000,44730000,192422000,35011000,388158000,None,None,None,175749000,1910683000,89628000,None,33000000,USD,-25496000,-35793000,-25496000,1408000,-9601000,-28187000,-870000,511000,26105000,-60242000,-6559000,-19305000,29690000,None,-17716000,None,-14089000,6833000,26904000,-14089000,7000,-60235000,46.5,51.29
4,2019-06-30,USD,921163000,91982000,788460000,132703000,41286000,29217000,None,None,38596000,None,84887000,565000,40721000,7095000,2690000,9379000,595000,-2095000,None,None,None,9379000,-30000,None,29217000,29217000,None,USD,1930119000,127878000,None,12640000,868802000,1032582000,157952000,11472000,419000,1125541000,192489000,484568000,40506000,149863000,477119000,98601000,98601000,-15636000,651057000,586924000,21972000,448871000,None,424421000,199194000,None,367046000,None,None,419000,None,1125541000,-248361000,None,79692000,None,1343195000,40207000,199194000,34537000,391683000,None,None,None,170619000,1930119000,149863000,None,34000000,USD,-8524000,-9294000,-8524000,3131000,-17665000,-25840000,-893000,15655000,29217000,37466000,71830000,78000,28646000,None,-7282000,None,22183000,1000000,11655000,22183000,-5000,37461000,41.98,46.5
5,2019-03-31,USD,932998000,91700000,805709000,127289000,35922000,23894000,None,None,32866000,None,84946000,333000,35589000,6754000,3056000,8972000,-2683000,-2683000,None,None,None,8972000,-40000,None,23894000,23894000,None,USD,1931312000,131333000,None,15143000,895630000,1007064000,160112000,10998000,419000,1096324000,193509000,484496000,38367000,112402000,486888000,100227000,100227000,-15633000,663337000,575391000,21077000,419853000,None,447846000,215233000,None,375663000,None,None,419000,None,1096324000,-237386000,None,76755000,None,1355921000,39616000,215233000,33397000,408742000,None,None,None,163340000,1931312000,112402000,None,34000000,USD,6181000,-42530000,6181000,23238000,-15324000,-18642000,-3318000,-18241000,23894000,50972000,63433000,10347000,28383000,None,-2578000,None,32906000,10433000,17057000,32906000,-5000,50967000,40.85,41.98
6,2018-12-31,USD,475305000,36537000,403669000,71636000,36125000,48912000,0,0,33216000,0,31678000,1026000,35099000,4859000,2909000,None,None,None,15237000,0,0,9537000,-1877000,15237000,23679000,48912000,None,USD,1924898000,134788000,None,28149000,944064000,980834000,153877000,10906000,419000,1072456000,183496000,483584000,35974000,61435000,526758000,104558000,101713000,-15640000,681859000,588693000,None,362462000,None,499109000,229071000,None,422200000,None,None,419000,None,1072456000,-248621000,None,35974000,None,1336205000,4739000,233810000,29619000,417306000,None,None,None,172220000,1924898000,61435000,None,34000000,USD,None,1741000,-302660000,-241716000,26534000,26526000,-8000,-4218000,48911000,-206076000,70058000,-9087000,24726000,None,None,None,12663000,-8896000,60944000,12663000,4000,-206072000,37.07,40.85
7,2018-09-30,USD,933224000,80250000,818240000,114984000,35325000,114610000,0,0,32914000,0,76450000,591000,34734000,3800000,2411000,None,None,None,0,0,0,7150000,-688000,88846000,25764000,114610000,None,USD,1823201000,61116000,None,25172000,895246000,927955000,154485000,13959000,419000,1023545000,191119000,318662000,25720000,267507000,491059000,98766000,95946000,-15626000,662755000,754948000,None,548177000,0,462269000,207596000,0,392293000,0,0,419000,0,1023545000,-255825000,None,25720000,None,1068253000,5472000,213068000,36634000,404187000,None,None,None,175442000,1823201000,267507000,None,34000000,USD,None,26263000,161201000,230787000,36660000,36415000,-245000,-4218000,114611000,240773000,43157000,-12889000,20933000,0,0,0,12663000,-91371000,69586000,-14390000,-19000,240754000,45.6,37.07
8,2018-06-30,USD,1179093000,104237000,1042903000,136190000,31786000,22051000,0,0,29599000,0,100277000,-167000,31953000,3960000,2187000,None,None,None,0,0,0,7548000,2137000,88846000,22051000,22051000,None,USD,1733504000,71501000,None,21031000,922445000,811059000,132463000,12418000,419000,908934000,171546000,348106000,27641000,26753000,565259000,89534000,86740000,-15648000,618931000,667325000,None,391452000,0,619541000,179444000,0,475725000,0,0,419000,0,908934000,-251260000,None,27641000,None,1066179000,6196000,185640000,39083000,357186000,None,None,None,168614000,1733504000,26753000,None,34000000,USD,None,47881000,-46364000,718000,-9161000,-9282000,-121000,-4218000,22051000,8804000,64450000,9269000,19652000,0,0,0,12663000,6988000,47082000,-41391000,19000,8823000,49.8,45.6
9,2018-03-31,USD,1095971000,99658000,973180000,122791000,23100000,16167000,0,0,20996000,0,95653000,-33000,23133000,4005000,2104000,None,None,None,0,0,0,4829000,-2137000,88846000,16167000,16167000,None,USD,1643270000,72925000,None,31145000,857598000,785672000,125611000,13389000,419000,886883000,163298000,348161000,26872000,17930000,492767000,82802000,80004000,-15623000,568048000,627264000,None,364586000,0,578189000,194553000,0,409965000,0,0,419000,0,886883000,-251083000,None,26872000,None,1016006000,6980000,201533000,37687000,364831000,None,None,None,165076000,1643270000,17930000,None,33000000,USD,None,-30764000,-21663000,516000,-18212000,-22108000,-3896000,-1823000,16167000,-10597000,33174000,9429000,18599000,0,0,0,11643000,8100000,22179000,11643000,-30000,-10627000,41.85,49.8
10,2017-12-31,USD,1162576000,96964000,1024485000,138091000,41281000,99943000,0,0,39002000,0,92866000,154000,41127000,4098000,2279000,None,None,None,0,0,0,-60941000,-5555000,15139000,99943000,99943000,None,USD,1670941000,74348000,None,37785000,901069000,769872000,121095000,100567000,419000,870716000,37927000,348661000,452733000,28557000,519543000,80043000,77266000,-15652000,562150000,656058000,None,346863000,0,589716000,214808000,0,439500000,0,0,419000,0,870716000,-258622000,None,29724000,None,1014883000,7696000,222504000,37927000,381526000,None,None,None,173011000,1670941000,28557000,None,33000000,USD,None,26592000,-32330000,2275000,4291000,4289000,-2000,-3537000,99943000,10034000,38075000,-993000,18642000,0,0,0,-84775000,-58782000,34605000,-47327000,-35000,9999000,47.9,41.85
11,2017-09-30,USD,1054360000,94855000,937836000,116524000,22131000,15334000,0,0,19786000,0,90601000,462000,21669000,4254000,2345000,None,None,None,0,0,0,4452000,-1051000,0,15334000,15334000,None,USD,1599863000,75772000,None,33350000,932381000,667482000,182464000,108969000,419000,770773000,29181000,348506000,457519000,18558000,498286000,75806000,73052000,-15630000,547881000,594463000,None,243204000,0,542555000,214032000,0,422480000,0,0,419000,0,770773000,-258435000,None,33241000,None,1005400000,8418000,222450000,29181000,434095000,None,None,None,170355000,1599863000,18558000,None,33000000,USD,None,57037000,-175580000,-165237000,19952000,18438000,-117000,-3300000,15334000,-133181000,24007000,-17672000,18243000,0,0,0,0,14753000,10343000,-63688000,-46000,-133181000,42.95,47.9
12,2017-06-30,USD,924513000,84739000,823196000,101317000,16778000,9542000,0,0,15746000,0,82190000,200000,16578000,2549000,1032000,None,None,None,0,0,0,6204000,-58000,0,9542000,9542000,None,USD,1363770000,11196000,None,15813000,713944000,649826000,171417000,89594000,419000,755439000,24807000,262266000,303678000,151739000,402438000,50315000,165597000,-15639000,440838000,619254000,None,376364000,0,451702000,106141000,0,352123000,0,0,419000,0,755439000,-258836000,None,30216000,None,744516000,9141000,115282000,24807000,311506000,None,None,None,168443000,1363770000,151739000,None,33000000,USD,None,21815000,-21739000,1229000,4141000,4005000,-136000,6033000,9542000,-2300000,15434000,-5481000,12766000,0,0,0,26240000,5152000,22968000,-28360000,39000,-2261000,38.35,42.95
13,2017-03-31,USD,893448000,84408000,791863000,101585000,17501000,10334000,0,0,16403000,0,81996000,324000,17177000,2412000,1098000,None,None,None,0,0,0,6069000,-774000,0,10334000,10334000,None,USD,1334939000,11520000,None,14332000,696910000,638029000,169161000,92740000,419000,745897000,24329000,262321000,300059000,154000000,389422000,47458000,47458000,-15667000,443207000,591673000,None,364188000,0,423341000,104160000,0,341964000,0,0,419000,0,745897000,-257180000,None,26218000,None,743266000,9838000,113998000,24329000,307488000,None,None,None,164560000,1334939000,154000000,None,33000000,USD,None,-39153000,-5498000,1127000,-12509000,-15666000,-3157000,1561000,10334000,26540000,47704000,1561000,12522000,0,0,0,54600000,7840000,6625000,54600000,56000,26596000,46.4,38.35
14,2016-12-31,USD,978560000,89615000,858106000,120454000,30587000,18245000,0,0,29618000,0,87209000,-252000,30839000,2406000,969000,None,None,None,0,0,0,11373000,-4397000,17159000,18245000,18245000,None,USD,1360259000,11844000,None,16947000,732080000,628179000,164659000,103306000,419000,735563000,23595000,262376000,299375000,127404000,417721000,47860000,45163000,-15731000,438594000,622290000,None,353959000,0,477939000,115529000,0,369861000,0,0,419000,0,735563000,-265637000,None,25155000,None,737969000,10576000,126105000,23595000,314359000,None,None,None,173565000,1360259000,127404000,None,34000000,USD,None,15352000,-47038000,488000,15693000,15848000,155000,13836000,18244000,-7734000,23456000,825000,12047000,0,0,0,-87629000,2293000,47526000,-25305000,-57000,-7791000,43.75,46.4
15,2016-09-30,USD,932814000,81599000,821360000,111454000,29986000,17924000,0,0,29098000,0,79323000,131000,29855000,2276000,888000,None,None,None,0,0,0,11174000,2387000,0,17924000,17924000,None,USD,1312217000,12167000,None,18479000,704357000,607860000,164699000,93165000,419000,717319000,22562000,262431000,299048000,135195000,401265000,42441000,42441000,-15699000,406885000,606284000,None,333262000,None,452610000,104561000,None,358824000,None,None,419000,None,717319000,-265550000,None,24450000,None,705933000,11270000,115831000,22562000,303092000,None,None,None,171371000,1312217000,135195000,None,33000000,USD,None,20373000,-34241000,425000,13264000,-1270000,466000,-245000,17924000,-28936000,6575000,-245000,11239000,None,-15000000,None,-49498000,6782000,34666000,-49498000,-19000,-28955000,40.76,43.75
16,2016-06-30,USD,855557000,80193000,741067000,114490000,34633000,20671000,0,0,33776000,0,78045000,336000,34297000,2148000,857000,None,None,None,0,0,0,13105000,-606000,0,20671000,20671000,None,USD,1266470000,12491000,None,18410000,663407000,603063000,159319000,85729000,419000,699395000,21536000,262485000,299254000,164150000,375622000,38078000,38078000,-15689000,381532000,585684000,None,328087000,0,403124000,94968000,0,337544000,0,0,419000,0,699395000,-250291000,None,24278000,None,680786000,11962000,106930000,21536000,287785000,None,None,None,169229000,1266470000,164150000,None,34000000,USD,None,19535000,-19768000,556000,4572000,-38456000,-396000,-2134000,20672000,-36074000,22150000,-2134000,10787000,0,-42632000,0,0,7448000,20324000,-34158000,-32000,-36106000,38.37,40.76
17,2016-03-31,USD,805859000,79544000,697472000,108387000,29840000,17965000,0,0,28929000,0,77408000,997000,28843000,2136000,911000,None,None,None,0,0,0,10964000,86000,0,17965000,17965000,None,USD,1264646000,12815000,None,16683000,641399000,623247000,154039000,91974000,419000,678723000,20754000,262540000,299226000,200256000,361318000,35148000,None,-15635000,379484000,585936000,None,347892000,0,368997000,92648000,0,326170000,0,0,419000,0,678723000,-207063000,None,23871000,None,678710000,12640000,105288000,20754000,280081000,None,None,None,166803000,1264646000,200256000,None,35000000,USD,None,-7615000,-4301000,592000,-8775000,-53485000,-2342000,None,17965000,-7494000,50292000,3520000,10639000,0,-42368000,0,21332000,4451000,4893000,21332000,1000,-7493000,40.79,38.37
18,2015-12-31,USD,890272000,81433000,773498000,116774000,34912000,22374000,0,0,34159000,0,79338000,-429000,35341000,2095000,753000,None,None,None,0,0,0,11785000,-4201000,17159000,22374000,22374000,None,USD,1301146000,13139000,None,18118000,653306000,647840000,160182000,93248000,419000,660758000,20233000,262594000,301689000,207749000,358697000,35017000,32409000,-15636000,374847000,624610000,None,372107000,0,398743000,100895000,0,323680000,0,0,419000,0,660758000,-171986000,None,25956000,None,676536000,13299000,114194000,20233000,294609000,None,None,None,174285000,1301146000,207749000,None,36000000,USD,None,-34013000,-40704000,1387000,26034000,26049000,15000,14493000,22374000,24211000,38866000,-2265000,10380000,0,0,0,36373000,12557000,42091000,29833000,-9000,24202000,32.95,40.79
19,2015-09-30,USD,899869000,71646000,794805000,105064000,32488000,19832000,0,0,31731000,0,69680000,-930000,33418000,1966000,757000,None,None,None,0,0,0,11899000,-2946000,0,19832000,19832000,None,USD,1280961000,13463000,None,17155000,657460000,623501000,148754000,92683000,419000,638384000,19562000,262649000,300766000,183547000,394480000,28513000,None,-15635000,350726000,629469000,None,347389000,0,428767000,80690000,0,365967000,0,0,419000,0,638384000,-169646000,None,24654000,None,651492000,13974000,94664000,19562000,262980000,None,None,None,169979000,1280961000,183547000,None,36000000,USD,None,3291000,-16449000,786000,6290000,-9062000,52000,None,19832000,26868000,52379000,-2765000,9136000,0,-15404000,0,6540000,4938000,17235000,17947000,-101000,26767000,36.41,32.95
