,fiscalDateEnding,reportedCurrency_x,totalRevenue,totalOperatingExpense,costOfRevenue,grossProfit,ebit,netIncome_x,researchAndDevelopment,effectOfAccountingCharges,incomeBeforeTax,minorityInterest,sellingGeneralAdministrative,otherNonOperatingIncome,operatingIncome,otherOperatingExpense,interestExpense,taxProvision,interestIncome,netInterestIncome,extraordinaryItems,nonRecurring,otherItems,incomeTaxExpense,totalOtherIncomeExpense,discontinuedOperations,netIncomeFromContinuingOperations,netIncomeApplicableToCommonShares,preferredStockAndOtherAdjustments,reportedCurrency_y,totalAssets,intangibleAssets,earningAssets,otherCurrentAssets,totalLiabilities,totalShareholderEquity,deferredLongTermLiabilities,otherCurrentLiabilities,commonStock,retainedEarnings,otherLiabilities,goodwill,otherAssets,cash,totalCurrentLiabilities,shortTermDebt,currentLongTermDebt,otherShareholderEquity,propertyPlantEquipment,totalCurrentAssets,longTermInvestments,netTangibleAssets,shortTermInvestments,netReceivables,longTermDebt,inventory,accountsPayable,totalPermanentEquity,additionalPaidInCapital,commonStockTotalEquity,preferredStockTotalEquity,retainedEarningsTotalEquity,treasuryStock,accumulatedAmortization,otherNonCurrrentAssets,deferredLongTermAssetCharges,totalNonCurrentAssets,capitalLeaseObligations,totalLongTermDebt,otherNonCurrentLiabilities,totalNonCurrentLiabilities,negativeGoodwill,warrants,preferredStockRedeemable,capitalSurplus,liabilitiesAndShareholderEquity,cashAndShortTermInvestments,accumulatedDepreciation,commonStockSharesOutstanding,reportedCurrency,investments,changeInLiabilities,cashflowFromInvestment,otherCashflowFromInvestment,netBorrowings,cashflowFromFinancing,otherCashflowFromFinancing,changeInOperatingActivities,netIncome_y,changeInCash,operatingCashflow,otherOperatingCashflow,depreciation,dividendPayout,stockSaleAndPurchase,changeInInventory,changeInAccountReceivables,changeInNetIncome,capitalExpenditures,changeInReceivables,changeInExchangeRate,changeInCashAndCashEquivalents,clossingVal,nextClossingVal
0,2020-06-30,USD,220827000,51159000,153714000,67113000,19902000,13547000,None,None,16986000,None,44857000,3948000,15954000,6193000,2916000,3414000,None,-2916000,None,109000,None,3414000,3839000,-25000,13572000,13547000,None,USD,1125526000,24916000,None,13863000,589512000,536014000,39128000,43603000,246000,209088000,35819000,586235000,67509000,83212000,152783000,536000,536000,4935000,37082000,297962000,59524000,-75137000,None,200887000,331054000,None,108644000,None,None,246000,None,209088000,-128646000,None,107381000,None,12426000,75106000,331054000,66547000,436729000,None,None,None,450391000,1125526000,83212000,None,None,USD,-5746000,41657000,-5746000,-2330000,-120132000,-120038000,-84000,25512000,13547000,-67833000,57951000,-4036000,7726000,None,178000,None,-12037000,5015000,3416000,-5958000,36000,-67797000,44.25,
1,2020-03-31,USD,241922000,110835000,176938000,64984000,-51147000,-42308000,None,None,-53488000,None,43296000,-5296000,-45851000,6114000,2341000,-11215000,-2341000,-2341000,-35000,61425000,None,-11215000,-66571000,-35000,-42273000,-42308000,None,USD,1190048000,28127000,None,13309000,665439000,524609000,27425000,38216000,246000,195541000,25759000,586235000,57912000,151009000,119508000,533000,533000,12214000,38326000,359405000,67194000,-89753000,None,195087000,451189000,None,80759000,None,None,246000,None,195541000,-128366000,None,102427000,None,8334000,75523000,451189000,67317000,545931000,None,None,None,444974000,1190048000,151009000,None,22000000,USD,-13000000,-84680000,-18395000,-4394000,242869000,214089000,-7133000,-80606000,-42308000,139548000,-56146000,6242000,7613000,None,-21647000,None,11698000,54427000,1001000,2560000,-143000,139405000,45.36,44.25
2,2019-12-31,USD,255199000,58816000,177884000,77315000,28884000,14313000,None,None,17610000,None,52037000,10385000,18499000,7080000,11274000,3256000,-2492000,-2492000,-41000,-301000,None,3256000,1529000,-41000,14354000,14313000,None,USD,1104271000,31625000,None,747094000,518806000,585465000,36705000,35912000,247000,237849000,36318000,646680000,37722000,11604000,204544000,529000,529000,14936000,38413000,224736000,54541000,585465000,None,252206000,208324000,None,168103000,None,None,247000,None,237849000,-128348000,None,54954000,None,93367000,76702000,208324000,69233000,314262000,None,None,None,460781000,1104271000,11604000,None,23000000,USD,-5000000,19935000,-10582000,-2366000,-95156000,-107776000,-176000,36205000,14313000,-37883000,80475000,11608000,2780000,None,-12444000,None,-3306000,15251000,3216000,16588000,77000,-37806000,68.72,45.36
3,2019-09-30,USD,242925000,54582000,167767000,75158000,20494000,13654000,None,None,16120000,None,47493000,-82000,20576000,6962000,4374000,2414000,-4374000,-4374000,-52000,127000,None,2414000,421000,-52000,13706000,13654000,None,USD,1161933000,36141000,None,14211000,574376000,587557000,27911000,41753000,248000,223536000,27429000,645986000,46113000,49410000,433548000,250525000,250525000,22564000,39972000,280436000,60943000,-94570000,None,216815000,53457000,None,141270000,None,None,248000,None,223536000,-128048000,None,97347000,1108000,881497000,69989000,53457000,59460000,140828000,None,None,None,469257000,1161933000,49410000,None,23000000,USD,-9540000,32923000,-9540000,-5900000,-7627000,-8139000,-746000,29195000,13654000,40273000,57952000,583000,12943000,None,234000,None,167000,5740000,3640000,-7891000,-40000,40233000,61.34,68.72
4,2019-06-30,USD,244288000,59957000,166456000,77832000,14046000,10472000,None,None,14046000,None,52052000,-3829000,17875000,7151000,-4524000,3477000,-4524000,-4524000,-97000,754000,None,3477000,426000,-97000,10569000,10472000,None,USD,1114675000,39037000,None,14766000,546314000,568361000,29081000,38646000,247000,209882000,28793000,645266000,42576000,9177000,395418000,248034000,248034000,22175000,40189000,233205000,59357000,-115942000,None,209262000,59590000,None,108738000,None,None,247000,None,209882000,-127133000,None,96527000,1094000,881470000,72666000,59590000,62225000,150896000,None,None,None,463190000,1114675000,9177000,None,22000000,USD,-6793000,21741000,-6793000,-2758000,-20129000,-24643000,-4749000,21500000,10472000,646000,32082000,-2084000,13618000,None,235000,None,-12113000,5743000,4035000,-17368000,5000,651000,50.38,61.34
5,2019-03-31,USD,223062000,58740000,157566000,65496000,4715000,3304000,None,None,4715000,None,50293000,-2041000,6756000,7172000,-4258000,1365000,-4258000,-4258000,-46000,1275000,None,1365000,942000,-46000,3350000,3304000,None,USD,1091360000,43461000,None,13596000,541707000,549653000,26645000,50330000,247000,199410000,27760000,645541000,39647000,8526000,373945000,245569000,245569000,19231000,38359000,216509000,54038000,-139349000,None,194387000,79722000,None,78046000,None,None,247000,None,199410000,-126983000,None,92150000,1302000,874851000,70573000,79722000,61395000,167762000,None,None,None,457748000,1091360000,8526000,None,22000000,USD,-8087000,-46420000,-8087000,-5738000,25873000,21722000,-4385000,-56705000,3304000,-24654000,-38289000,-1854000,13328000,None,234000,None,5129000,5034000,2349000,-11721000,73000,-24581000,47.22,50.38
6,2018-12-31,USD,228680000,54759000,156846000,71834000,9967000,3061000,0,0,9967000,0,45473000,-7108000,17075000,8294000,-4377000,None,None,None,-2358000,992000,0,6912000,-10944000,6000,3055000,3061000,None,USD,1049532000,55157000,None,757471000,508908000,540624000,35300000,38121000,244000,196106000,36750000,645263000,24927000,33107000,418305000,243132000,243132000,16495000,40374000,232931000,50880000,540624000,None,218580000,53853000,None,137052000,None,None,244000,None,196106000,-124794000,None,None,None,40374000,None,53853000,1450000,90603000,None,None,None,452573000,1049532000,33107000,None,22000000,USD,None,11783000,-5066000,-2792000,-21627000,-23549000,-2156000,28443000,3061000,24176000,52791000,2407000,11938000,None,234000,None,4214000,19388000,2274000,4214000,-94000,24082000,51.31,47.22
7,2018-09-30,USD,219744000,55332000,150851000,68893000,9640000,8477000,0,0,9640000,0,46802000,-3921000,13561000,8561000,-4628000,None,None,None,0,-31000,0,1391000,-3890000,228000,8249000,8477000,None,USD,1040565000,53703000,None,13328000,510692000,529873000,38005000,38046000,244000,192984000,42891000,645543000,44762000,9025000,152110000,511000,511000,14165000,41164000,208144000,45948000,-169373000,0,185791000,315691000,0,114064000,0,0,244000,0,192984000,-124169000,None,32035000,14028000,832421000,None,315691000,4886000,358582000,None,None,None,446649000,1040565000,9025000,None,22000000,USD,None,16704000,-3490000,-1959000,-39125000,-39850000,-959000,14553000,8477000,-1386000,41954000,372000,12137000,0,234000,0,-740000,5004000,1531000,-740000,-41000,-1427000,49.4,51.31
8,2018-06-30,USD,218277000,49682000,149457000,68820000,8423000,5372000,0,0,8423000,0,38781000,-10715000,19138000,8917000,-5022000,None,None,None,0,1984000,0,2561000,-5999000,-490000,5862000,5372000,None,USD,1050003000,59690000,None,13552000,531264000,518739000,38070000,36677000,244000,184507000,42899000,645655000,43603000,10452000,135927000,508000,508000,15390000,42958000,209866000,47099000,-186606000,0,185862000,352438000,0,99250000,0,0,244000,0,184507000,-123215000,None,30783000,13952000,840137000,None,352438000,4829000,395337000,None,None,None,441813000,1050003000,10452000,None,22000000,USD,1040000,23438000,-6239000,-3517000,-28125000,-32832000,-4942000,18510000,5372000,4105000,43176000,-387000,12913000,0,235000,0,-4634000,6474000,3762000,-4634000,-89000,4016000,40.9,49.4
9,2018-03-31,USD,211298000,57423000,151553000,59745000,-2809000,-3264000,0,0,-2809000,0,47908000,-5131000,2322000,8803000,-4986000,None,None,None,0,712000,0,413000,-6673000,-42000,-3222000,-3264000,None,USD,1051253000,66503000,None,13633000,543783000,507470000,38351000,33940000,243000,179135000,53017000,646367000,44576000,6436000,112556000,504000,504000,13002000,43835000,206138000,42831000,-205400000,0,186069000,378210000,0,78616000,0,0,243000,0,179135000,-123235000,None,30445000,15134000,845115000,None,378210000,14666000,431227000,None,None,None,438325000,1051253000,6436000,None,22000000,USD,None,-26953000,-3767000,-2398000,31991000,29541000,-2684000,-27386000,-3264000,-10489000,-36263000,-3753000,12636000,0,234000,0,-20443000,5514000,1369000,-20443000,16000,-10473000,38.1,40.9
10,2017-12-31,USD,205240000,98668000,133700000,71540000,-31569000,-29612000,0,0,-31569000,0,44560000,-4441000,-27128000,9664000,4802000,None,None,None,0,44392000,0,-2259000,-273248000,-210000,-29310000,-29612000,None,USD,1036928000,720061000,None,768916000,533612000,503316000,37325000,36431000,241000,180443000,50541000,645750000,800092000,16909000,139467000,549000,549000,10370000,45541000,191295000,40485000,503316000,0,205562000,342507000,0,103036000,0,0,241000,0,180443000,-121994000,None,None,None,45541000,None,342507000,14313000,394145000,None,None,None,434256000,1036928000,16909000,None,21000000,USD,1000000,15521000,-3695000,-432000,-34176000,-35441000,-1265000,-11332000,-29612000,8227000,47363000,1436000,14807000,0,0,0,-2682000,44667000,4263000,544000,22000,8249000,40.45,38.1
11,2017-09-30,USD,194358000,53749000,134511000,59847000,2148000,4370000,0,0,2148000,0,42456000,-3950000,6098000,9946000,4880000,None,None,None,0,1347000,0,-1984000,-539000,1004000,4132000,4370000,None,USD,1077797000,80861000,None,15106000,553420000,524377000,35572000,33238000,241000,210543000,50298000,689375000,843481000,8660000,128794000,697000,697000,3777000,47075000,187241000,31937000,-245859000,0,163475000,374328000,0,95556000,0,0,241000,0,210543000,-121395000,None,26149000,15159000,890556000,None,374328000,14726000,424626000,None,None,None,431211000,1077797000,8660000,None,22000000,USD,1000000,5168000,-5832000,-980000,-28082000,-28273000,-191000,11647000,4370000,-4959000,29146000,1149000,15749000,0,0,0,-9025000,9133000,4852000,-6423000,27000,-4932000,34.3,40.45
12,2017-06-30,USD,202348000,265556000,137367000,64981000,-203986000,-150173000,0,0,-203986000,0,42603000,-3411000,-200575000,9684000,4927000,None,None,None,0,213300000,0,-53504000,-165000,-549000,-150482000,-150173000,None,USD,1093485000,89489000,None,16871000,575478000,518007000,41223000,30796000,241000,206173000,56585000,688836000,857857000,13592000,118720000,400869000,400869000,5345000,46977000,188651000,35546000,-260318000,0,158188000,400173000,0,87924000,0,0,241000,0,206173000,-120735000,None,28565000,15421000,904834000,None,400173000,15362000,456758000,None,None,None,426983000,1093485000,13592000,None,21000000,USD,1000000,16661000,-10880000,-2096000,-29000000,-30016000,-1016000,8768000,-150173000,782000,41678000,-2123000,15323000,0,0,0,3197000,151174000,8784000,10816000,143000,925000,43.2,34.3
13,2017-03-31,USD,205799000,56054000,135596000,70203000,10903000,5298000,0,0,10903000,0,46856000,-3246000,14149000,8919000,4004000,None,None,None,0,300000,0,5748000,-3246000,143000,5155000,5298000,None,USD,1292294000,97469000,None,14690000,626637000,665657000,83215000,32268000,240000,356346000,52957000,897752000,1059442000,12667000,106024000,422297000,422297000,5861000,36067000,196785000,37569000,-329564000,0,169428000,422297000,0,73756000,0,0,240000,0,356346000,-117813000,None,26652000,None,1095509000,None,422297000,15101000,520613000,None,None,None,421023000,1292294000,12667000,None,21000000,USD,177000,-42257000,-108541000,-102215000,127605000,122551000,-5054000,-828000,5298000,-4382000,-18392000,-828000,14413000,0,0,0,-6663000,12601000,6503000,-7619000,22000,-4360000,42.1,43.2
14,2016-12-31,USD,195200000,51681000,135110000,60090000,4366000,4154000,0,0,4366000,0,37783000,-4043000,8409000,8435000,4004000,None,None,None,0,5504000,0,179000,-18992000,-6717000,4187000,4154000,None,USD,1153215000,882610000,None,929193000,505182000,648033000,77349000,24053000,235000,351483000,41716000,799862000,940699000,17027000,135768000,54000,54000,3615000,32434000,180082000,34675000,648033000,0,174561000,292065000,0,111715000,0,0,235000,0,351483000,-113195000,None,None,None,32434000,None,292065000,None,369414000,None,None,None,405895000,1153215000,17027000,None,21000000,USD,1177000,20472000,-5403000,-839000,-36000000,-36119000,-151000,14948000,4154000,7979000,49501000,-765000,14910000,0,0,0,3883000,-5203000,4564000,15933000,-55000,7924000,50.65,42.1
15,2016-09-30,USD,202493000,47891000,131362000,71131000,19553000,12292000,0,0,19553000,0,38750000,-3687000,23240000,8092000,4176000,None,None,None,0,1049000,0,7265000,160000,5824000,12288000,12292000,None,USD,1161094000,90090000,None,12772000,522074000,639020000,82008000,22158000,235000,347329000,43349000,799958000,946428000,9103000,114208000,None,None,2447000,30099000,184567000,32932000,-251028000,0,162692000,325858000,0,92050000,0,0,235000,0,347329000,-112329000,None,23448000,None,976527000,None,325858000,None,407866000,None,None,None,401338000,1161094000,9103000,None,21000000,USD,177000,9871000,-24551000,-20555000,-11000000,-11317000,-317000,2245000,12292000,2395000,38263000,2245000,14557000,0,0,0,-9442000,4614000,3996000,-5316000,8000,2403000,59.76,50.65
16,2016-06-30,USD,203241000,48929000,126103000,77138000,24362000,15169000,0,0,24362000,0,39624000,-3847000,28209000,7558000,4123000,None,None,None,0,1747000,0,8223000,-347000,-970000,16139000,15169000,None,USD,1142557000,93398000,None,15955000,516604000,625953000,79185000,21290000,234000,335037000,39355000,787354000,939880000,6700000,102745000,None,None,4314000,29482000,173195000,36261000,-254799000,0,150540000,334674000,0,81455000,0,0,234000,0,335037000,-109768000,None,22867000,None,969362000,None,334674000,None,413859000,None,None,None,396136000,1142557000,6700000,None,21000000,USD,177000,18505000,-39584000,-36188000,-17500000,-17567000,-67000,-559000,15169000,-6724000,50427000,-559000,13792000,0,0,0,-19818000,5725000,3396000,-2205000,-33000,-6757000,60.42,59.76
17,2016-03-31,USD,197050000,50804000,131870000,65180000,10876000,6002000,0,0,10876000,0,42057000,-3500000,14376000,7414000,3971000,None,None,None,0,1300000,0,4010000,-3500000,0,6866000,6002000,None,USD,1127554000,94256000,None,14887000,520352000,607202000,81139000,19944000,234000,319868000,38584000,765533000,919532000,13457000,89200000,None,None,4964000,27294000,180728000,37256000,-252587000,0,152384000,350013000,0,69256000,0,0,234000,0,319868000,-109146000,None,22487000,None,946826000,None,350013000,None,431152000,None,None,None,391282000,1127554000,13457000,None,21000000,USD,None,-49460000,-17098000,-15118000,40500000,-18160000,-3518000,None,6002000,-45138000,-9880000,10983000,13166000,0,-55142000,0,-14834000,13958000,1980000,-4529000,158000,-44980000,58.19,60.42
18,2015-12-31,USD,91745000,15478000,54454000,37291000,17619000,19343000,0,0,17619000,0,15275000,-4194000,21813000,-636000,4342000,None,None,None,0,810000,0,-4567000,-8941000,-2843000,22186000,19343000,None,USD,1164160000,847792000,None,910145000,511835000,652325000,68421000,19086000,241000,313866000,33733000,751400000,905683000,58437000,131421000,242000,242000,3585000,28888000,229589000,34917000,652325000,0,166690000,311993000,0,112335000,0,0,241000,0,313866000,-103734000,None,None,None,28888000,None,311993000,None,380414000,None,None,None,438367000,1164160000,58437000,None,23000000,USD,-300000,19975000,96344000,100175000,-109250000,-131832000,-1489000,-39963000,19343000,45542000,81030000,-9361000,22177000,0,-21093000,0,28860000,490000,3531000,28406000,-567000,44975000,59.4,58.19
19,2015-09-30,USD,227237000,52926000,137486000,89751000,30804000,19374000,0,0,30804000,0,43629000,-6021000,36825000,8994000,4638000,None,None,None,0,303000,0,11430000,-1424000,0,19374000,19374000,None,USD,1272144000,102450000,None,22962000,624273000,647871000,84581000,22721000,243000,295550000,30739000,806801000,967826000,13462000,120266000,None,None,1027000,47457000,256861000,34050000,-261380000,0,220437000,419426000,0,97545000,0,0,243000,0,294523000,-101239000,None,24525000,None,1015283000,None,419426000,None,504007000,None,None,None,453317000,1272144000,13462000,None,23000000,USD,-12000000,8692000,-17980000,-809000,-50014000,-50264000,-250000,None,19374000,-3338000,64906000,-1256000,16111000,0,0,0,454000,13157000,5171000,8828000,-28000,-3366000,62.53,59.4
