,fiscalDateEnding,reportedCurrency_x,totalRevenue,totalOperatingExpense,costOfRevenue,grossProfit,ebit,netIncome_x,researchAndDevelopment,effectOfAccountingCharges,incomeBeforeTax,minorityInterest,sellingGeneralAdministrative,otherNonOperatingIncome,operatingIncome,otherOperatingExpense,interestExpense,taxProvision,interestIncome,netInterestIncome,extraordinaryItems,nonRecurring,otherItems,incomeTaxExpense,totalOtherIncomeExpense,discontinuedOperations,netIncomeFromContinuingOperations,netIncomeApplicableToCommonShares,preferredStockAndOtherAdjustments,reportedCurrency_y,totalAssets,intangibleAssets,earningAssets,otherCurrentAssets,totalLiabilities,totalShareholderEquity,deferredLongTermLiabilities,otherCurrentLiabilities,commonStock,retainedEarnings,otherLiabilities,goodwill,otherAssets,cash,totalCurrentLiabilities,shortTermDebt,currentLongTermDebt,otherShareholderEquity,propertyPlantEquipment,totalCurrentAssets,longTermInvestments,netTangibleAssets,shortTermInvestments,netReceivables,longTermDebt,inventory,accountsPayable,totalPermanentEquity,additionalPaidInCapital,commonStockTotalEquity,preferredStockTotalEquity,retainedEarningsTotalEquity,treasuryStock,accumulatedAmortization,otherNonCurrrentAssets,deferredLongTermAssetCharges,totalNonCurrentAssets,capitalLeaseObligations,totalLongTermDebt,otherNonCurrentLiabilities,totalNonCurrentLiabilities,negativeGoodwill,warrants,preferredStockRedeemable,capitalSurplus,liabilitiesAndShareholderEquity,cashAndShortTermInvestments,accumulatedDepreciation,commonStockSharesOutstanding,reportedCurrency,investments,changeInLiabilities,cashflowFromInvestment,otherCashflowFromInvestment,netBorrowings,cashflowFromFinancing,otherCashflowFromFinancing,changeInOperatingActivities,netIncome_y,changeInCash,operatingCashflow,otherOperatingCashflow,depreciation,dividendPayout,stockSaleAndPurchase,changeInInventory,changeInAccountReceivables,changeInNetIncome,capitalExpenditures,changeInReceivables,changeInExchangeRate,changeInCashAndCashEquivalents,clossingVal,nextClossingVal
0,2020-06-30,USD,462779000,303400000,121515000,341264000,21525000,-80010000,81068000,None,2954000,None,222332000,-16339000,37864000,None,18571000,82964000,None,-18571000,None,None,None,82964000,-16339000,None,-80010000,-80010000,None,USD,4538191000,1891100000,None,157548000,2176339000,2361852000,99164000,None,20000,-699283000,145165000,413669000,568432000,721687000,984656000,174504000,174504000,-1886000,138801000,1489089000,None,57083000,15142000,543755000,1002318000,66099000,810152000,None,None,20000,None,-699283000,-4585000,None,40889000,None,564643000,None,1002318000,90201000,1191683000,None,None,None,3067586000,4538191000,721687000,None,199607441,USD,-158071000,164596000,-158071000,-157105000,None,20471000,-6345000,71659000,-80010000,-37999000,99601000,-37082000,78903000,None,26816000,2101000,-118256000,89349000,966000,-118256000,None,-37999000,55.58,
1,2020-03-31,USD,355909000,274984000,97416000,258493000,-15273000,-13591000,27209000,None,-32617000,None,247775000,1218000,-16491000,None,17344000,-19026000,-16568000,-17344000,None,None,None,-19026000,1218000,None,-13591000,-13591000,None,USD,4314720000,1749244000,None,161903000,2126381000,2188339000,89721000,None,19000,-619273000,130389000,413669000,556747000,758262000,592432000,None,None,-2230000,142420000,1413740000,None,25426000,12653000,425405000,1358360000,68170000,592432000,None,None,19000,None,-619273000,-4585000,None,42925000,552722000,2900980000,None,1358360000,85868000,1533949000,None,None,None,2814408000,4314720000,758262000,None,190578247,USD,-218204000,464000,-218204000,-99200000,None,-39614000,-46664000,-171699000,-13591000,-320411000,-62593000,-143802000,71310000,None,7050000,-14444000,-16869000,54339000,119004000,-16869000,None,-320411000,29.62,55.58
2,2019-12-31,USD,363545000,213949000,94921000,268624000,53982000,592769000,28558000,None,36884000,None,185391000,-693000,54675000,None,17098000,-555885000,-17040000,-17098000,None,None,None,-555885000,-693000,None,592769000,592769000,None,USD,4436034000,1702628000,None,143577000,2250585000,2185449000,94247000,54913000,19000,-605682000,128075000,413669000,563675000,1080039000,723169000,None,None,-1905000,30159000,1686103000,None,69152000,12704000,408685000,1352841000,53802000,723169000,None,None,19000,None,-605682000,-4585000,None,48310000,555165000,2749931000,None,1352841000,80328000,1527416000,None,None,None,2797602000,4436034000,1080039000,None,188017674,USD,-12532000,24994000,-12532000,-6000000,None,12386000,-2109000,95590000,592769000,191234000,191380000,65213000,65354000,None,14495000,4736000,-11996000,-549690000,6532000,-11996000,None,191234000,36.2,29.62
3,2019-09-30,USD,335466000,196898000,89949000,245517000,8098000,18234000,24572000,None,-12330000,None,172326000,-40521000,48619000,None,20428000,-30564000,-20468000,-20428000,None,None,None,-30564000,-40521000,None,18234000,18234000,None,USD,3721422000,1760517000,None,135963000,2165849000,1555573000,112968000,49736000,19000,-1198454000,146575000,413669000,9730000,887710000,635614000,None,None,-2475000,26202000,1478804000,None,-618613000,11474000,396626000,1347360000,58505000,635614000,None,None,19000,None,-1198454000,-4585000,None,42185000,45000,2242618000,None,1347360000,69907000,1530235000,None,None,None,2761068000,3721422000,887710000,None,186790429,USD,-4467000,61739000,-4467000,-6000000,-66236000,-63815000,-1789000,-33316000,18234000,19234000,87516000,-117179000,64766000,None,4210000,-7500000,-1625000,69081000,4467000,-1625000,None,19234000,27.23,36.2
4,2019-06-30,USD,320647000,206372000,89163000,231484000,12038000,-5120000,28314000,None,-9995000,None,167095000,-13074000,25112000,10963000,22033000,-4875000,-21957000,-22033000,None,None,None,-4875000,-24037000,None,-5120000,-5120000,None,USD,3708004000,1818179000,None,85728000,2187131000,1520873000,109443000,7311000,19000,-1216688000,145921000,413669000,49847000,869736000,636832000,None,None,-1666000,24808000,1401501000,None,-710975000,11582000,395018000,1366778000,51019000,629521000,None,None,19000,None,-1216688000,-4585000,None,43767000,6080000,2306503000,None,1366778000,74078000,1550299000,None,None,None,2743793000,3708004000,869736000,None,186085864,USD,991000,-9844000,991000,6000000,-258930000,-259638000,-7203000,-27023000,-5120000,-167379000,91268000,-9475000,64897000,None,6495000,343000,9018000,41449000,5009000,9018000,None,-167379000,24.06,27.23
5,2019-03-31,USD,280371000,194024000,88142000,192229000,-7253000,-32863000,21725000,None,-34783000,None,172299000,-5458000,-1795000,None,27530000,-1920000,-27591000,-27530000,None,None,None,-1920000,-5458000,None,-32863000,-32863000,None,USD,3935709000,1892862000,None,67741000,2431621000,1504088000,108668000,4834000,18000,-1211568000,145197000,413669000,12403000,1036539000,895403000,250000000,250000000,-2010000,22135000,1559740000,None,-802443000,10738000,403862000,1358121000,51598000,640569000,None,None,18000,None,-1211568000,-4585000,None,44757000,2546000,2375969000,None,1358121000,69429000,1536218000,None,None,None,2722233000,3935709000,1036539000,None,184745982,USD,-1849000,-65824000,-1849000,-6000000,-300000000,20621000,-17171000,-77022000,-32863000,74940000,56168000,-4445000,64742000,None,337792000,-847000,60769000,34636000,1849000,60769000,None,74940000,26.43,24.06
6,2018-12-31,USD,355543000,302242000,107032000,248511000,53301000,89947000,19683000,0,43125000,0,175527000,None,53301000,0,-29771000,None,None,None,37392000,0,0,-46822000,-10176000,0,89947000,89947000,None,USD,4146371000,2125226000,None,43780000,3092214000,1054157000,None,45642000,17000,-1314718000,433626000,426441000,26177000,958712000,761904000,None,None,-1523000,20101000,1548426000,None,-1497510000,None,464730000,1896684000,50751000,30284000,None,None,None,None,None,-4585000,None,None,None,None,None,1896684000,None,None,None,None,None,2374966000,None,958712000,None,166000000,USD,None,-36569000,31110000,32424000,-300000000,9545000,3297000,95637000,89947000,148671000,108708000,None,1633000,None,16972000,2378000,-73757000,-43833000,3890000,None,None,None,19.54,26.43
7,2018-09-30,USD,325311000,172054000,99011000,226300000,54734000,26030000,21169000,0,24297000,0,161585000,488000,54246000,-12303000,30437000,None,None,None,0,1603000,0,-1733000,-19332000,0,26030000,26030000,None,USD,4019386000,2209468000,None,81492000,3102525000,916861000,156848000,6759000,17000,-1414875000,520144000,426441000,27700000,813446000,691569000,None,None,-1261000,16592000,1339185000,None,-1719048000,15342000,391117000,1890812000,53130000,684810000,0,0,17000,0,-1414875000,-4585000,None,27469000,231000,2680201000,None,1890812000,363296000,2410956000,None,None,None,2337565000,4019386000,813446000,None,167522751,USD,None,-47386000,9305000,9424000,-1000,2360000,-3697000,-95427000,26030000,96526000,84861000,-13417000,89839000,0,6058000,-3647000,12318000,21124000,119000,12318000,None,96526000,19.58,19.54
8,2018-06-30,USD,302835000,200939000,100082000,202753000,2156000,-32836000,24265000,0,-28874000,0,176674000,342000,1814000,0,31030000,None,None,None,0,-37853000,0,3673000,-34991000,0,-32547000,-32836000,None,USD,3989725000,2277193000,None,64231000,3129575000,860150000,157404000,5629000,17000,-1440908000,518812000,426441000,33409000,716605000,725645000,1885118000,1885118000,-1128000,18070000,1234612000,None,-1843484000,14686000,403671000,1885118000,50105000,720016000,0,0,17000,0,-1440908000,-4585000,None,29224000,4185000,2755113000,None,1885118000,361408000,2403930000,None,None,None,2306754000,3989725000,716605000,None,166590504,USD,None,-6874000,-97000,0,-25597000,-23818000,-5682000,-11865000,-32837000,37870000,61785000,-12715000,88986000,0,7461000,-2741000,678000,27288000,97000,678000,None,37870000,16.56,19.58
9,2018-03-31,USD,223881000,235097000,116092000,107789000,-127240000,-157327000,17645000,0,-157694000,0,179599000,68000,-127308000,0,30454000,None,None,None,0,37853000,0,-367000,-85315000,0,-157327000,-157327000,None,USD,4002845000,2344183000,None,52805000,3141750000,861095000,157472000,3812000,17000,-1408071000,515957000,426441000,27635000,680720000,759212000,38446000,38446000,-520000,19488000,1185098000,None,-1909529000,14334000,404208000,1866581000,47365000,716954000,0,0,17000,0,-1408071000,-4585000,None,26776000,859000,2817747000,None,1866581000,358485000,2382538000,None,None,None,2274254000,4002845000,680720000,None,164975527,USD,None,-64773000,-12665000,-12000000,-2125000,-4683000,-3503000,-78098000,-157327000,-78159000,-60811000,-10552000,89121000,0,945000,14290000,1064000,67366000,665000,1064000,None,-78159000,14.2,16.56
10,2017-12-31,USD,274219000,198295000,151492000,122727000,-75833000,-46449000,30872000,0,-107059000,0,167423000,-265000,-75568000,0,31226000,None,None,None,0,37853000,0,-60646000,-389659000,0,-46413000,-46449000,None,USD,4166092000,2449390000,None,43402000,3174994000,991098000,167658000,6885000,16000,-1252329000,368913000,426441000,2915382000,757897000,757106000,10625000,10625000,-983000,20405000,1230305000,None,-1884733000,13019000,367351000,1891030000,61655000,739596000,0,0,16000,0,-1252329000,-4585000,None,36081000,3470000,2935787000,None,1891030000,359200000,2417888000,None,None,None,2248979000,4166092000,757897000,None,164400717,USD,None,47809000,1590000,1893000,385117000,-19345000,-20893000,134114000,-46448000,125458000,143213000,30366000,88864000,0,3631000,24889000,-84444000,-25600000,303000,23333000,950000,126408000,14.6,14.2
11,2017-09-30,USD,271646000,171880000,125517000,146129000,-25084000,-63971000,17928000,0,-56790000,0,153952000,667000,-25751000,0,31706000,None,None,None,0,-75706000,0,7181000,-5403000,0,-63971000,-63971000,None,USD,4169454000,2518055000,None,52925000,3169631000,999823000,235955000,5938000,16000,-1205880000,346490000,426441000,2986129000,631490000,707951000,8500000,8500000,-2341000,21700000,1161625000,None,-1944673000,12247000,390683000,1889077000,86527000,693513000,0,0,16000,0,-1205880000,-4585000,None,36234000,5399000,3007829000,None,1889077000,336648000,2461680000,None,None,None,2212613000,4169454000,631490000,None,163857639,USD,None,16546000,-1633000,-230000,-2083000,1805000,-438000,25214000,-63972000,68521000,68349000,-38317000,88096000,0,2242575,15746000,85161000,50088000,1403000,162000,2170000,70691000,12.68,14.6
12,2017-06-30,USD,289507000,345024000,130150000,159357000,-179695000,-209536000,163101000,0,-211303000,0,181923000,5972000,-185667000,0,31608000,None,None,None,0,37853000,0,-1767000,7104000,0,-209536000,-209536000,None,USD,4169941000,2586721000,None,45988000,3141173000,1028768000,218677000,4254000,16000,-1141908000,364642000,427944000,3046673000,561535000,681866000,8500000,1892344000,-2132000,22657000,1100611000,None,-1985897000,12311000,390844000,1883844000,102244000,669112000,0,0,16000,0,-1141908000,-4585000,None,29845000,2163000,3069330000,None,1883844000,356786000,2459307000,None,None,None,2177377000,4169941000,561535000,None,163314091,USD,None,-53202000,-100259000,-99052000,-2125000,751000,-752000,-28581000,-209536000,-51583000,47925000,16559000,89472000,0,3628425,30686000,85323000,168211000,1207000,5735000,2494000,-49089000,11.87,12.68
13,2017-03-31,USD,220859000,187126000,139116000,81743000,-106140000,-90570000,13061000,0,-138123000,0,174065000,-757000,-105383000,0,31983000,None,None,None,0,0,0,-47553000,-32740000,0,-90570000,-90570000,None,USD,4374756000,2703758000,None,52091000,3169078000,1205678000,250347000,2935000,16000,-931380000,327638000,445579000,3154137000,610347000,717970000,8500000,8500000,-2758000,23557000,1197062000,None,-1943659000,11385000,396785000,1880762000,137839000,706535000,0,0,16000,0,-931380000,-4585000,None,2843000,1957000,3177694000,None,1880762000,319999000,2451108000,None,None,None,2144385000,4374756000,610347000,None,162624594,USD,None,99236000,-1317000,104000,79103000,75197000,-4450000,-2179000,-90570000,94601000,20721000,-5332000,89865000,0,544000,37050000,91058000,-18470000,1421000,-91058000,-298000,94303000,14.78,11.87
14,2016-12-31,USD,310350000,290706000,149752000,160598000,-130989000,-130542000,23961000,0,-159847000,0,200745000,-881000,-130108000,66000000,28858000,None,None,None,0,66000000,0,-29172000,-210420000,0,-130675000,-130542000,None,USD,4292059000,2773435000,None,49619000,3028280000,1263779000,304331000,3321000,16000,-848021000,326117000,445579000,3222293000,516150000,605852000,7750000,7750000,-3086000,23484000,1046282000,None,-1955235000,10168000,305725000,1799743000,174788000,594781000,0,0,16000,0,-848021000,-4585000,None,2368000,911000,3245777000,None,1799743000,318354000,2422428000,None,None,None,2119455000,4292059000,516150000,None,161620590,USD,None,-2043000,-837449000,-836334000,655190000,658764000,-230000,103226000,-130542000,-39500000,139185000,64859000,84303000,0,3804000,43791000,-68271000,3865000,1115000,74952000,-748000,-40248000,16.18,14.78
15,2016-09-30,USD,208702000,144863000,85161000,123541000,-14551000,-5870000,12814000,0,-33617000,0,132049000,6771000,-21322000,0,19066000,None,None,None,0,66000000,0,-27747000,6944000,0,-5870000,-5870000,None,USD,3349671000,1949611000,None,38078000,1987693000,1361978000,103737000,1635000,16000,-717479000,192655000,248736000,2210523000,554574000,556231000,4000000,1147224000,-2847000,21442000,1117706000,None,-836369000,8011000,362899000,1143224000,162155000,550596000,0,0,16000,0,-717479000,-4585000,None,6201000,5975000,2231965000,None,1143224000,184501000,1431462000,None,None,None,2086873000,3349671000,554574000,None,161234107,USD,None,128030000,-3942000,-2102000,-1000000,151000,-575000,110599000,-5870000,124996000,128787000,-9930000,66211000,0,1726000,10065000,142448000,-1203000,1840000,-58516000,-218000,124778000,18.13,16.18
16,2016-06-30,USD,257378000,144785000,81126000,176252000,31456000,14984000,11210000,0,12228000,0,133575000,-11000,31467000,0,19228000,None,None,None,0,-132000000,0,-2756000,406000,0,14984000,14984000,None,USD,3227458000,2000368000,None,33866000,1889245000,1338213000,139953000,1448000,16000,-711609000,199162000,255927000,2267443000,427694000,418809000,4000000,4000000,-2737000,21971000,938044000,None,-918082000,5472000,304382000,1139687000,172102000,413361000,0,0,16000,0,-711609000,-4585000,None,6156000,4992000,2289414000,None,1139687000,190796000,1470436000,None,None,None,2057128000,3227458000,427694000,None,160741997,USD,None,-59146000,-11233000,-5982000,-1000000,2425000,-549000,-20797000,14984000,38495000,47303000,8245000,66059000,0,3974000,6460000,83932000,24795000,5251000,-14094000,177000,38672000,16.47,18.13
17,2016-03-31,USD,204690000,154661000,77233000,127457000,-27391000,-45406000,12722000,0,-46849000,0,141939000,-187000,-27204000,0,19458000,None,None,None,0,66000000,0,-1443000,-19645000,0,-45406000,-45406000,None,USD,3205494000,2056618000,None,17482000,1913525000,1291969000,142227000,1155000,16000,-726593000,200773000,255602000,2310309000,388631000,442924000,4000000,4000000,-2898000,18581000,876604000,None,-1020251000,2778000,290289000,1136180000,180202000,437769000,0,0,16000,0,-726593000,-4585000,None,600000,4347000,2335748000,None,1136180000,192194000,1470601000,None,None,None,2026029000,3205494000,388631000,None,160250589,USD,None,92959000,-523257000,-515732000,386200000,-4266000,-4185000,326000,-45406000,-473342000,54181000,-20538000,64426000,0,919000,7317000,69838000,25261000,7525000,-69838000,-421000,-473763000,16.57,16.47
18,2015-12-31,USD,244538000,138916000,67573000,176965000,30858000,23994000,13689000,0,-11462000,0,125227000,-7191000,38049000,0,20120000,None,None,None,0,66000000,0,-35456000,-299100000,0,23994000,23994000,None,USD,3066947000,1689171000,None,15858000,1753802000,1313145000,122185000,1447000,16000,-681187000,141735000,253811000,1946780000,861476000,357552000,4000000,4000000,-2651000,14020000,1106147000,None,-629837000,1860000,210437000,1141115000,18376000,352105000,0,0,16000,0,-681187000,-4585000,None,8581000,2278000,1967861000,None,1141115000,132950000,1396250000,None,None,None,2001552000,3066947000,861476000,None,159684701,USD,42781000,18759000,39139000,-1000000,-1000000,1894000,-690000,123349000,23994000,175971000,134938000,15712000,56317000,0,3584000,-603000,-124766000,-12045000,2642000,10604000,-641000,175330000,21.67,16.57
19,2015-09-30,USD,226544000,119562000,61250000,165294000,45556000,3277000,13073000,0,25256000,0,106489000,-176000,45732000,0,20300000,None,None,None,0,0,0,21979000,193314000,0,3277000,3277000,None,USD,2998918000,1731079000,None,16466000,1740580000,1258338000,152272000,1353000,16000,-705181000,139278000,259167000,2034910000,685146000,321589000,4000000,None,-32204000,10380000,953628000,42413000,-731908000,860000,234287000,1137011000,17729000,316236000,0,0,16000,0,-705181000,-4585000,None,9514000,None,2052553000,None,1137011000,129708000,1418991000,None,None,None,2000292000,2998918000,685146000,None,159267370,USD,-71813000,23514000,-74306000,-260000,-1213000,2554000,-2334000,None,3277000,16631000,88383000,-63731000,55332000,0,6101000,2264000,135370000,49887000,2233000,-38203000,598000,17229000,19.82,21.67
