,fiscalDateEnding,reportedCurrency_x,totalRevenue,totalOperatingExpense,costOfRevenue,grossProfit,ebit,netIncome_x,researchAndDevelopment,effectOfAccountingCharges,incomeBeforeTax,minorityInterest,sellingGeneralAdministrative,otherNonOperatingIncome,operatingIncome,otherOperatingExpense,interestExpense,taxProvision,interestIncome,netInterestIncome,extraordinaryItems,nonRecurring,otherItems,incomeTaxExpense,totalOtherIncomeExpense,discontinuedOperations,netIncomeFromContinuingOperations,netIncomeApplicableToCommonShares,preferredStockAndOtherAdjustments,reportedCurrency_y,totalAssets,intangibleAssets,earningAssets,otherCurrentAssets,totalLiabilities,totalShareholderEquity,deferredLongTermLiabilities,otherCurrentLiabilities,commonStock,retainedEarnings,otherLiabilities,goodwill,otherAssets,cash,totalCurrentLiabilities,shortTermDebt,currentLongTermDebt,otherShareholderEquity,propertyPlantEquipment,totalCurrentAssets,longTermInvestments,netTangibleAssets,shortTermInvestments,netReceivables,longTermDebt,inventory,accountsPayable,totalPermanentEquity,additionalPaidInCapital,commonStockTotalEquity,preferredStockTotalEquity,retainedEarningsTotalEquity,treasuryStock,accumulatedAmortization,otherNonCurrrentAssets,deferredLongTermAssetCharges,totalNonCurrentAssets,capitalLeaseObligations,totalLongTermDebt,otherNonCurrentLiabilities,totalNonCurrentLiabilities,negativeGoodwill,warrants,preferredStockRedeemable,capitalSurplus,liabilitiesAndShareholderEquity,cashAndShortTermInvestments,accumulatedDepreciation,commonStockSharesOutstanding,reportedCurrency,investments,changeInLiabilities,cashflowFromInvestment,otherCashflowFromInvestment,netBorrowings,cashflowFromFinancing,otherCashflowFromFinancing,changeInOperatingActivities,netIncome_y,changeInCash,operatingCashflow,otherOperatingCashflow,depreciation,dividendPayout,stockSaleAndPurchase,changeInInventory,changeInAccountReceivables,changeInNetIncome,capitalExpenditures,changeInReceivables,changeInExchangeRate,changeInCashAndCashEquivalents,clossingVal,nextClossingVal
0,2020-06-30,USD,555450000,211003000,148853000,406597000,213004000,66441000,41929000,None,167357000,31869000,159005000,17410000,195594000,10069000,45647000,-36079000,1100000,-455000,None,None,None,34436000,-23300000,-34611000,132921000,66441000,None,USD,2334732000,222792000,None,136007000,4042726000,-1708175000,17634000,232108000,242000,-8764286000,251967000,1240302000,270388000,129294000,459042000,None,13750000,-124312000,101647000,451748000,296491000,-3171425000,488990000,186447000,3527660000,None,226934000,None,None,242000,None,-8764286000,None,None,66222000,None,252021000,None,3527660000,38390000,3583684000,None,-156000,None,-7180181000,2334732000,129294000,None,None,USD,-415003000,42916000,-1880985000,-2880703000,615782000,41004000,-332938000,-12921000,-96117000,-1645069000,194912000,249575000,-51034000,None,-145530000,None,-20564000,-219728000,6467000,10571000,None,-1645069000,323.4,
1,2020-03-31,USD,1228765000,1083324000,323221000,905544000,-227673000,-211040000,105733000,None,-272539000,28397000,688718000,-49893000,-177780000,76900000,44866000,-41432000,4400000,2183000,None,211973000,None,-89896000,-273821000,None,-182643000,-211040000,None,USD,8434749000,671467000,None,267814000,4937494000,2424410000,19398000,433728000,280000,1478885000,260320000,3042139000,273009000,2822729000,1064416000,13750000,13750000,-157285000,373561000,3536309000,301592000,-1246765000,69912000,375854000,3625008000,None,616938000,None,None,280000,None,1478885000,-10309612000,None,318832000,None,190849000,None,3625008000,228672000,3873078000,None,42431000,None,11412142000,8434749000,2892641000,None,85000000,USD,-29831000,-72507000,-586006000,-531584000,-8977000,194663000,-464000,310000,-182643000,-310368000,80975000,35659000,76900000,None,-3165000,None,-27216000,303365000,24591000,-79799000,None,-310368000,179.23,323.4
2,2019-12-31,USD,1217680000,1053064000,293563000,924117000,232453000,100425000,91503000,None,137105000,1014803000,616441000,None,161298000,None,43082000,12833000,-43082000,-43082000,None,None,None,12833000,15571000,None,124272000,100425000,None,USD,8332825000,578474000,None,249367000,5404783000,2928042000,6200000,256828000,279000,1689925000,70037000,2854462000,300694000,3139295000,1007599000,13750000,13750000,-136349000,539154000,3706989000,353052000,-504894000,19993000,298334000,3121572000,None,94356000,None,None,None,None,None,-10309612000,None,133640000,None,4625836000,None,3121572000,202932000,3426908000,None,None,None,11683799000,None,3159288000,None,90000000,USD,77765000,-29496000,-329529000,-192877000,-3437000,399831000,-392473000,-28985000,543820000,1006673000,937939000,None,88399000,None,-398911000,None,42057000,120542000,136652000,None,None,None,249.11,179.23
3,2019-09-30,USD,1246874000,764637000,296385000,950489000,187081000,128544000,86600000,None,144949000,31228000,631761000,1229000,185852000,46276000,42132000,-14823000,-42132000,-42132000,None,None,None,-14823000,1229000,None,159772000,128544000,None,USD,8304791000,603702000,None,225016000,4421728000,2897274000,21657000,414325000,279000,1589500000,74603000,2852986000,290368000,2946180000,1036281000,13750000,13750000,-144604000,361664000,3684294000,333980000,-482112000,157174000,355924000,3111882000,None,608206000,None,None,279000,None,1589500000,-10309612000,None,297866000,None,170299000,None,3111882000,251908000,3385447000,None,77302000,None,11761711000,8304791000,3103354000,None,89000000,USD,-250095000,60726000,-274622000,2495000,-669706000,-261241000,-80000,7842000,159772000,-202905000,332958000,21166000,46276000,None,-6192000,None,-8535000,53553000,27022000,-8535000,None,-202905000,217.97,249.11
4,2019-06-30,USD,1186658000,755959000,276389000,910269000,154310000,113467000,78614000,None,163076000,33324000,636616000,None,154310000,40729000,-37206000,-5046000,4000000,763000,None,None,None,16285000,29800000,None,146791000,113467000,None,USD,8299105000,628418000,None,234884000,4375006000,2983461000,23010000,402218000,279000,1460956000,81305000,2892962000,219840000,3151959000,953462000,13750000,13750000,-125705000,361550000,3914087000,101958000,-457417000,161749000,365495000,3138531000,None,537494000,None,None,279000,None,1460956000,-10309612000,None,284142000,None,115988000,None,3138531000,260003000,3421544000,None,80502000,None,11957543000,8299105000,3313708000,None,90000000,USD,40000000,23263000,-188279000,-177511000,297886000,870431000,-3746000,14986000,146791000,935019000,252867000,17721000,40729000,2939000,163338000,None,-23273000,60953000,50768000,-36590000,None,935019000,217.53,217.97
5,2019-03-31,USD,1105843000,765899000,260071000,845772000,79873000,88695000,88700000,None,49381000,24290000,635476000,None,79873000,41723000,-31143000,-63604000,-31143000,-31143000,None,None,None,-63604000,651000,None,112985000,88695000,None,USD,7159902000,608109000,None,226474000,3516652000,2779861000,22903000,386943000,279000,1347489000,90846000,2745788000,243065000,2217337000,907820000,13750000,13750000,-126719000,325888000,2829898000,234596000,-502122000,40401000,345686000,2332234000,None,507127000,None,None,279000,None,1347489000,-10309612000,None,286319000,None,129304000,None,2332234000,253695000,2608832000,None,71914000,None,11868424000,7159902000,2257738000,None,90000000,USD,83760000,-32983000,55607000,-2298000,5542000,-73660000,27000,4682000,112985000,84888000,102941000,33500000,41723000,3182000,3182000,None,-88367000,36083000,25855000,-88367000,None,84888000,210.11,217.53
6,2018-12-31,USD,1104103000,716461000,253722000,850381000,133920000,191752000,79207000,0,237175000,25725000,570775000,None,133920000,66479000,-27856000,None,None,None,-10000,0,0,19656000,6535000,0,217519000,191752000,None,USD,6874585000,631422000,None,351918000,3257097000,2843125000,23600000,360015000,278000,1258794000,127991000,2726859000,199710000,2131632000,883558000,13750000,13750000,-128722000,318800000,2762739000,235055000,-449469000,123665000,279189000,2245548000,None,509793000,None,None,278000,None,1258794000,-10309612000,None,134924000,None,64786000,None,2245548000,104391000,2373539000,None,65687000,None,12022387000,6874585000,2131632000,None,91000000,USD,208600000,20727000,100118000,46861000,-5449000,47058000,-687000,4378000,191752000,463604000,316428000,638770000,66479000,-105126000,-20861000,None,43837000,86885000,25521000,43837000,None,463604000,183.04,210.11
7,2018-09-30,USD,1104592000,694522000,237238000,867354000,172832000,145774000,77740000,0,153335000,25803000,577705000,None,172832000,39077000,-27610000,None,None,None,0,0,0,-18200000,-15052000,0,171535000,145774000,None,USD,6372347000,624102000,None,246197000,2974225000,2600482000,34861000,381397000,278000,1067042000,96727000,2572221000,177050000,1670984000,893505000,13750000,13750000,-112855000,308465000,2472894000,217615000,-526311000,208555000,347158000,1983993000,0,498358000,3328592000,11955629000,278000,0,1067042000,-10309612000,None,92233000,None,84817000,None,1983993000,61866000,2080720000,None,69530000,None,11955629000,6372347000,1879539000,None,92000000,USD,115000000,55332000,-107911000,122000,-3438000,-157151000,-60000,-10740000,171577000,26836000,291898000,-4220000,39077000,3921000,3921000,0,-18480000,48612000,20417000,-18480000,None,26836000,216.72,183.04
8,2018-06-30,USD,1059122000,672461000,218224000,840898000,168437000,218353000,75445000,0,312222000,62501000,558023000,None,168437000,38993000,-27356000,None,None,None,0,0,0,31368000,143231000,0,280854000,218353000,None,USD,6235284000,636351000,None,237957000,2922617000,2576079000,35550000,375100000,278000,921268000,94666000,2578296000,149906000,1644829000,845680000,13750000,13750000,-112717000,306602000,2346772000,217357000,-562849000,120410000,343576000,1982271000,0,456792000,3236948000,12008684000,278000,0,921268000,-10241434000,None,87661000,None,62245000,None,1982271000,59116000,2076937000,None,75719000,None,12008684000,6235284000,1765239000,None,91000000,USD,5000000,-22569000,-120758000,-3782000,-3800000,-119555000,-7104000,-15515000,280854000,-12519000,227794000,2959000,38993000,1111000,1111000,0,-30284000,-42159000,24895000,-30284000,None,-12519000,152.49,216.72
9,2018-03-31,USD,995075000,703163000,201962000,793113000,89950000,71082000,76937000,0,58826000,16757000,587016000,None,89950000,39210000,-26505000,None,None,None,0,0,0,-29013000,-33180000,0,87839000,71082000,None,USD,6030974000,653205000,None,234502000,2901484000,2494527000,35938000,374339000,277000,702915000,91412000,2601210000,169850000,1657537000,829493000,14120000,14120000,-74950000,301865000,2222932000,81912000,-712789000,5630000,325263000,1980579000,0,441034000,3082391000,12093006000,277000,0,702915000,-10226721000,None,85742000,84108000,3808042000,None,1980579000,55474000,2071991000,None,47099000,None,12093006000,6030974000,1663167000,None,89000000,USD,5000000,27099000,-44889000,21295000,-3438000,-83150000,2291000,-22680000,87839000,23969000,152008000,-22680000,39210000,-234000,-234000,0,-29901000,50441000,14801000,-29901000,None,23969000,156.38,152.49
10,2017-12-31,USD,950585000,656498000,199727000,750858000,94360000,32804000,70044000,0,55108000,-9455000,547687000,None,94360000,38767000,-30739000,None,None,None,0,0,0,31759000,-145294000,0,23349000,32804000,None,USD,5867810000,663737000,None,185374000,2878120000,2430028000,35070000,342483000,277000,595038000,63853000,2559066000,3427435000,1630809000,799728000,13750000,13750000,-103568000,315170000,2125205000,64977000,-749908000,4995000,304027000,1979469000,0,443495000,2946823000,12165002000,277000,0,595038000,-10226721000,None,73334000,66321000,3742605000,None,1979469000,63853000,2078392000,None,42867000,None,12165002000,5867810000,1635804000,None,85000000,USD,75353000,-71104000,-41735000,79981000,236068000,295931000,963000,5671000,32804000,373289000,119093000,372571000,38767000,-15439000,-377096000,0,-115169000,150075000,19004000,-36557000,2203000,375492000,122.28,156.38
11,2017-09-30,USD,828434000,680733000,166290000,662144000,-18589000,179643000,70645000,0,-53841000,45996000,588459000,None,-18589000,21629000,-25036000,None,None,None,0,0,0,-279480000,-20446000,0,225639000,179643000,None,USD,5540955000,660103000,None,200377000,2591271000,2428921000,36023000,343413000,276000,562234000,70455000,2501589000,3493775000,1255317000,835526000,1649267000,1649267000,-99513000,320277000,1726903000,120806000,-691790000,0,271209000,1649267000,0,492113000,2908703000,12192645000,276000,0,562234000,-10226721000,None,81398000,129879000,3814052000,None,1649267000,70455000,1755745000,None,40981000,None,12192645000,5540955000,1255317000,None,87000000,USD,15000000,143782000,-17881000,19949000,43410000,-392920000,7280000,958000,225639000,-270910000,139891000,-3410000,21629000,0,0,0,78612000,-191936000,14698000,-55813000,3927000,-266983000,117.58,122.28
12,2017-06-30,USD,767387000,552719000,139033000,628354000,75635000,66268000,55430000,0,61137000,14289000,470326000,None,75635000,26963000,-24728000,None,None,None,0,0,0,-19420000,17944000,0,80557000,66268000,None,USD,4786067000,339029000,None,255951000,2573557000,1965177000,248777000,279099000,273000,382591000,67971000,1924241000,2466742000,1522300000,683815000,1572994000,1572994000,-136738000,306144000,2013181000,122055000,-259555000,14984000,219946000,1572994000,0,404716000,2173972000,11945772000,273000,0,382591000,-10226721000,None,81417000,None,2772886000,None,1572994000,67971000,1889742000,None,38538000,None,11945772000,4786067000,1537284000,None,84000000,USD,24000000,-44328000,9542000,-3201000,5000000,24403000,24573000,-2614000,80557000,123846000,89901000,-34180000,26963000,0,0,0,22799000,69764000,30664000,-8875000,1416000,125262000,103.24,117.58
13,2017-03-31,USD,760833000,577815000,145958000,614875000,37060000,26209000,54760000,0,4554000,2254000,494006000,None,37060000,29049000,-24792000,None,None,None,0,0,0,-23909000,-7714000,0,28463000,26209000,None,USD,4619327000,326704000,None,236788000,2575339000,1848059000,242737000,272371000,273000,316323000,81225000,1914133000,2441284000,1397038000,679395000,5000000,5000000,-147345000,291721000,1886322000,119525000,-367519000,33992000,218504000,1571982000,0,402024000,2018729000,11905529000,273000,0,316323000,-10226721000,None,80922000,None,2733005000,None,1571982000,81225000,1895944000,None,25259000,None,11905529000,4619327000,1431030000,None,83000000,USD,75350000,-2683000,89582000,52365000,26590000,-93538000,25327000,-15878000,28463000,63849000,67805000,-15115000,29049000,0,56424000,0,13924000,42015000,11157000,-13924000,4002000,67851000,73.72,103.24
14,2016-12-31,USD,811162000,485841000,212468000,598694000,112820000,102051000,46197000,0,126388000,12066000,404958000,None,112820000,34719000,-26488000,None,None,None,0,-33000,0,12460000,-370382000,189000,113928000,102051000,None,USD,4645873000,355451000,None,204068000,2602376000,1869222000,228798000,285615000,272000,290114000,77706000,1924052000,2496890000,1329187000,713388000,20000000,20000000,-166123000,306248000,1842735000,122810000,-377454000,89342000,220138000,1582484000,0,407773000,2010670000,11921559000,272000,0,290114000,-10176600000,None,94577000,None,2803138000,None,1582484000,77706000,1888988000,None,32827000,None,11921559000,4645873000,1418529000,None,80000000,USD,244747000,61840000,119274000,-95171000,-594768000,-113465000,39590000,-12905000,-16151000,136604000,130795000,83249000,34719000,1713000,-550291000,0,1283000,-17346000,140778000,-31667000,2799000,139403000,64.79,73.72
15,2016-09-30,USD,764102000,499387000,178231000,584971000,85584000,43162000,49704000,0,70166000,9178000,421222000,None,86207000,32218000,-27118000,None,None,None,0,-826101000,0,17826000,18892000,-378000,52340000,43162000,None,USD,4671160000,382296000,None,232556000,2669801000,1863866000,250883000,284227000,271000,188063000,75044000,1942556000,2554353000,1189784000,702589000,20000000,20000000,-122684000,317277000,1799530000,126855000,-460986000,177862000,199328000,1641285000,0,418362000,1970199000,11906822000,271000,0,188063000,-10108606000,None,102646000,None,2871630000,None,1641285000,75044000,1967212000,None,31160000,None,11906822000,4671160000,1367646000,None,82000000,USD,-98524000,34191000,-125383000,7548000,505733000,-23133000,1012000,278000,43162000,-56200000,95653000,52339000,32218000,0,462126000,0,32950000,-8190000,27606000,-14905000,-3337000,-56200000,62.47,64.79
16,2016-06-30,USD,745439000,827521000,170397000,575042000,-252446000,-194775000,49911000,0,-287282000,4233000,447660000,None,-252446000,54550000,-27644000,None,None,None,0,275400000,0,-96740000,-23089000,189000,-190542000,-194775000,None,USD,4660022000,395262000,None,278185000,2722668000,1814450000,259738000,285733000,271000,144901000,115465000,1937675000,2560155000,1245984000,692206000,50000000,50000000,-117407000,306999000,1792868000,127318000,-480066000,79208000,189491000,1655259000,0,356473000,1898933000,11862670000,271000,0,144901000,-10075985000,None,99900000,None,2867154000,None,1655259000,115465000,2030462000,None,38421000,None,11862670000,4660022000,1325192000,None,80000000,USD,15782000,-74854000,95040000,98301000,-62821000,-123941000,11959000,-13427000,-186493000,12931000,41832000,-202406000,54550000,0,-73079000,0,47855000,224479000,19043000,40063000,-5611000,7320000,56.3,62.47
17,2016-03-31,USD,819179000,604028000,193734000,625445000,21417000,8282000,55830000,0,9454000,-348000,518583000,None,21417000,29615000,-27860000,None,None,None,0,0,0,1520000,15897000,0,7934000,8282000,None,USD,5052343000,426824000,None,304803000,2897700000,2065438000,350526000,273123000,271000,339676000,109360000,2198558000,2863051000,1238664000,776942000,65000000,None,-110964000,304963000,1884329000,129695000,-531812000,106316000,234546000,1660872000,0,438819000,0,0,271000,0,339676000,-10004880000,None,107974000,None,3168014000,None,1660872000,109360000,2120758000,None,28132000,None,11841335000,5052343000,1344980000,None,85000000,USD,-67704000,-28735000,-76069000,7725000,-42912000,-190526000,-5823000,None,8282000,-242498000,24097000,-13392000,29615000,-4453000,-141791000,0,7792000,28817000,16090000,7792000,-285000,-242783000,47.08,56.3
18,2015-12-31,USD,848728000,656087000,198071000,650657000,-9895000,-31849000,47220000,0,-36623000,460000,478651000,-4465000,-5430000,116160000,58794000,None,None,None,0,14056000,0,-5206000,-155469000,28000,-31417000,-31849000,None,USD,5209950000,440828000,None,174286000,2963734000,1804526000,348773000,258412000,270000,331394000,446975000,2245364000,138545000,1481447000,768546000,40000000,40000000,-152103000,302817000,1945010000,137386000,-851275000,39200000,250077000,1748213000,0,470134000,0,0,270000,0,331394000,-9861350000,None,138545000,None,3264940000,None,1748213000,98202000,2195188000,None,30391000,None,11486315000,5209950000,1520647000,None,88000000,USD,25550000,85597000,-574054000,-582113000,868000000,1125904000,12471000,4682000,-31389000,717148000,165298000,-39850000,116160000,228042000,668986000,0,-29680000,7249000,17491000,-3858000,-2187000,714999000,60.05,47.08
19,2015-09-30,USD,838561000,546170000,205261000,633300000,121528000,65611000,46859000,0,105536000,-568000,471348000,34398000,87130000,27963000,15992000,None,None,None,0,0,0,40510000,36114000,17000,65026000,65611000,None,USD,4027318000,459921000,None,178883000,2156900000,1845191000,417326000,237947000,270000,391492000,86117000,1769141000,2481994000,766448000,653457000,None,None,-144488000,299078000,1246246000,138825000,-358644000,53937000,246978000,1000000000,0,415510000,0,0,270000,0,391492000,-9861350000,None,114107000,None,2781072000,None,1000000000,86117000,1503443000,None,25227000,None,11459267000,4027318000,820385000,None,89000000,USD,166082000,70601000,144197000,-4143000,-80000000,-129563000,12757000,None,65611000,112962000,98328000,57738000,27963000,-42779000,-19541000,0,25822000,-29442000,17742000,-28532000,-2976000,110039000,65.275,60.05
