,fiscalDateEnding,reportedCurrency_x,totalRevenue,totalOperatingExpense,costOfRevenue,grossProfit,ebit,netIncome_x,researchAndDevelopment,effectOfAccountingCharges,incomeBeforeTax,minorityInterest,sellingGeneralAdministrative,otherNonOperatingIncome,operatingIncome,otherOperatingExpense,interestExpense,taxProvision,interestIncome,netInterestIncome,extraordinaryItems,nonRecurring,otherItems,incomeTaxExpense,totalOtherIncomeExpense,discontinuedOperations,netIncomeFromContinuingOperations,netIncomeApplicableToCommonShares,preferredStockAndOtherAdjustments,reportedCurrency_y,totalAssets,intangibleAssets,earningAssets,otherCurrentAssets,totalLiabilities,totalShareholderEquity,deferredLongTermLiabilities,otherCurrentLiabilities,commonStock,retainedEarnings,otherLiabilities,goodwill,otherAssets,cash,totalCurrentLiabilities,shortTermDebt,currentLongTermDebt,otherShareholderEquity,propertyPlantEquipment,totalCurrentAssets,longTermInvestments,netTangibleAssets,shortTermInvestments,netReceivables,longTermDebt,inventory,accountsPayable,totalPermanentEquity,additionalPaidInCapital,commonStockTotalEquity,preferredStockTotalEquity,retainedEarningsTotalEquity,treasuryStock,accumulatedAmortization,otherNonCurrrentAssets,deferredLongTermAssetCharges,totalNonCurrentAssets,capitalLeaseObligations,totalLongTermDebt,otherNonCurrentLiabilities,totalNonCurrentLiabilities,negativeGoodwill,warrants,preferredStockRedeemable,capitalSurplus,liabilitiesAndShareholderEquity,cashAndShortTermInvestments,accumulatedDepreciation,commonStockSharesOutstanding,reportedCurrency,investments,changeInLiabilities,cashflowFromInvestment,otherCashflowFromInvestment,netBorrowings,cashflowFromFinancing,otherCashflowFromFinancing,changeInOperatingActivities,netIncome_y,changeInCash,operatingCashflow,otherOperatingCashflow,depreciation,dividendPayout,stockSaleAndPurchase,changeInInventory,changeInAccountReceivables,changeInNetIncome,capitalExpenditures,changeInReceivables,changeInExchangeRate,changeInCashAndCashEquivalents,clossingVal,nextClossingVal
0,2020-06-30,USD,18123000000,6627000000,9423000000,8700000000,1894000000,1361000000,1582000000,None,1571000000,137000000,5045000000,-179000000,2073000000,-202000000,323000000,209000000,23000000,-300000000,-1000000,None,None,209000000,-200000000,-1000000,1362000000,1361000000,None,USD,154200000000,14270000000,None,4387000000,133512000000,20551000000,3787000000,13812000000,56135000000,162559000000,35937000000,57833000000,18500000000,12188000000,38442000000,9289000000,9289000000,-198143000000,9709000000,39953000000,9272000000,-51552000000,2063000000,19447000000,55449000000,1869000000,15341000000,None,None,56135000000,None,162559000000,-169386000000,None,14473000000,None,8689000000,5027000000,55449000000,35833000000,95069000000,None,None,None,55686754250,154200000000,14251000000,-21957000000,None,USD,-1263000000,0,-1236000000,613000000,-38000000,-1624000000,-137000000,444000000,1361000000,716000000,3576000000,290000000,1679000000,-1450000000,-167000000,None,589000000,247000000,585000000,None,None,716000000,120.77,
1,2020-03-31,USD,17571000000,7464000000,9649000000,7922000000,276000000,1175000000,1625000000,None,-49000000,129000000,5839000000,-182000000,458000000,-116000000,326000000,-1226000000,51000000,-275000000,-150000000,None,None,-1226000000,-234000000,-1000000,1177000000,1175000000,None,USD,153403000000,14666000000,None,4457000000,133275000000,19999000000,3769000000,14704000000,56092000000,162626000000,36118000000,57517000000,18266000000,11370000000,40673000000,11642000000,11643000000,-198720000000,9626000000,38931000000,9619000000,-52184000000,647000000,20669000000,52685000000,1786000000,14326000000,None,None,56092000000,None,162626000000,-169437000000,None,14263000000,None,8782000000,5126000000,52685000000,36147000000,92601000000,None,None,None,55644220000,153403000000,12017000000,-21464000000,895000000,USD,-178000000,0,-902000000,-94000000,1356000000,-115000000,-31000000,1162000000,1175000000,3459000000,4476000000,1477000000,1634000000,-1440000000,-44000000,None,2381000000,189000000,630000000,None,None,3459000000,110.93,120.77
2,2019-12-31,USD,21777000000,17511000000,10677000000,11100000000,5997000000,3670000000,1596000000,None,3993000000,144000000,5103000000,None,4266000000,-153000000,354000000,324000000,48000000,-306000000,15000000,None,None,324000000,30000000,1000000,3669000000,3670000000,None,USD,152186000000,15235000000,None,3997000000,131202000000,20841000000,3851000000,13406000000,55895000000,162954000000,35519000000,58222000000,16369000000,8313000000,37701000000,8797000000,8797000000,-198010000000,10010000000,38420000000,10786000000,-52617000000,696000000,23795000000,54102000000,1619000000,15498000000,None,None,55895000000,None,162954000000,-169413000000,None,14333000000,None,5182000000,5259000000,54102000000,35547000000,93500000000,None,None,None,55447410000,152186000000,9009000000,-22018000000,887110455,USD,128000000,-503000000,128000000,-1000000,-4181000000,-5674000000,30000000,-350000000,3670000000,-1911000000,3451000000,None,1650000000,-1438000000,-86000000,67000000,-3220000000,-1585000000,729000000,None,None,None,134.04,110.93
3,2019-09-30,USD,18027000000,16090000000,9692000000,8336000000,3623000000,1672000000,1553000000,None,1522000000,139000000,4735000000,None,1938000000,-155000000,432000000,-151000000,63000000,-369000000,-6000000,None,None,-151000000,-46000000,-1000000,1673000000,1672000000,None,USD,149620000000,15612000000,None,-1000000,131525000000,17956000000,2535000000,1000000,55808000000,160709000000,34870000000,57951000000,13046000000,10087000000,35066000000,3383000000,8530000000,-29087000000,14963000000,38121000000,2221000000,-55608000000,733000000,6753000000,57797000000,1712000000,4042000000,None,None,None,None,None,-169474000000,None,111496000000,None,111496000000,5167000000,57797000000,15565000000,96459000000,None,None,None,55360590000,None,10826000000,None,893000000,USD,-30373000000,0,-30373000000,1000000,-6608000000,-8176000000,26000000,99000000,1672000000,-35309000000,3619000000,None,1669000000,-1436000000,-159000000,67000000,1135000000,179000000,751000000,None,None,None,145.42,134.04
4,2019-06-30,USD,19161000000,16775000000,10151000000,9010000000,4410000000,2498000000,1407000000,None,2768000000,131000000,5344000000,None,2386000000,-206000000,348000000,269000000,167000000,-181000000,-15000000,None,None,269000000,562000000,-1000000,2499000000,2498000000,None,USD,154652000000,2730000000,None,2548000000,136876000000,17645000000,2662000000,1000000,447340000,160467000000,32133000000,35284000000,13254000000,45399000000,42351000000,8063000000,14593000000,-28839000000,15200000000,77517000000,2228000000,-20367000000,874000000,7414000000,58445000000,1745000000,4724000000,None,None,None,None,None,-169385000000,None,77138000000,None,77138000000,5265000000,58445000000,12189000000,94525000000,None,None,None,54956660000,None,46281000000,None,891000000,USD,4162000000,0,3309000000,4736000000,22841000000,21030000000,42000000,-375000000,2498000000,28262000000,2941000000,None,1294000000,-1436000000,-407000000,67000000,119000000,-476000000,732000000,None,None,None,137.9,145.42
5,2019-03-31,USD,18182000000,6023000000,10139000000,8043000000,2093000000,1591000000,1433000000,None,1883000000,126000000,4590000000,73000000,2020000000,-101000000,210000000,289000000,70000000,-140000000,-143000000,None,None,289000000,-19000000,-2000000,1594000000,1591000000,None,USD,130926000000,2956000000,None,4846000000,114320000000,16481000000,2663000000,13447000000,55287000000,159396000000,32107000000,36281000000,13015000000,17271000000,38871000000,10250000000,10249000000,-198203000000,10675000000,52705000000,10764000000,-22757000000,872000000,27945000000,39727000000,1771000000,15174000000,None,None,55287000000,None,159396000000,-169021000000,None,12263000000,None,5284000000,4903000000,39727000000,35722000000,75449000000,None,None,None,54840040000,130926000000,18143000000,-22017000000,894000000,USD,-271000000,0,-853000000,-43000000,4232000000,1863000000,-52000000,1785000000,1591000000,5769000000,4759000000,1609000000,1446000000,-1397000000,-920000000,67000000,2458000000,113000000,539000000,None,None,5769000000,141.1,137.9
6,2018-12-31,USD,21760000000,5875000000,11073000000,10687000000,4628000000,1951000000,1358000000,0,4434000000,134000000,4517000000,-184000000,4812000000,-168000000,194000000,None,None,None,-1946000000,0,0,2482000000,5000000,-2000000,1952000000,1951000000,None,USD,123382000000,3087000000,None,4678000000,106452000000,16796000000,2676000000,11165000000,55151000000,159206000000,32544000000,36265000000,14505000000,11604000000,38227000000,10207000000,7055000000,-197561000000,10792000000,49146000000,11534000000,-22556000000,618000000,30563000000,35605000000,1682000000,16855000000,None,None,55151000000,None,159206000000,-168071000000,None,7342000000,None,5216000000,None,35605000000,32621000000,68226000000,None,None,None,54704310000,123382000000,12222000000,-21668000000,892479411,USD,1349000000,126000000,455000000,-111000000,-1145000000,-4605000000,6000000,-1082000000,1951000000,-31000000,4119000000,-941000000,1112000000,-1416000000,-2050000000,-127000000,1006000000,992000000,782000000,1006000000,None,-31000000,113.67,141.1
7,2018-09-30,USD,18756000000,5340000000,9953000000,8803000000,3188000000,2694000000,1252000000,0,2996000000,134000000,4088000000,-275000000,3463000000,-267000000,191000000,None,None,None,0,0,0,304000000,-99000000,2000000,2692000000,2694000000,None,USD,121990000000,3134000000,None,4615000000,102071000000,19784000000,2581000000,10704000000,54987000000,158612000000,29116000000,36526000000,12818000000,11731000000,36822000000,10932000000,6784000000,-193815000000,10949000000,48257000000,10451000000,-19875000000,2932000000,27087000000,35989000000,1893000000,15187000000,0,54987000000,54987000000,0,158612000000,-165995000000,None,8236000000,None,4436000000,None,35989000000,29260000000,65249000000,None,None,None,None,121990000000,14663000000,-21535000000,915000000,USD,-2026000000,0,-2969000000,-132000000,1595000000,-436000000,25000000,295000000,2694000000,827000000,4232000000,271000000,1138000000,-1431000000,-626000000,-127000000,1006000000,129000000,812000000,None,None,827000000,151.21,113.67
8,2018-06-30,USD,20003000000,5971000000,10804000000,9199000000,2948000000,2404000000,1364000000,0,2776000000,128000000,4607000000,-280000000,3228000000,-246000000,173000000,None,None,None,0,0,0,373000000,-472000000,1000000,2403000000,2404000000,None,USD,121622000000,3344000000,None,4787000000,102974000000,18520000000,2613000000,11752000000,54827000000,157349000000,29598000000,36482000000,12817000000,10960000000,35442000000,7646000000,5448000000,-193656000000,11024000000,46795000000,11301000000,-21306000000,966000000,28340000000,37851000000,1742000000,16043000000,0,54827000000,54827000000,0,157349000000,-165366000000,None,7988000000,None,4689000000,None,37851000000,29681000000,67532000000,None,None,None,None,121622000000,11926000000,-21209000000,919000000,USD,420000000,0,-635000000,-123000000,-38000000,-2519000000,-54000000,-1322000000,2404000000,-860000000,2294000000,-1350000000,1116000000,-1437000000,-990000000,-127000000,1006000000,126000000,931000000,None,None,-860000000,139.7,151.21
9,2018-03-31,USD,19072000000,6533000000,10825000000,8247000000,1301000000,1679000000,1405000000,0,1136000000,124000000,5128000000,-413000000,1714000000,-317000000,165000000,None,None,None,0,0,0,-540000000,-1118000000,4000000,1676000000,1679000000,None,USD,125285000000,3521000000,None,4986000000,106995000000,18166000000,2593000000,13059000000,54712000000,156371000000,30852000000,36732000000,64884000000,12262000000,35733000000,5977000000,3764000000,-192917000000,11278000000,49122000000,11798000000,-22087000000,893000000,29229000000,40410000000,1753000000,16697000000,0,54712000000,54712000000,0,156371000000,-164334000000,None,7722000000,None,5111000000,None,40410000000,30852000000,71262000000,None,None,None,None,125285000000,13155000000,-21497000000,925000000,USD,-800000000,0,-1764000000,-94000000,-713000000,-2909000000,-37000000,1658000000,1679000000,-71000000,4602000000,1692000000,1114000000,-1382000000,-777000000,-127000000,1006000000,116000000,870000000,None,None,-71000000,153.43,139.7
10,2017-12-31,USD,22542000000,6227000000,11682000000,10861000000,4632000000,-1054000000,1428000000,0,4468000000,13000000,4799000000,-2000000,4634000000,-910000000,165000000,None,None,None,0,0,0,5521000000,-498000000,2000000,-1053000000,-1054000000,None,USD,125356000000,3742000000,None,3942000000,107631000000,17594000000,3746000000,11552000000,54566000000,153126000000,29886000000,36788000000,64505000000,11972000000,37363000000,6987000000,5215000000,-190099000000,11116000000,49735000000,14469000000,-22936000000,608000000,31630000000,39837000000,1583000000,18824000000,0,54566000000,54566000000,0,153126000000,-163506000000,None,4643000000,None,4862000000,None,39837000000,26685000000,70268000000,None,None,None,None,125356000000,12580000000,-21215000000,922179225,USD,-2559000000,47000000,-3818000000,-304000000,1138000000,-919000000,-40000000,5451000000,-1054000000,996000000,5733000000,5061000000,1149000000,-1387000000,-628000000,18000000,1297000000,-785000000,956000000,1297000000,62000000,1057000000,153.42,153.43
11,2017-09-30,USD,19153000000,5682000000,10353000000,8800000000,3232000000,2726000000,1342000000,0,3065000000,356000000,4340000000,114000000,3118000000,-1502000000,168000000,None,None,None,0,0,0,339000000,0,-15000000,2726000000,2726000000,None,USD,121636000000,3981000000,None,4389000000,101879000000,19627000000,3579000000,10649000000,54395000000,155565000000,28856000000,36782000000,65837000000,10915000000,31697000000,4299000000,45642000000,-190333000000,11057000000,44742000000,13265000000,-21136000000,600000000,27126000000,41327000000,1711000000,16750000000,0,54395000000,54395000000,0,155565000000,-162812000000,None,4521000000,None,7289000000,None,41327000000,25277000000,70183000000,None,None,None,None,121636000000,11515000000,-20880000000,933000000,USD,-876000000,0,-1923000000,-199000000,-447000000,-2756000000,-6000000,-473000000,2725000000,-1109000000,3570000000,-455000000,1176000000,-1395000000,-909000000,0,0,123000000,848000000,None,328000000,-781000000,145.08,153.42
12,2017-06-30,USD,19289000000,6279000000,10495000000,8794000000,2591000000,2331000000,1484000000,0,2443000000,-359000000,4795000000,76000000,2515000000,1411000000,147000000,None,None,None,0,0,0,111000000,0,11000000,2332000000,2331000000,None,USD,120495000000,4179000000,None,4155000000,101951000000,18419000000,3617000000,11541000000,54235000000,154234000000,28374000000,36517000000,64579000000,11696000000,35966000000,8061000000,45676000000,-190049000000,10903000000,45013000000,13055000000,-22277000000,599000000,26958000000,37612000000,1604000000,16364000000,0,54235000000,54235000000,0,154234000000,-161860000000,None,4015000000,None,6812000000,None,37612000000,24757000000,65986000000,None,None,None,None,120495000000,12295000000,-20388000000,940000000,USD,-925000000,0,-1705000000,-93000000,2280000000,-609000000,-97000000,-179000000,2332000000,1152000000,3466000000,-118000000,1117000000,-1403000000,-1389000000,0,0,136000000,685000000,None,447000000,1600000000,153.83,145.08
13,2017-03-31,USD,18155000000,6240000000,10383000000,7772000000,1560000000,1750000000,1533000000,0,1424000000,121000000,4707000000,28000000,1532000000,-444000000,135000000,None,None,None,0,0,0,-329000000,0,-3000000,1753000000,1750000000,None,USD,117495000000,4436000000,None,4715000000,99047000000,18327000000,3557000000,12351000000,54104000000,153292000000,28125000000,36307000000,63742000000,10096000000,36481000000,8340000000,8340000000,-189069000000,10865000000,42889000000,13051000000,-22416000000,599000000,25869000000,34441000000,1609000000,15790000000,0,54104000000,54104000000,0,153292000000,-160359000000,None,3491000000,None,6457000000,None,34441000000,24568000000,62566000000,None,None,None,None,117495000000,10695000000,-19816000000,948000000,USD,1278000000,1061000000,350000000,-189000000,476000000,-2134000000,-50000000,964000000,1750000000,2171000000,3955000000,977000000,1099000000,-1321000000,-1239000000,0,0,129000000,740000000,None,100000000,2270000000,174.14,153.83
14,2016-12-31,USD,21771000000,5886000000,10877000000,10893000000,5144000000,4501000000,1431000000,0,4984000000,465000000,4455000000,137000000,5007000000,-1604000000,158000000,None,None,None,0,0,0,479000000,-1840000000,-5000000,4506000000,4501000000,None,USD,117470000000,4688000000,None,4564000000,99078000000,18246000000,3600000000,11035000000,53935000000,152759000000,27723000000,36199000000,62752000000,7826000000,36275000000,7513000000,6239000000,-188448000000,10830000000,43888000000,13606000000,-22641000000,701000000,29245000000,34655000000,1553000000,17726000000,0,53935000000,53935000000,0,152759000000,-159050000000,None,3034000000,None,5224000000,None,34655000000,24547000000,62802000000,None,None,None,None,117470000000,8527000000,-19303000000,945867403,USD,-1726000000,197000000,-3376000000,-675000000,875000000,-1287000000,204000000,462000000,4501000000,-1006000000,3657000000,-1876000000,1127000000,-1329000000,-832000000,-14000000,712000000,-991000000,973000000,712000000,-206000000,-1212000000,165.99,174.14
15,2016-09-30,USD,19226000000,5601000000,10213000000,9013000000,3420000000,2853000000,1397000000,0,3263000000,-475000000,4204000000,8000000,3412000000,0,158000000,None,None,None,0,0,0,409000000,0,-1000000,2854000000,2853000000,None,USD,115606000000,4881000000,None,4539000000,98447000000,17010000000,3611000000,10815000000,53759000000,149585000000,28437000000,36401000000,63069000000,9039000000,34447000000,6920000000,6920000000,-186334000000,11104000000,41433000000,14011000000,-24272000000,929000000,25196000000,35563000000,1729000000,16712000000,0,53759000000,53759000000,0,149585000000,-158170000000,None,3487000000,None,4289000000,None,35563000000,24826000000,64000000000,None,None,None,None,115606000000,9968000000,-19738000000,957000000,USD,-159000000,251000000,-1050000000,-124000000,-2041000000,-4182000000,None,259000000,2853000000,-1019000000,4213000000,92000000,1127000000,-1337000000,-806000000,0,0,142000000,768000000,None,41000000,-978000000,158.85,165.99
16,2016-06-30,USD,20238000000,6449000000,10536000000,9702000000,3216000000,2505000000,1465000000,0,3049000000,156000000,4984000000,-37000000,3253000000,0,167000000,None,None,None,0,0,0,544000000,0,-1000000,2505000000,2505000000,None,USD,118056000000,5148000000,None,4676000000,102167000000,15733000000,3837000000,11508000000,53565000000,148071000000,28945000000,36422000000,63440000000,10017000000,33585000000,4887000000,4887000000,-185902000000,11092000000,43524000000,14526000000,-25837000000,600000000,26547000000,39638000000,1685000000,17189000000,0,53565000000,53565000000,0,148071000000,-157298000000,None,2957000000,None,4387000000,None,39638000000,25108000000,68583000000,None,None,None,None,118056000000,10617000000,-19044000000,961000000,USD,-717000000,251000000,-4522000000,-2935000000,-1035000000,-3156000000,None,-172000000,2504000000,-4235000000,3443000000,-120000000,1103000000,-1340000000,-780000000,0,0,-44000000,870000000,None,-103000000,-4338000000,151.78,158.85
17,2016-03-31,USD,18684000000,7253000000,9999000000,8686000000,1180000000,2013000000,1458000000,0,1034000000,0,5795000000,-253000000,1433000000,0,147000000,None,None,None,0,0,0,-983000000,0,-3000000,2016000000,2013000000,None,USD,118856000000,4373000000,None,4334000000,103784000000,14925000000,3662000000,18413000000,53439000000,146888000000,28865000000,34322000000,60324000000,14354000000,34664000000,5303000000,None,-28998000000,10910000000,47623000000,9266000000,-23770000000,515000000,26730000000,40254000000,1690000000,10949000000,0,0,53439000000,0,146888000000,-156404000000,None,7555000000,4809000000,71235000000,None,40254000000,25203000000,69119000000,None,None,None,None,118856000000,14869000000,-18717000000,964000000,USD,1486000000,None,-2028000000,-2558000000,4964000000,2834000000,None,None,2014000000,6451000000,5645000000,2302000000,1024000000,-1250000000,-880000000,0,0,305000000,956000000,None,217000000,6668000000,151.45,151.78
18,2015-12-31,USD,22058000000,6327000000,10652000000,11406000000,5226000000,4464000000,1362000000,0,5099000000,162000000,4965000000,147000000,5079000000,-669000000,128000000,None,None,None,0,0,0,639000000,-572000000,3000000,4461000000,4464000000,None,USD,110495000000,3487000000,None,4205000000,96071000000,14262000000,3771000000,15374000000,53262000000,146124000000,28121000000,32021000000,57264000000,7686000000,34269000000,6461000000,5271000000,-29607000000,10727000000,42504000000,10013000000,-21246000000,508000000,28554000000,33428000000,1551000000,12435000000,0,0,53262000000,0,146124000000,-155518000000,None,6921000000,4822000000,67991000000,None,33428000000,24603000000,61802000000,None,None,None,None,110495000000,8194000000,-18615000000,965728725,USD,-1987000000,81000000,-5445000000,-2550000000,627000000,-1348000000,-1000000,-3222000000,4463000000,-1514000000,5279000000,-2606000000,990000000,-1261000000,-712000000,133000000,812000000,1406000000,909000000,812000000,-279000000,-1794000000,137.62,151.45
19,2015-09-30,USD,19280000000,5830000000,9844000000,9436000000,3739000000,2950000000,1287000000,0,3621000000,0,4543000000,133000000,3606000000,0,117000000,None,None,None,0,0,0,659000000,0,-12000000,2962000000,2950000000,None,USD,108649000000,2775000000,None,4158000000,95198000000,13294000000,3593000000,14360000000,53220000000,142898000000,29344000000,30275000000,55875000000,9480000000,33732000000,7538000000,None,-28155000000,10661000000,42112000000,9517000000,-19756000000,88000000,26773000000,32122000000,1613000000,11834000000,0,0,53220000000,0,142898000000,-154669000000,None,9619000000,3690000000,66537000000,None,32122000000,25751000000,61466000000,None,None,None,None,108649000000,9568000000,-18568000000,979000000,USD,272000000,None,-1343000000,-667000000,913000000,-1848000000,None,None,2950000000,1044000000,4235000000,-205000000,936000000,-1270000000,-1493000000,0,0,555000000,948000000,None,42000000,1087000000,144.97,137.62
