,fiscalDateEnding,reportedCurrency_x,totalRevenue,totalOperatingExpense,costOfRevenue,grossProfit,ebit,netIncome_x,researchAndDevelopment,effectOfAccountingCharges,incomeBeforeTax,minorityInterest,sellingGeneralAdministrative,otherNonOperatingIncome,operatingIncome,otherOperatingExpense,interestExpense,taxProvision,interestIncome,netInterestIncome,extraordinaryItems,nonRecurring,otherItems,incomeTaxExpense,totalOtherIncomeExpense,discontinuedOperations,netIncomeFromContinuingOperations,netIncomeApplicableToCommonShares,preferredStockAndOtherAdjustments,reportedCurrency_y,totalAssets,intangibleAssets,earningAssets,otherCurrentAssets,totalLiabilities,totalShareholderEquity,deferredLongTermLiabilities,otherCurrentLiabilities,commonStock,retainedEarnings,otherLiabilities,goodwill,otherAssets,cash,totalCurrentLiabilities,shortTermDebt,currentLongTermDebt,otherShareholderEquity,propertyPlantEquipment,totalCurrentAssets,longTermInvestments,netTangibleAssets,shortTermInvestments,netReceivables,longTermDebt,inventory,accountsPayable,totalPermanentEquity,additionalPaidInCapital,commonStockTotalEquity,preferredStockTotalEquity,retainedEarningsTotalEquity,treasuryStock,accumulatedAmortization,otherNonCurrrentAssets,deferredLongTermAssetCharges,totalNonCurrentAssets,capitalLeaseObligations,totalLongTermDebt,otherNonCurrentLiabilities,totalNonCurrentLiabilities,negativeGoodwill,warrants,preferredStockRedeemable,capitalSurplus,liabilitiesAndShareholderEquity,cashAndShortTermInvestments,accumulatedDepreciation,commonStockSharesOutstanding,reportedCurrency,investments,changeInLiabilities,cashflowFromInvestment,otherCashflowFromInvestment,netBorrowings,cashflowFromFinancing,otherCashflowFromFinancing,changeInOperatingActivities,netIncome_y,changeInCash,operatingCashflow,otherOperatingCashflow,depreciation,dividendPayout,stockSaleAndPurchase,changeInInventory,changeInAccountReceivables,changeInNetIncome,capitalExpenditures,changeInReceivables,changeInExchangeRate,changeInCashAndCashEquivalents,clossingVal,nextClossingVal
0,2020-06-30,USD,22277000,15284000,None,None,802000,-17435000,None,None,-16551000,54313000,14978000,None,6993000,None,17047000,-871000,10000,-17037000,None,None,None,-871000,-6507000,None,-15680000,-17351000,None,USD,453027000,254266000,None,638000,747367000,-321804000,None,14051000,15000,-468035000,16885000,26099000,17311000,50651000,93974000,None,30927000,-54666000,7716000,104216000,43419000,-602169000,None,20941000,603147000,None,None,None,None,None,None,None,None,None,1240000,None,348811000,None,None,18778000,653393000,None,None,None,None,None,None,None,None,USD,4087000,3566000,4087000,2750000,-5246000,-12639000,-7375000,15009000,-17435000,12876000,21392000,None,306000,None,-18000,None,7430000,11121000,66000,None,None,None,0.93,
1,2020-03-31,USD,27951000,32801000,None,27951000,-3950000,-21483000,None,None,-20663000,825000,17150000,900000,-4850000,1918000,16713000,-5000,40000,-16673000,None,13733000,None,-5000,-14518000,None,-20658000,-21483000,None,USD,465251000,258608000,None,30283000,712256000,-307019000,4556000,19702000,15000,-450600000,8224000,26099000,19402000,49441000,93513000,32255000,32255000,-57012000,2365000,109660000,43301000,-560383000,None,29936000,602732000,None,41556000,None,None,15000,None,-450600000,-844507000,None,25218000,None,355591000,None,602732000,11455000,618743000,None,31343000,None,1045085000,465251000,49441000,-17733000,12000000,USD,-2750000,-1399000,-5095000,-2232000,-12400000,-14652000,-66000,5859000,-20658000,-21606000,-1859000,2979000,2731000,None,-2186000,None,-3484000,17972000,113000,-3484000,None,-21606000,0.6645,0.93
2,2019-12-31,USD,43177000,102812000,None,43177000,-71746000,-95021000,None,None,-85611000,2580000,23149000,-12111000,-59635000,12310000,13865000,6830000,101000,-13764000,-23000,67353000,None,6830000,-91452000,None,-92441000,-95021000,None,USD,506060000,274084000,None,30888000,727958000,-282880000,4464000,18476000,15000,-429117000,6035000,26099000,18587000,71411000,131955000,61976000,61977000,-54643000,2542000,133667000,44827000,-548602000,None,31368000,583745000,None,51503000,None,None,15000,None,-429117000,-844442000,None,24841000,None,372393000,None,583745000,7794000,596003000,None,34461000,None,1045307000,506060000,71411000,-17545000,11000000,USD,15695000,-1940000,15462000,-36000,-14802000,-17980000,-108000,15475000,-92441000,11897000,14415000,28898000,3636000,None,-3070000,None,-3282000,79544000,197000,-3282000,None,11897000,1.35,0.6645
3,2019-09-30,USD,35471000,26739000,None,35471000,-19960000,-35708000,None,None,-34811000,56664000,26318000,-12266000,8732000,17268000,14430000,-585000,96000,-14334000,None,None,None,-585000,-29209000,None,-34226000,-35708000,None,USD,600024000,337175000,None,480000,764516000,-186225000,5510000,13041000,15000,-329288000,6212000,26099000,15452000,44041000,131170000,61417000,61417000,-57715000,10988000,139640000,70670000,-549499000,None,26575000,583682000,None,50829000,None,None,15000,None,-329288000,-844334000,None,1000,None,460384000,None,583682000,9223000,633346000,None,34931000,None,1045097000,600024000,44041000,-18940000,12000000,USD,-135000,1633000,-135000,-2750000,-12123000,-13402000,-1279000,-2321000,-35708000,-7883000,5945000,13382000,419000,None,0,None,2079000,36637000,135000,2079000,None,-7592000,1.78,1.35
4,2019-06-30,USD,34394000,15822000,None,34394000,17780000,1271000,None,None,3315000,2174000,16435000,-792000,18572000,-613000,14465000,-130000,90000,-14375000,None,None,None,-130000,213000,None,3445000,1271000,None,USD,634139000,340843000,None,47724000,723236000,-146052000,5510000,20383000,15000,-293580000,6354000,26099000,21602000,67058000,133553000,67163000,67163000,-53671000,4311000,144278000,89581000,-478651000,None,29496000,574978000,None,46007000,None,None,15000,None,-293580000,-844334000,None,29027000,None,489861000,None,574978000,9195000,589683000,None,34343000,None,1045518000,634139000,67058000,-18573000,10000000,USD,-3598000,-298000,-3598000,-3488000,-5880000,-11386000,-25000,-3473000,3445000,-2547000,12437000,-1041000,3563000,-5481000,-5481000,None,7768000,-1000000,110000,7768000,None,-2547000,0.85,1.78
5,2019-03-31,USD,35942000,17544000,None,35942000,37778000,17945000,None,None,23274000,3361000,18094000,19380000,18398000,-550000,14504000,1968000,-15059000,-14432000,None,None,None,1968000,20350000,None,21306000,17945000,None,USD,622989000,336131000,None,33078000,715607000,-154075000,4846000,20170000,12000,-294460000,6743000,26099000,5701000,69438000,114031000,61391000,61391000,-54792000,4677000,139014000,88561000,-486462000,None,36498000,586667000,None,32470000,None,None,12000,None,-294460000,-844309000,None,28507000,None,483975000,None,586667000,10063000,601576000,None,29843000,None,1039474000,622989000,69438000,-18120000,45000000,USD,3000000,-10029000,339000,-337000,-8366000,-11071000,-56000,-1709000,21306000,-13217000,-2485000,-18328000,3455000,-2649000,-2649000,None,362000,749000,257000,362000,None,-13217000,2.06,0.85
6,2018-12-31,USD,42705000,94796000,0,42705000,-45295000,-69072000,0,0,-60189000,-19487000,33890000,6796000,-52091000,2210000,14894000,12228000,None,None,5562000,58696000,0,-6410000,-73364000,0,-66855000,-69072000,None,USD,632075000,337700000,None,32859000,743673000,-172734000,4566000,15193000,11000,-312796000,8395000,26099000,20539000,82635000,114312000,54263000,54263000,-53068000,4881000,153165000,89691000,-502396000,None,37671000,620966000,None,44856000,None,None,11000,None,-312796000,-844253000,None,20539000,None,478910000,None,620966000,3829000,629361000,None,34137000,None,1037372000,632075000,82635000,-17644000,7000000,USD,3000000,12088000,1647000,1700000,-11637000,-12798000,-1085000,-1276000,-69075000,-4997000,6385000,104573000,541000,-1209000,-223000,None,-3162000,64238000,53000,-3162000,None,-4766000,0.0835,2.06
7,2018-09-30,USD,46224000,34118000,0,46224000,37681000,20224000,0,0,22737000,1487000,30197000,25575000,12106000,-465000,14944000,None,None,None,0,4386000,0,1026000,-988000,0,21711000,20224000,None,USD,711284000,397703000,None,39692000,751550000,-96977000,6444000,17594000,108000,-240303000,12819000,26099000,23190000,87632000,97499000,50406000,50406000,-51612000,5276000,167618000,91398000,-486136000,21174000,40294000,641232000,0,29499000,-74909000,1039007000,108000,0,-240303000,-844177000,None,19103000,4087000,543666000,None,641232000,6375000,654051000,None,34643000,None,1039007000,711284000,87632000,-17097000,18000000,USD,3000000,-15424000,-3060000,-677000,-11637000,-15163000,-3525000,13721000,20224000,-7929000,10349000,17831000,502000,-3525000,0,0,-2403000,-9208000,205000,-2403000,None,-7874000,0.3102,0.0835
8,2018-06-30,USD,50212000,144798000,0,50212000,-63115000,-79429000,0,0,-77942000,4291000,34293000,31471000,-94586000,-642000,14827000,None,None,None,0,111147000,0,-2804000,-100979000,0,-75138000,-79429000,None,USD,730185000,390419000,None,52526000,795196000,-118409000,6331000,19711000,101000,-261030000,15126000,26070000,23271000,95561000,109033000,46549000,46549000,-50883000,5523000,194023000,90879000,-505606000,24176000,45936000,671037000,0,42773000,-94303000,1037579000,101000,0,-261030000,-844176000,None,18948000,4323000,536162000,None,671037000,8795000,686163000,None,29292000,None,1037579000,730185000,95561000,-16666000,7000000,USD,3000000,11221000,-1389000,1195000,-11638000,-15928000,-4169000,3426000,-79429000,-175000,18797000,-105422000,632000,-3581000,0,0,-396000,85476000,289000,-396000,None,1480000,0.5834,0.3102
9,2018-03-31,USD,48548000,33014000,0,48548000,46812000,27756000,0,0,32263000,2857000,33599000,31278000,15534000,-585000,14549000,None,None,None,0,0,0,1650000,15268000,0,30613000,27756000,None,USD,851737000,468675000,None,56514000,836771000,-40321000,11892000,18962000,97000,-182105000,22231000,63882000,22411000,95736000,98429000,46549000,46549000,-45342000,5867000,199720000,91182000,-543086000,43719000,47470000,716111000,0,32918000,-9867000,1031084000,97000,0,-182105000,-844055000,None,17925000,4486000,652017000,None,716111000,10339000,738342000,None,29792000,None,1031084000,851737000,95736000,-16145000,8000000,USD,-2906000,-8235000,-2855000,1049000,-32171000,-38547000,211000,-1652000,27756000,-20201000,21201000,9018000,4829000,-6587000,-6587000,0,19064000,-4616000,282000,19064000,None,-20201000,1.11,0.5834
10,2017-12-31,USD,52299000,70577000,0,52299000,-18530000,24087000,0,0,-40341000,1673000,43283000,-252000,-18278000,23221000,21811000,None,None,None,0,4073000,0,-66757000,-747642000,-650000,26416000,24087000,None,USD,870513000,465722000,None,51850000,891202000,-74420000,11466000,19106000,90000,-223718000,10597000,63882000,631251000,114693000,112646000,44349000,44349000,-51280000,6094000,233168000,90887000,-573737000,48766000,66625000,756493000,0,49191000,0,1044518000,90000,0,-223718000,-844030000,None,6268000,4492000,637345000,None,756493000,10597000,778556000,None,30287000,None,1044518000,870513000,114693000,-15567000,6000000,USD,250000,52773000,2028000,1819000,8313000,6987000,15000,-42895000,24087000,14958000,5943000,-1154249000,2237000,-1341000,-6991000,0,-6481000,-60061000,41000,-1885000,3000,14961000,1.29,1.11
11,2017-09-30,USD,53165000,649023000,0,53165000,-593508000,-552701000,0,0,-610419000,-30242000,24259000,2350000,-595858000,-766000,16911000,None,None,None,0,625530000,0,-29606000,16458000,-2130000,-580813000,-552701000,None,USD,1086090000,468520000,None,23229000,1133022000,-102608000,52762000,17428000,90000,-248053000,12996000,63882000,660783000,330725000,607495000,553549000,553549000,-50153000,6498000,418809000,114080000,-604281000,279759000,64855000,459769000,0,36518000,-77661000,1039538000,90000,0,-248053000,-844030000,None,8179000,6122000,667281000,None,459769000,12996000,525527000,None,30729000,None,1039538000,1086090000,330725000,-15102000,6000000,USD,-5638000,-31250000,-4894000,323000,-33184000,-33446000,-255000,-2878000,-513338000,-61490000,-23150000,583531000,4341000,-7000,-7000,0,4596000,590462000,1584000,-3106000,3591000,-57899000,5.69,1.29
12,2017-06-30,USD,65419000,49544000,0,65419000,-1319000,43641000,0,0,-15449000,3904000,50032000,-17194000,15875000,-488000,14130000,None,None,None,0,-104605000,0,-5501000,-10187000,59127000,-9948000,43641000,None,USD,1685974000,990482000,None,20574000,1132826000,442692000,72517000,15635000,90000,304206000,10629000,167759000,1284418000,313035000,386319000,298596000,298596000,-56552000,6687000,394869000,115364000,-684377000,204170000,61260000,663361000,0,72088000,521976000,1038966000,90000,0,304206000,-844018000,None,9932000,881000,1291105000,None,663361000,10629000,746507000,None,31172000,None,1038966000,1685974000,313035000,-14672000,6000000,USD,1800000,16813000,334152000,335223000,-329604000,-357529000,-26999000,-7056000,43642000,-14645000,8732000,-24009000,6440000,-926000,-926000,0,1490000,12991000,934000,-3503000,-1268000,-15913000,6.91,5.69
13,2017-03-31,USD,58722000,25112000,0,58722000,27826000,-4280000,0,0,12777000,2488000,25392000,-5784000,33610000,-280000,15049000,None,None,None,0,20921000,0,5887000,-20833000,-7379000,6890000,-4280000,None,USD,1896710000,1005457000,None,336547000,1344659000,375320000,80529000,36764000,90000,251911000,18138000,171250000,1285696000,208100000,539829000,453464000,453464000,-68369000,6446000,604568000,98065000,-747755000,98725000,59921000,706163000,0,49601000,498419000,1035483000,90000,0,251911000,-843795000,None,10040000,884000,1292142000,None,706163000,18138000,804830000,None,53632000,None,1035483000,1896710000,208100000,-14258000,6000000,USD,-550000,-20248000,-771000,-1842000,-27377000,-34919000,-4625000,2920000,-4280000,-25141000,10549000,12958000,6557000,-2917000,-2917000,0,2013000,9269000,179000,2013000,508000,-24633000,7.52,6.91
14,2016-12-31,USD,87142000,472953000,0,87142000,-391161000,-297548000,0,0,-414226000,-11955000,57333000,-5350000,-385811000,-27601000,23065000,None,None,None,0,443221000,0,-104723000,-463506000,-32364000,-309503000,-297548000,None,USD,2005515000,1208243000,None,32274000,1454142000,375353000,86099000,21477000,89000,254915000,20245000,224279000,1552029000,326680000,254073000,160435000,160435000,-70428000,9345000,444141000,99399000,-1000440000,177269000,85187000,1093725000,0,72161000,0,1033729000,89000,0,254915000,-842952000,None,19224000,884000,1561374000,None,1093725000,20245000,1200069000,None,56729000,None,1033729000,2005515000,326680000,-18285000,5000000,USD,6962000,33230000,94692000,98772000,-103525000,-106174000,2046000,39874000,-309501000,31766000,43248000,442989000,6047000,-4695000,-18608000,0,4159000,-180506000,2592000,999000,-4452000,27314000,9.34,7.52
15,2016-09-30,USD,90944000,50281000,0,90944000,54607000,15216000,0,0,29730000,4583000,50630000,13944000,40663000,-349000,24877000,None,None,None,0,0,0,9931000,12112000,43410000,19799000,15216000,None,USD,2456554000,1700838000,None,39689000,1579368000,694147000,198813000,21284000,88000,558274000,23039000,257095000,2079069000,239903000,143575000,76123000,76123000,-55117000,7304000,370181000,100342000,-1209086000,117806000,90589000,1213941000,0,46168000,822486000,1028644000,88000,0,558274000,-837742000,None,20794000,None,2086373000,None,1213941000,23039000,1435793000,None,54700000,None,1028644000,2456554000,239903000,-17814000,6000000,USD,35284000,-14853000,39933000,1193000,-69871000,-68320000,1820000,8220000,19800000,-8144000,20243000,7252000,7015000,-269000,-269000,0,3160000,-2493000,294000,3522000,243000,-7901000,8.12,9.34
16,2016-06-30,USD,95743000,47932000,0,95743000,53148000,11582000,0,0,24766000,5492000,47138000,5337000,47811000,794000,28382000,None,None,None,0,0,0,7692000,-2566000,-8682000,17074000,11582000,None,USD,2466481000,1698190000,None,41854000,1642090000,647209000,193324000,23747000,84000,542456000,23659000,257095000,2106577000,214805000,149968000,76123000,76123000,-58164000,7403000,352501000,128034000,-1231455000,84807000,95842000,1275139000,0,50098000,747770000,1000552000,84000,0,542456000,-837719000,None,23258000,None,2113980000,None,1275139000,23659000,1492122000,None,76621000,None,1000552000,2466481000,214805000,-17434000,5000000,USD,1250000,3017000,13379000,12582000,-106715000,-114903000,25555000,-3707000,17071000,-74890000,26634000,-5187000,10278000,-10743000,-10743000,0,362000,54772000,453000,-3327000,-1895000,-76785000,6.76,8.12
17,2016-03-31,USD,94632000,40423000,0,94632000,54947000,18616000,0,0,33729000,4505000,51488000,738000,54209000,-11065000,21218000,None,None,None,0,0,0,10608000,-20480000,0,23121000,18616000,None,USD,2531469000,1705235000,None,42128000,1733863000,620891000,188334000,27733000,80000,532125000,23638000,257095000,2137900000,247446000,139769000,61123000,61123000,-50389000,7348000,386221000,141219000,-1270367000,40663000,96647000,1382122000,0,50913000,726534000,726534000,80000,726534000,532125000,-837249000,None,34351000,None,2145248000,None,1382122000,23638000,1594094000,None,71072000,None,976324000,2531469000,247446000,-17076000,5000000,USD,5350000,-7256000,22159000,17106000,-17831000,-20483000,-22751000,264000,23121000,33727000,32051000,264000,10230000,-2901000,-2901000,0,2965000,-47263000,297000,2965000,3085000,36812000,8.05,6.76
18,2015-12-31,USD,93190000,491433000,0,93190000,-395117000,-263012000,0,0,-416401000,-12962000,57702000,3126000,-398243000,-3793000,21284000,None,None,None,0,437524000,0,-140427000,-457908000,15145000,-275974000,-263012000,None,USD,2521998000,1696524000,None,44116000,1757191000,591033000,183574000,32732000,80000,514761000,24415000,257095000,2144695000,219515000,145917000,61123000,61123000,-60893000,7499000,369804000,147312000,-1292684000,49544000,106173000,1403285000,0,52062000,694905000,694905000,80000,694905000,514761000,-837179000,None,28748000,None,15016000,None,1403285000,24415000,1611274000,None,69902000,None,974264000,2521998000,219515000,-16639000,5000000,USD,7727000,15713000,-8509000,-6187000,-13411000,-2417000,4058000,38821000,-272096000,41932000,49794000,-12495000,10299000,-8385000,321000,0,-1047000,-123219000,299000,-5932000,-5284000,33584000,6.83,8.05
19,2015-09-30,USD,91332000,63550000,0,91332000,27573000,-5387000,0,0,5321000,4433000,63900000,-209000,27782000,-350000,22252000,None,None,None,0,0,0,6275000,55744000,0,-954000,-5387000,None,USD,2954703000,2105628000,None,39557000,1904673000,862568000,342086000,31262000,80000,783767000,15689000,293849000,2593803000,188631000,426800000,351544000,None,-51396000,7501000,353399000,145465000,-1484386000,51911000,125211000,1120098000,0,43994000,1100019000,1100019000,80000,1100019000,783767000,-837424000,None,32673000,None,16188000,None,1120098000,15689000,1477873000,None,52523000,None,967541000,2954703000,188631000,-16248000,5000000,USD,None,6264000,101000,-9291000,-2269000,-23205000,-17970000,None,-3247000,19577000,42681000,9443000,10637000,-8445000,-12582000,0,6961000,8062000,332000,11522000,-830000,18747000,13.52,6.83
