,fiscalDateEnding,reportedCurrency_x,totalRevenue,totalOperatingExpense,costOfRevenue,grossProfit,ebit,netIncome_x,researchAndDevelopment,effectOfAccountingCharges,incomeBeforeTax,minorityInterest,sellingGeneralAdministrative,otherNonOperatingIncome,operatingIncome,otherOperatingExpense,interestExpense,taxProvision,interestIncome,netInterestIncome,extraordinaryItems,nonRecurring,otherItems,incomeTaxExpense,totalOtherIncomeExpense,discontinuedOperations,netIncomeFromContinuingOperations,netIncomeApplicableToCommonShares,preferredStockAndOtherAdjustments,reportedCurrency_y,totalAssets,intangibleAssets,earningAssets,otherCurrentAssets,totalLiabilities,totalShareholderEquity,deferredLongTermLiabilities,otherCurrentLiabilities,commonStock,retainedEarnings,otherLiabilities,goodwill,otherAssets,cash,totalCurrentLiabilities,shortTermDebt,currentLongTermDebt,otherShareholderEquity,propertyPlantEquipment,totalCurrentAssets,longTermInvestments,netTangibleAssets,shortTermInvestments,netReceivables,longTermDebt,inventory,accountsPayable,totalPermanentEquity,additionalPaidInCapital,commonStockTotalEquity,preferredStockTotalEquity,retainedEarningsTotalEquity,treasuryStock,accumulatedAmortization,otherNonCurrrentAssets,deferredLongTermAssetCharges,totalNonCurrentAssets,capitalLeaseObligations,totalLongTermDebt,otherNonCurrentLiabilities,totalNonCurrentLiabilities,negativeGoodwill,warrants,preferredStockRedeemable,capitalSurplus,liabilitiesAndShareholderEquity,cashAndShortTermInvestments,accumulatedDepreciation,commonStockSharesOutstanding,reportedCurrency,investments,changeInLiabilities,cashflowFromInvestment,otherCashflowFromInvestment,netBorrowings,cashflowFromFinancing,otherCashflowFromFinancing,changeInOperatingActivities,netIncome_y,changeInCash,operatingCashflow,otherOperatingCashflow,depreciation,dividendPayout,stockSaleAndPurchase,changeInInventory,changeInAccountReceivables,changeInNetIncome,capitalExpenditures,changeInReceivables,changeInExchangeRate,changeInCashAndCashEquivalents,clossingVal,nextClossingVal
0,2020-06-30,USD,104498000,30097000,38695000,65803000,31917000,22251000,22092000,None,25735000,-1660000,11794000,None,31917000,-3789000,9971000,5144000,1342000,-8629000,None,None,None,5144000,2447000,None,20591000,22251000,None,USD,1538765000,447194000,None,62387000,748059000,769419000,None,141528000,713000,1413382000,185010000,None,158641000,670292000,203930000,None,None,370000,11918000,921012000,None,322225000,168953000,19380000,359119000,None,62402000,None,None,713000,None,1413382000,-1379611000,None,158641000,None,617753000,None,359119000,185010000,544129000,None,None,None,734565000,1538765000,839245000,None,30804000,USD,98063000,19919000,88302000,-7593000,None,-10503000,-755000,4499000,20591000,147554000,69755000,188000,25219000,-10762000,1014000,None,None,-2390000,2168000,6228000,None,147554000,56.63,
1,2020-03-31,USD,76210000,25398000,40108000,36102000,4681000,116000,18818000,None,159000,-1777000,12603000,None,4681000,-6023000,10545000,1820000,2877000,-7668000,None,None,None,1820000,3146000,None,-1661000,116000,None,USD,1464730000,425685000,None,69337000,689134000,752649000,None,126298000,713000,1402048000,148478000,None,152957000,515793000,185833000,None,None,-42000,10243000,875845000,None,326964000,265107000,25608000,354823000,None,59535000,None,None,713000,None,1402048000,-1379611000,None,152957000,None,588885000,None,354823000,148478000,503301000,None,None,None,729541000,1464730000,780900000,None,30749000,USD,-86677000,-46886000,-94536000,-6256000,-94909000,-105952000,-725000,-6729000,-1661000,-227373000,-26885000,-7159000,23797000,-10747000,429000,None,None,2360000,1603000,2664000,None,-227373000,44.63,56.63
2,2019-12-31,USD,246401000,188655000,46744000,199657000,54358000,13754000,18832000,None,19936000,-1802000,11289000,29062000,25296000,None,20128000,7984000,3818000,-6832000,None,None,None,7984000,1472000,None,11952000,13754000,None,USD,1612082000,436339000,None,63365000,825801000,761557000,123653000,146654000,712000,1412779000,145513000,22421000,88060000,745491000,305558000,94170000,94170000,-74000,10217000,1016332000,14200000,325218000,179204000,28272000,350588000,None,64734000,None,None,712000,None,1412779000,-1379262000,None,149194000,None,595750000,None,350588000,46002000,520243000,None,None,None,727402000,1612082000,924695000,None,30701000,USD,33217000,4163000,24062000,-7708000,-94909000,-30616000,-52000,-21754000,11952000,10903000,17457000,-32774000,25310000,-10897000,-19667000,None,-4917000,13723000,1447000,-4917000,None,10903000,54.49,44.63
3,2019-09-30,USD,72523000,26174000,34772000,37751000,3774000,2234000,20506000,None,657000,-1399000,13471000,None,3774000,-7803000,10920000,-178000,3684000,-7236000,None,None,None,-178000,4119000,None,835000,2234000,None,USD,1628302000,448957000,None,51545000,825003000,782106000,None,171433000,712000,1409870000,128440000,None,130217000,735886000,334299000,93131000,93131000,-105000,10018000,1022523000,None,333149000,211737000,23355000,346397000,None,69735000,None,None,712000,None,1409870000,-1354262000,None,146804000,None,605779000,None,346397000,144307000,490704000,None,None,None,725891000,1628302000,947623000,None,31133000,USD,88164000,67845000,89681000,1717000,-1075000,-12148000,17897000,8384000,835000,203032000,125499000,-921000,24288000,-10894000,0,None,33828000,-376000,200000,33828000,None,203032000,52.47,54.49
4,2019-06-30,USD,75609000,-58622000,37353000,-37353000,8915000,7743000,17027000,None,11362000,-1365000,12314000,None,8915000,-87963000,9907000,4984000,3592000,-6315000,None,None,None,4984000,8762000,None,6378000,7743000,None,USD,1545066000,438732000,None,52656000,744826000,788898000,121477000,82575000,712000,1418628000,142591000,None,137070000,531698000,242898000,91954000,91954000,-350000,10736000,940998000,None,350166000,299461000,57183000,342417000,None,68369000,None,None,712000,None,1418628000,-1354262000,None,71398000,83202000,604068000,None,342417000,38034000,501928000,None,None,None,724170000,1545066000,831159000,None,31126000,USD,-7887000,-12245000,-18524000,-9359000,160846000,67817000,-85262000,8625000,6378000,26551000,-22742000,-21280000,23609000,-11160000,-14683000,None,-23894000,4690000,1278000,-23894000,None,26551000,64.4,52.47
5,2019-03-31,USD,68631000,-30058000,36071000,-36071000,-150000,-2803000,18495000,None,-6013000,-1411000,14215000,None,-150000,-62768000,9478000,-1799000,-5582000,-5582000,None,None,None,-1799000,-281000,None,-4214000,-2803000,None,USD,1479751000,446716000,None,49579000,654238000,812806000,138567000,84816000,712000,1421884000,174109000,None,132874000,503240000,448153000,302514000,302514000,-1426000,10581000,875946000,None,366090000,289805000,33322000,19061000,None,60823000,None,None,712000,None,1421884000,-1291979000,None,66742000,79766000,603805000,None,19061000,48457000,206085000,None,None,None,683615000,1479751000,793045000,None,32060000,USD,183102000,-52159000,173037000,-8481000,178909000,-114377000,-4097000,-12762000,-4214000,27879000,-30781000,1352000,22596000,-11629000,-98651000,None,1725000,-81000,1584000,1725000,None,27879000,65.98,64.4
6,2018-12-31,USD,75326000,-224581000,38601000,-195600000,-26692000,1830000,20419000,0,-1556000,7816000,12461000,-30537000,3845000,-257461000,-8714000,None,None,None,18000000,0,0,-2416000,-5401000,0,860000,1830000,None,USD,1626558000,454567000,None,518494000,688545000,927025000,157634000,111672000,711000,1426266000,191773000,22421000,96042000,475056000,179395000,None,None,-2471000,10051000,1024250000,17400000,472458000,470724000,35032000,317377000,None,67723000,None,None,711000,None,1426266000,-1182993000,None,60465000,77225000,602308000,None,317377000,34139000,509150000,None,None,None,685512000,1626558000,470724000,None,33529000,USD,88351000,-92935000,72747000,-14910000,178909000,-78960000,-328000,63590000,860000,-36038000,-29825000,61602000,21909000,-11996000,-66636000,None,-5246000,-16015000,694000,-5246000,None,-36038000,66.43,65.98
7,2018-09-30,USD,75079000,-31044000,32077000,-32077000,12920000,21407000,17276000,0,-1033000,-1297000,12806000,None,12920000,-61126000,-9039000,None,None,None,0,0,0,-21143000,-13953000,0,20110000,21407000,None,USD,1788088000,462965000,None,102793000,773039000,1000591000,135465000,134197000,711000,1436171000,165960000,22421000,123933000,508829000,293552000,None,None,-3436000,10278000,1190912000,None,537626000,549521000,29769000,313527000,0,159355000,1015049000,0,711000,0,1436171000,-1115995000,None,63877000,60056000,597176000,None,313527000,30495000,479487000,None,None,None,683140000,1788088000,1058350000,None,34442000,USD,27418000,140105000,-125245000,-152323000,178909000,-44148000,-91000,-59703000,20110000,992000,170385000,-8105000,21549000,-12153000,-31904000,0,53334000,-7723000,340000,53334000,None,992000,80.0,66.43
8,2018-06-30,USD,69555000,32235000,26487000,43068000,15680000,10706000,15829000,0,10833000,-930000,11559000,None,15680000,4847000,-8961000,None,None,None,0,0,0,1057000,-4847000,0,9776000,10706000,None,USD,1619650000,316587000,None,21970000,583426000,1020469000,153296000,76777000,710000,1426888000,163182000,0,91969000,523779000,128297000,291947000,291947000,-3903000,10575000,1200519000,None,703882000,576782000,77988000,291947000,0,51520000,1036224000,0,710000,0,1426888000,-1081660000,None,50219000,41750000,419131000,None,291947000,9886000,455129000,None,None,None,678434000,1619650000,1100561000,None,34808000,USD,120829000,-33626000,110964000,-8722000,None,-11493000,-111000,7183000,9776000,106298000,6827000,6543000,18080000,-12164000,782000,0,-40869000,-1962000,1143000,-40869000,None,106298000,80.9,80.0
9,2018-03-31,USD,87444000,36714000,26916000,60528000,30150000,29925000,16174000,0,23814000,-1196000,14204000,None,30150000,6336000,-9243000,None,None,None,0,0,0,-4915000,-6336000,0,28729000,29925000,None,USD,1626158000,321977000,None,24992000,590426000,1019047000,165966000,75652000,709000,1428437000,175730000,0,85598000,417481000,126190000,288506000,288506000,-4279000,10185000,1208398000,None,697070000,699136000,66789000,288506000,0,50538000,1035732000,0,709000,0,1428437000,-1078512000,None,47664000,37934000,417760000,None,288506000,9764000,464236000,None,None,None,672692000,1626158000,1116617000,None,34746000,USD,19952000,-4839000,11518000,-8035000,None,-26456000,-8277000,-16881000,28729000,-15533000,-595000,-62221000,18079000,-12155000,-6024000,0,24396000,-4739000,399000,24396000,None,-15533000,73.6,80.9
10,2017-12-31,USD,205304000,24671000,27598000,177706000,136599000,52502000,18480000,0,143930000,-835000,13522000,-9105000,145704000,0,4537000,None,None,None,0,0,0,92263000,-9105000,0,51667000,52502000,None,USD,1854420000,325408000,None,21506000,981272000,855267000,309671000,307142000,707000,1249091000,319705000,16000000,447953000,433014000,376441000,285126000,285126000,-2083000,10673000,1395794000,None,529859000,724981000,216293000,285126000,0,69299000,873148000,0,707000,0,1249091000,-1072488000,None,37963000,84582000,458626000,None,285126000,10034000,604831000,None,None,None,680040000,1854420000,1157995000,None,34622000,USD,-40359000,9071000,-54700000,-13212000,None,-13302000,-562000,16208000,51667000,149457000,217459000,273073000,-377151000,-12148000,-592000,0,12171000,76966000,1129000,183833000,None,149457000,76.15,73.6
11,2017-09-30,USD,97325000,29964000,28673000,68652000,40875000,35536000,15924000,0,38688000,-811000,11853000,None,40875000,2187000,4480000,None,None,None,0,0,0,3963000,0,0,34725000,35536000,None,USD,1936122000,310262000,None,52966000,1104106000,820101000,373049000,351012000,707000,1209012000,381893000,0,504721000,283557000,440439000,281774000,281774000,-695000,11097000,1420304000,None,509839000,683655000,400126000,281774000,0,89427000,832016000,0,707000,0,1209012000,-1064795000,None,37074000,157385000,515818000,None,281774000,8844000,663667000,None,None,None,675872000,1936122000,967212000,None,34710000,USD,18187000,137719000,8315000,-9755000,None,-10459000,-46000,453000,34725000,102605000,104749000,-86696000,17849000,-10413000,0,0,0,2234000,117000,-1082000,None,102605000,73.75,76.15
12,2017-06-30,USD,135779000,31682000,25479000,110300000,80948000,52499000,17783000,0,78618000,-955000,11569000,None,80948000,2330000,4442000,None,None,None,0,0,0,27074000,0,0,51544000,52499000,None,USD,1838899000,301952000,None,51590000,1033243000,792930000,358369000,294876000,707000,1185836000,375086000,0,491559000,180952000,379678000,278479000,278479000,-601000,11319000,1336021000,None,490978000,704435000,399044000,278479000,0,84802000,805656000,0,707000,0,1185836000,-1064795000,None,33908000,155699000,502878000,None,278479000,16717000,653565000,None,None,None,671783000,1838899000,885387000,None,34709000,USD,42390000,2038000,33069000,-8764000,None,-10637000,-235000,7724000,51544000,41879000,19447000,-74544000,16984000,-10402000,0,0,0,19936000,557000,3489000,None,41879000,77.3,73.75
13,2017-03-31,USD,94530000,33969000,29407000,65123000,33968000,33756000,18521000,0,31154000,-978000,12634000,None,33968000,2814000,4386000,None,None,None,0,0,0,-1624000,0,0,32778000,33756000,None,USD,1865388000,306075000,None,53562000,1105247000,746460000,398960000,328324000,707000,1143955000,415360000,0,511120000,139073000,414665000,None,None,-559000,12033000,1342235000,None,440385000,747067000,402533000,275222000,0,86341000,760141000,0,707000,0,1143955000,-1064795000,None,34069000,170976000,523153000,None,275222000,16400000,690582000,None,None,None,667152000,1865388000,886140000,None,34679000,USD,-198926000,206240000,-206981000,-7787000,None,-32165000,-21955000,-13486000,32778000,-265001000,-25855000,-92407000,17729000,-10292000,82000,0,0,-16126000,268000,-174069000,None,-265001000,86.3,77.3
14,2016-12-31,USD,273868000,21135000,31943000,241925000,194114000,136470000,18295000,0,205755000,-693000,14481000,-15035000,209149000,0,4358000,None,None,None,0,0,0,69978000,-15035000,0,135777000,136470000,None,USD,1727853000,310768000,None,39894000,973485000,739709000,261013000,360192000,703000,1120766000,275984000,16172000,494108000,404074000,425480000,272021000,272021000,-514000,12626000,1221119000,None,428941000,548687000,228464000,272021000,0,65288000,754368000,0,703000,0,1120766000,-1064795000,None,33808000,149532000,506734000,None,272021000,14971000,548005000,None,None,None,683549000,1727853000,952761000,None,34298000,USD,47193000,214433000,-13696000,-58484000,-230000000,-2674000,625000,-10067000,135777000,216912000,233282000,249580000,-304536000,-10286000,6987000,0,-169927000,14940000,2405000,-76912000,None,216912000,91.35,86.3
15,2016-09-30,USD,208307000,29238000,26149000,182158000,156718000,104466000,15560000,0,152920000,-943000,9880000,None,156718000,3798000,4305000,None,None,None,0,0,0,49397000,0,0,103523000,104466000,None,USD,1442850000,279179000,None,46306000,827578000,606724000,309513000,175673000,703000,994991000,320488000,0,456830000,187162000,238243000,None,None,24000,11282000,974738000,None,327545000,594387000,146883000,268847000,0,62570000,615272000,0,703000,0,994967000,-1064795000,None,15299000,162352000,468112000,None,268847000,10975000,589335000,None,None,None,675825000,1442850000,781549000,None,35000000,USD,-382164000,39299000,-391581000,-8206000,None,-12474000,3325000,2260000,104466000,-414226000,-10171000,-170421000,16327000,-6858000,-5616000,0,0,43803000,1211000,-42702000,None,-414226000,79.2,91.35
16,2016-06-30,USD,75915000,25253000,28285000,47630000,22377000,39994000,14609000,0,22377000,-965000,9938000,None,23083000,706000,4278000,None,None,None,0,0,0,-16652000,0,0,39994000,39994000,None,USD,1469711000,274851000,None,48402000,946553000,513667000,298675000,309340000,703000,901176000,309450000,0,491647000,601388000,371375000,None,None,210000,11583000,966481000,None,238816000,212510000,104181000,265728000,0,62035000,523158000,0,703000,0,900966000,-1059105000,None,15224000,201572000,503230000,None,265728000,10775000,575178000,None,None,None,670893000,1469711000,813898000,None,35000000,USD,-80084000,206452000,-89062000,-8306000,None,-25291000,3405000,-23614000,39994000,77081000,207667000,-58443000,16159000,-6923000,-18368000,0,0,-22190000,672000,10427000,None,77081000,55.68,79.2
17,2016-03-31,USD,107764000,39378000,27167000,80597000,48356000,28071000,20269000,0,41219000,-920000,11972000,None,48356000,7137000,8185000,None,None,None,0,0,0,14068000,0,0,27151000,28071000,None,USD,1274661000,278588000,None,24794000,769493000,494712000,331162000,109951000,703000,868018000,335633000,0,463763000,524307000,171225000,None,None,74000,12802000,798096000,None,216124000,134387000,114608000,262635000,0,61274000,0,0,703000,0,868018000,-1040509000,None,13312000,171863000,476565000,None,262635000,4471000,598268000,None,None,None,666426000,1274661000,658694000,None,34663000,USD,289490000,71853000,275334000,-12562000,-230000000,-277467000,None,None,27151000,14100000,16233000,-35938000,18742000,-7068000,-40399000,0,0,-4835000,1594000,-60740000,None,14100000,55.65,55.68
18,2015-12-31,USD,112098000,8467000,29201000,82897000,25806000,33038000,19767000,0,46896000,-719000,9790000,-27534000,53340000,0,8462000,None,None,None,0,0,0,14577000,-27534000,0,32319000,33038000,None,USD,1474485000,277579000,None,23391000,952590000,510519000,289039000,106229000,701000,847033000,293022000,0,451370000,510207000,399973000,227174000,227174000,-178000,12148000,1010967000,None,232940000,423501000,53868000,259595000,0,66570000,0,0,701000,0,847033000,-1000110000,None,13219000,160572000,463518000,None,259595000,3983000,552617000,None,None,None,663073000,1474485000,933708000,None,35414000,USD,-26670000,21934000,-46918000,-18383000,316000000,-7295000,331000,6041000,32319000,32564000,86777000,9778000,-19056000,-7093000,-533000,0,-2166000,-20409000,1865000,62211000,None,32564000,49.04,55.65
19,2015-09-30,USD,100408000,34766000,28363000,72045000,45387000,24520000,16618000,0,37279000,-732000,10040000,None,45387000,8108000,8331000,None,None,None,0,0,0,13491000,0,0,23788000,24520000,None,USD,1448692000,278418000,None,33884000,957082000,486323000,290100000,116352000,701000,821058000,293940000,0,351340000,477643000,406582000,224348000,None,-6000,11072000,1086280000,None,207905000,389801000,184952000,256560000,0,65882000,0,0,701000,0,821058000,-992752000,None,7430000,65492000,362412000,None,256560000,3840000,550500000,None,None,None,657322000,1448692000,867444000,None,35555000,USD,3966000,-1433000,-4355000,-7815000,None,-25694000,-37000,None,23788000,-29393000,656000,-831000,-22337000,-7179000,-18478000,0,0,8831000,506000,-7362000,None,-29393000,50.61,49.04
