,fiscalDateEnding,reportedCurrency_x,totalRevenue,totalOperatingExpense,costOfRevenue,grossProfit,ebit,netIncome_x,researchAndDevelopment,effectOfAccountingCharges,incomeBeforeTax,minorityInterest,sellingGeneralAdministrative,otherNonOperatingIncome,operatingIncome,otherOperatingExpense,interestExpense,taxProvision,interestIncome,netInterestIncome,extraordinaryItems,nonRecurring,otherItems,incomeTaxExpense,totalOtherIncomeExpense,discontinuedOperations,netIncomeFromContinuingOperations,netIncomeApplicableToCommonShares,preferredStockAndOtherAdjustments,reportedCurrency_y,totalAssets,intangibleAssets,earningAssets,otherCurrentAssets,totalLiabilities,totalShareholderEquity,deferredLongTermLiabilities,otherCurrentLiabilities,commonStock,retainedEarnings,otherLiabilities,goodwill,otherAssets,cash,totalCurrentLiabilities,shortTermDebt,currentLongTermDebt,otherShareholderEquity,propertyPlantEquipment,totalCurrentAssets,longTermInvestments,netTangibleAssets,shortTermInvestments,netReceivables,longTermDebt,inventory,accountsPayable,totalPermanentEquity,additionalPaidInCapital,commonStockTotalEquity,preferredStockTotalEquity,retainedEarningsTotalEquity,treasuryStock,accumulatedAmortization,otherNonCurrrentAssets,deferredLongTermAssetCharges,totalNonCurrentAssets,capitalLeaseObligations,totalLongTermDebt,otherNonCurrentLiabilities,totalNonCurrentLiabilities,negativeGoodwill,warrants,preferredStockRedeemable,capitalSurplus,liabilitiesAndShareholderEquity,cashAndShortTermInvestments,accumulatedDepreciation,commonStockSharesOutstanding,reportedCurrency,investments,changeInLiabilities,cashflowFromInvestment,otherCashflowFromInvestment,netBorrowings,cashflowFromFinancing,otherCashflowFromFinancing,changeInOperatingActivities,netIncome_y,changeInCash,operatingCashflow,otherOperatingCashflow,depreciation,dividendPayout,stockSaleAndPurchase,changeInInventory,changeInAccountReceivables,changeInNetIncome,capitalExpenditures,changeInReceivables,changeInExchangeRate,changeInCashAndCashEquivalents,clossingVal,nextClossingVal
0,2020-03-31,USD,9200000,9208000,6113000,3087000,-6074000,-6263000,809000,None,-6183000,None,7368000,47000,-6121000,1031000,109000,15000,-109000,-109000,-65000,None,None,15000,-984000,-65000,-6198000,-9296000,-3033000,USD,78511000,32470000,None,4976000,25137000,6838000,None,766000,402000,-174423000,6742000,8433000,42000,13370000,15726000,None,None,None,6610000,28145000,None,12471000,None,9799000,1200000,1885000,14960000,None,None,402000,None,-174423000,-1721000,None,2853000,None,50366000,2795000,1200000,3648000,4563000,None,46536000,None,182580000,78511000,13370000,None,4043673,USD,0,-1868000,None,None,-1800000,18171000,18171000,-2637000,-6263000,11049000,-7122000,-1125000,1344000,None,19971000,None,148000,642000,0,148000,None,11049000,5.18,
1,2019-12-31,USD,4074000,9509000,5400000,-1326000,-10626000,-10726000,778000,None,-10735000,None,7299000,209000,-10835000,1031000,109000,-47000,-109000,None,763000,401000,None,-47000,-932000,-38000,-10688000,-11080000,354000,USD,69051000,33501000,None,3851000,29853000,13026000,None,766000,393000,-168160000,6837000,8433000,42000,2321000,17298000,None,None,None,6814000,16369000,None,-2736000,None,10197000,3000000,1825000,16532000,None,None,393000,None,-168160000,-1721000,None,3934000,None,52682000,4096000,3000000,4982000,4573000,None,26172000,None,182514000,69051000,2321000,None,3920589,USD,-26000,-2129000,-26000,-13816000,-750000,6390000,-6024000,-1514000,-10726000,-37000,-6401000,4014000,1385000,None,13164000,None,1025000,19000,26000,1025000,None,-37000,0.5,5.18
2,2019-09-30,USD,7725000,9939000,4835000,2890000,-7184000,-7362000,857000,None,-7295000,None,7249000,-135000,-7049000,995000,111000,9000,-111000,None,-58000,838000,None,9000,-2079000,-58000,-7304000,-7437000,75000,USD,74673000,34532000,None,3522000,37915000,23597000,None,766000,383000,-157435000,7096000,8273000,42000,2358000,17296000,None,None,None,7033000,20581000,None,-6047000,None,14701000,3750000,None,16530000,None,None,383000,None,-157435000,-1712000,None,4254000,None,54092000,4158000,3750000,16869000,20619000,None,13161000,None,182361000,74673000,2358000,None,38196038,USD,-13886000,-768000,-13886000,-13829000,3750000,16805000,22767000,352000,-7362000,-1852000,-4771000,-165000,1273000,None,13055000,None,1996000,266000,57000,1996000,None,-1852000,0.7949,0.5
3,2019-06-30,USD,6270000,8502000,3031000,3239000,-5189000,-5220000,647000,None,-5280000,None,5747000,74000,-5263000,813000,91000,5000,-91000,None,65000,1295000,None,5000,-2125000,65000,-5285000,-5220000,None,USD,50332000,28227000,None,1977000,19503000,30829000,None,766000,383000,-150073000,6799000,None,31000,4210000,10966000,None,None,None,731000,19153000,None,2602000,None,12966000,None,None,10200000,None,None,383000,None,-150073000,-1712000,None,2221000,None,31179000,2312000,None,8537000,8537000,None,None,None,182231000,50332000,4210000,None,38196038,USD,-36000,1026000,-36000,-13921000,3750000,-53000,22767000,326000,-5220000,-4914000,-4825000,-263000,967000,None,-53000,None,-2244000,909000,36000,-2244000,None,-4914000,0.725,0.7949
4,2019-03-31,USD,6010000,6664000,2622000,3388000,-3228000,-3419000,528000,None,-3357000,None,5323000,48000,-3276000,813000,129000,5000,-129000,None,-57000,None,None,5000,-894000,-57000,-3362000,-3419000,None,USD,54382000,29040000,None,1888000,18611000,35771000,None,918000,382000,-144853000,6880000,None,31000,9124000,9832000,526000,526000,None,758000,22233000,None,6731000,None,11221000,1899000,None,8914000,None,None,382000,None,-144853000,-1712000,None,-2289000,None,27509000,2425000,None,4526000,4253000,None,None,None,181954000,54382000,9124000,None,38096038,USD,1000,631000,1000,13000,3750000,6015000,6015000,549000,-3419000,3056000,-2960000,11000,1002000,None,6015000,None,-1738000,553000,12000,-1738000,None,3056000,0.8,0.725
5,2018-12-31,USD,5833000,7734000,2607000,3226000,-4101000,-4037000,595000,0,-4184000,0,6326000,407000,-4508000,2439000,83000,797000,None,None,945000,0,0,-3000,-1199000,16000,-4181000,-4037000,None,USD,48442000,29853000,None,2170000,15504000,32938000,None,918000,287000,-141489000,7012000,None,31000,6068000,8492000,None,None,None,837000,17721000,None,3085000,None,9483000,None,None,7574000,None,None,287000,None,-141489000,-1680000,None,31000,None,30721000,None,None,2693000,4319000,None,None,None,175820000,48442000,6068000,None,28694275,USD,None,286000,-61000,-449000,3750000,6015000,-9000,-35000,-4037000,-1934000,-1873000,-327000,967000,None,18000,None,-843000,2081000,61000,-843000,None,-1934000,0.8,0.8
6,2018-09-30,USD,5753000,5455000,2763000,2990000,-2753000,-3042000,510000,0,-3001000,0,4132000,-288000,-2465000,-813000,248000,None,None,None,0,0,0,7000,-536000,-34000,-3008000,-3042000,None,USD,49801000,30666000,None,1603000,13772000,36029000,0,899000,283000,-137452000,6010000,0,31000,8002000,7762000,None,None,None,859000,18245000,None,5363000,0,8640000,0,0,6863000,0,0,283000,0,-137452000,-1680000,None,31000,None,31556000,None,None,1280000,4730000,None,None,None,174878000,49801000,8002000,None,28294275,USD,None,430000,-309000,-449000,None,6015000,-9000,404000,-3042000,-2082000,-1773000,-134000,1117000,0,24042000,0,-993000,849000,309000,-993000,None,-2082000,1.54,0.8
7,2018-06-30,USD,5501000,5152000,2247000,3254000,-1865000,-1917000,518000,0,-1865000,0,3821000,33000,-1898000,813000,-248000,None,None,None,0,0,0,8000,33000,-44000,-1873000,-1917000,None,USD,51356000,31480000,None,1474000,12804000,38552000,0,939000,282000,-134410000,5450000,0,31000,10084000,7354000,None,None,None,640000,19205000,None,7072000,0,7647000,0,0,6415000,0,0,282000,0,-134410000,-1680000,None,31000,None,32151000,None,None,1111000,4339000,None,None,None,174360000,51356000,10084000,None,28194275,USD,None,-206000,-19000,-449000,None,-9000,-9000,-764000,-1917000,-2561000,-2533000,-470000,856000,0,-9000,0,-1244000,448000,19000,-1244000,None,-2561000,0.89,1.54
8,2018-03-31,USD,4809000,5477000,2580000,2229000,-3137000,-3193000,501000,0,-3137000,0,4163000,111000,-3248000,813000,-248000,None,None,None,0,0,0,6000,111000,-50000,-3143000,-3193000,None,USD,53097000,32292000,None,1092000,13332000,39765000,0,985000,279000,-132493000,5538000,0,31000,12645000,7794000,None,None,None,634000,20140000,None,7473000,0,6403000,0,0,6809000,0,0,279000,0,-132493000,-1680000,None,31000,None,32957000,None,None,1272000,4266000,None,None,None,173659000,53097000,12645000,None,27869275,USD,None,-296000,-60000,-449000,None,-9000,-9000,-560000,-3193000,-2554000,-2494000,80000,855000,0,10701000,0,-466000,526000,60000,-466000,None,-2554000,0.8828,0.89
9,2017-12-31,USD,4370000,6029000,1639000,2731000,-5088000,-5008000,259000,0,-5011000,0,4763000,-1790000,-3298000,814000,-77000,None,None,None,0,0,0,-55000,263000,1124000,-4956000,-5008000,None,USD,53598000,33105000,None,1172000,13729000,39869000,0,5591000,278000,-131800000,5638000,0,33136000,15199000,8091000,None,None,None,654000,19808000,None,6764000,0,3437000,7908000,0,6789000,0,0,278000,0,-131800000,-1671000,None,31000,None,33790000,None,None,1349000,1349000,None,None,None,173062000,53598000,15199000,None,27836456,USD,None,-227000,-29000,-449000,None,5875000,3000,-3481000,-5008000,3496000,-2379000,2076000,877000,0,5928000,0,-1228000,543000,29000,-640000,None,3496000,1.02,0.8828
10,2017-09-30,USD,4202000,5228000,2069000,2133000,-3389000,-3316000,483000,0,-3429000,0,3932000,-294000,-3095000,813000,40000,None,None,None,0,0,0,-42000,0,1901000,-3387000,-3316000,None,USD,50391000,33919000,None,1267000,14013000,36378000,0,5837000,230000,-126792000,5711000,0,33950000,11703000,8302000,None,None,None,668000,15773000,None,2459000,0,2803000,7908000,0,7019000,0,0,230000,0,-126792000,-1671000,None,31000,None,34618000,None,None,1157000,1157000,None,None,None,164611000,50391000,11703000,None,22911404,USD,None,-2624000,-29000,539000,None,1676000,7187000,-1665000,-3316000,-2562000,-4209000,-1709000,917000,0,1676000,0,-4639000,687000,29000,-76000,None,-2562000,1.55,1.02
11,2017-06-30,USD,3855000,5574000,1879000,1976000,-6337000,-6306000,413000,0,-6553000,0,4348000,-2739000,-3598000,813000,216000,None,None,None,0,0,0,-301000,0,-1722000,-6252000,-6306000,None,USD,53744000,34732000,None,1376000,17402000,36342000,0,7552000,201000,-123476000,6547000,0,34763000,14265000,10855000,None,None,None,644000,18337000,None,1610000,0,2696000,7908000,0,8484000,0,0,201000,0,-123476000,-1671000,None,31000,None,35407000,None,None,1366000,1366000,None,None,None,161288000,53744000,14265000,None,20088604,USD,None,-1726000,0,858000,None,11665000,7187000,-211000,-6306000,7139000,-4526000,-138000,1101000,0,11665000,0,-4755000,2927000,0,-422000,None,7139000,0.891,1.55
12,2017-03-31,USD,3470000,-1999000,1771000,1699000,2115000,2414000,306000,0,1861000,0,-3118000,-1583000,3698000,813000,254000,None,None,None,0,0,0,3000,0,556000,1858000,2414000,None,USD,46975000,35545000,None,1268000,22406000,24569000,0,6438000,68000,-117170000,5018000,0,35546000,7126000,13024000,4364000,4364000,None,770000,10659000,None,-10976000,0,2265000,4364000,0,10278000,0,0,68000,0,-117170000,-1671000,None,1000,None,36316000,None,4364000,1326000,5690000,None,None,None,143342000,46975000,7126000,None,6723709,USD,None,-1979000,0,203000,None,10673000,-25000,411000,2414000,6524000,-4149000,411000,1224000,0,10673000,0,-4270000,-4179000,0,-90000,None,6524000,2.63,0.891
13,2016-12-31,USD,3122000,-5392000,1774000,1348000,6741000,6281000,308000,0,6197000,0,-6560000,1000,6740000,860000,544000,None,None,None,0,3363000,0,-108000,6367000,858000,6305000,6281000,None,USD,41778000,36358000,None,1429000,35247000,6531000,0,11382000,22000,-119584000,11098000,0,36609000,602000,16241000,7908000,7908000,None,929000,4240000,None,-29827000,0,2209000,7908000,0,12113000,6531000,127736000,22000,0,-119584000,-1643000,None,251000,None,37538000,None,7908000,3844000,11752000,None,None,None,127736000,41778000,602000,None,2176252,USD,None,-1250000,-29000,-449000,-1333000,1232000,-475000,-3481000,6281000,-1091000,-2323000,1123000,1541000,0,1707000,0,4782000,-10145000,29000,127000,None,-1091000,4.4,2.63
14,2016-09-30,USD,3316000,7958000,1846000,1470000,-6484000,-7493000,659000,0,-7023000,0,2966000,4000,-6488000,970000,539000,None,None,None,0,3363000,0,173000,0,0,-7196000,-7493000,None,USD,45964000,37220000,None,2237000,47443000,-1479000,0,9370000,187000,-125865000,22306000,0,38221000,1693000,19870000,3756000,None,None,1060000,6683000,None,-38699000,0,2753000,5267000,0,11359000,0,0,187000,0,-125865000,-1643000,None,1001000,None,39281000,None,5267000,17691000,22958000,None,None,None,125842000,45964000,1693000,None,18162671,USD,None,555000,0,1601000,None,0,None,None,-7493000,-1346000,-1346000,1540000,1645000,0,0,0,4655000,2523000,0,-116000,None,-1346000,0.16,4.4
15,2016-06-30,USD,3612000,4664000,1842000,1770000,-2891000,-2334000,357000,0,-3749000,0,3337000,3000,-2894000,970000,858000,None,None,None,0,0,0,-236000,0,0,-3513000,-2334000,None,USD,53510000,41553000,None,3650000,47517000,5993000,0,5246000,187000,-118372000,23253000,0,42681000,3039000,19209000,3755000,None,None,1190000,9639000,None,-35560000,0,2950000,5055000,0,10208000,0,0,187000,0,-118372000,-1643000,None,1128000,None,43871000,None,5055000,23253000,28308000,None,None,None,125821000,53510000,3039000,None,18162671,USD,None,-1818000,0,1062000,None,0,None,None,-2334000,-1301000,-1301000,257000,1999000,0,0,0,4771000,110000,0,485000,None,-1301000,0.33,0.16
16,2016-03-31,USD,3035000,5656000,1179000,1856000,-3794000,-4786000,323000,0,-3997000,0,4363000,6000,-3800000,970000,203000,None,None,None,0,0,0,9000,0,-780000,-4006000,-4786000,None,USD,56775000,42522000,None,4554000,48469000,8306000,0,30541000,187000,-116038000,22586000,0,43771000,4340000,19746000,2463000,None,None,1330000,11674000,None,-34216000,0,2780000,6137000,0,10769000,0,0,187000,0,-116038000,-1643000,None,1249000,None,45101000,None,None,4696000,4696000,None,None,None,125800000,56775000,4340000,None,18162671,USD,None,-5318000,0,0,None,0,None,None,-4786000,-3970000,-3970000,229000,1476000,0,0,0,4286000,143000,0,4286000,None,-3970000,0.28,0.33
17,2015-12-31,USD,-101852000,-76724000,-83403000,-18449000,-27496000,4385000,-3938000,0,-28500000,0,-50466000,89000,-27585000,-6654000,1004000,None,None,None,0,-16301000,0,13566000,-16044000,10341000,-42066000,4385000,None,USD,67712000,43492000,None,7943000,54674000,13038000,0,12264000,187000,-111252000,24068000,0,47087000,8310000,23373000,1164000,1164000,13000,1460000,19165000,None,-30454000,106000,2806000,7233000,0,9945000,0,0,187000,0,-111252000,-8432000,None,3595000,None,48547000,None,7233000,17890000,6178000,None,None,None,132522000,67712000,8416000,None,17662671,USD,None,-3467000,26981000,26751000,-21600000,-21320000,-1600000,3318000,4385000,-645000,-6306000,1724000,1560000,0,280000,0,-5667000,-8396000,230000,-2112000,None,-645000,0.465,0.28
18,2015-09-30,USD,36625000,11233000,29395000,7230000,-4030000,-4895000,1000000,0,-4999000,0,9247000,-27000,-4003000,986000,969000,None,None,None,0,0,0,-180000,0,0,-4819000,-4895000,None,USD,99287000,44478000,None,5512000,93426000,5861000,0,5112000,174000,-115637000,32097000,15666000,64370000,8955000,31526000,None,None,16000,2818000,32099000,None,-54283000,108000,17524000,27911000,5216000,26414000,0,0,174000,0,-115637000,-8261000,None,4226000,None,67188000,None,27911000,25909000,8080000,None,None,None,129569000,99287000,9063000,None,16720037,USD,None,-3491000,-41000,0,None,-5000,None,None,-4895000,-5442000,-5396000,944000,1589000,0,-5000,702000,4257000,-141000,41000,598000,None,-5442000,1.79,0.465
19,2015-06-30,USD,36340000,12034000,30244000,6096000,-6007000,-6978000,414000,0,-6891000,0,10634000,-69000,-5938000,986000,884000,None,None,None,0,0,0,-177000,0,0,-6714000,-6978000,None,USD,107573000,45448000,None,6634000,97275000,10298000,0,6870000,174000,-110742000,32125000,15666000,65199000,14397000,34931000,None,None,16000,3083000,39291000,None,-50816000,108000,18152000,27694000,6228000,28061000,0,0,174000,0,-110742000,-8256000,None,4085000,None,68282000,None,27694000,25909000,8741000,None,None,None,129106000,107573000,14505000,None,16204762,USD,None,814000,-78000,0,None,-6000,None,None,-6978000,-2607000,-2523000,559000,1624000,0,-6000,0,3843000,802000,78000,656000,None,-2607000,1.43,1.79
