,fiscalDateEnding,reportedCurrency_x,totalRevenue,totalOperatingExpense,costOfRevenue,grossProfit,ebit,netIncome_x,researchAndDevelopment,effectOfAccountingCharges,incomeBeforeTax,minorityInterest,sellingGeneralAdministrative,otherNonOperatingIncome,operatingIncome,otherOperatingExpense,interestExpense,taxProvision,interestIncome,netInterestIncome,extraordinaryItems,nonRecurring,otherItems,incomeTaxExpense,totalOtherIncomeExpense,discontinuedOperations,netIncomeFromContinuingOperations,netIncomeApplicableToCommonShares,preferredStockAndOtherAdjustments,reportedCurrency_y,totalAssets,intangibleAssets,earningAssets,otherCurrentAssets,totalLiabilities,totalShareholderEquity,deferredLongTermLiabilities,otherCurrentLiabilities,commonStock,retainedEarnings,otherLiabilities,goodwill,otherAssets,cash,totalCurrentLiabilities,shortTermDebt,currentLongTermDebt,otherShareholderEquity,propertyPlantEquipment,totalCurrentAssets,longTermInvestments,netTangibleAssets,shortTermInvestments,netReceivables,longTermDebt,inventory,accountsPayable,totalPermanentEquity,additionalPaidInCapital,commonStockTotalEquity,preferredStockTotalEquity,retainedEarningsTotalEquity,treasuryStock,accumulatedAmortization,otherNonCurrrentAssets,deferredLongTermAssetCharges,totalNonCurrentAssets,capitalLeaseObligations,totalLongTermDebt,otherNonCurrentLiabilities,totalNonCurrentLiabilities,negativeGoodwill,warrants,preferredStockRedeemable,capitalSurplus,liabilitiesAndShareholderEquity,cashAndShortTermInvestments,accumulatedDepreciation,commonStockSharesOutstanding,reportedCurrency,investments,changeInLiabilities,cashflowFromInvestment,otherCashflowFromInvestment,netBorrowings,cashflowFromFinancing,otherCashflowFromFinancing,changeInOperatingActivities,netIncome_y,changeInCash,operatingCashflow,otherOperatingCashflow,depreciation,dividendPayout,stockSaleAndPurchase,changeInInventory,changeInAccountReceivables,changeInNetIncome,capitalExpenditures,changeInReceivables,changeInExchangeRate,changeInCashAndCashEquivalents,clossingVal,nextClossingVal
0,2020-06-30,USD,47364000,3678000,40722000,6642000,2964000,2114000,None,None,2664000,None,3678000,None,2964000,None,300000,550000,None,-300000,None,None,None,550000,None,None,2114000,2114000,None,USD,117087000,None,None,11903000,80345000,36742000,None,20499000,104000,-10449000,1435000,None,6593000,0,46610000,427000,None,None,20114000,90120000,None,36742000,None,31354000,25373000,46863000,25684000,None,None,104000,None,-10449000,-1589000,None,1450000,None,5403000,6727000,32100000,1635000,33735000,None,None,None,48676000,117087000,None,None,10430726,USD,-1716000,2924000,-1716000,None,-4220000,-4240000,-6000,1587000,2114000,0,5956000,4966000,826000,None,70000,-1763000,-3827000,715000,1716000,-3827000,None,None,9.63,
1,2020-03-31,USD,44171000,3217000,38668000,5503000,2286000,1523000,None,None,1890000,None,3217000,None,2286000,None,396000,367000,None,-396000,None,None,None,367000,None,None,1523000,1523000,None,USD,111384000,None,None,12322000,77009000,34375000,None,15861000,103000,-12563000,1465000,None,6929000,0,40310000,1790000,1371000,None,19232000,84948000,None,34375000,None,27573000,28182000,45053000,22659000,None,None,103000,None,-12563000,-1589000,None,1251000,None,5953000,6837000,35019000,1680000,36699000,None,None,None,48424000,111384000,None,None,10392116,USD,-1027000,-7265000,-1027000,None,1630000,1570000,-68000,-1097000,1523000,0,-543000,1973000,783000,None,8000,-313000,1955000,1319000,1027000,1955000,None,None,5.94,9.63
2,2019-12-31,USD,44734000,3299000,39495000,5239000,1940000,1189000,None,None,1525000,None,3299000,None,1940000,None,415000,336000,None,-415000,None,None,None,336000,-415000,None,1189000,1189000,None,USD,113046000,5215000,None,12068000,80319000,32727000,None,15161000,103000,-14086000,1496000,None,7695000,0,45215000,1782000,1371000,None,19000000,86058000,None,32727000,None,29031000,26432000,44959000,28272000,None,None,103000,None,-14086000,-1589000,None,1154000,6834000,26988000,6946000,33378000,1726000,35104000,None,None,None,48299000,113046000,None,None,10375364,USD,-324000,2596000,-324000,None,-2580000,-2019000,391000,-1416000,1189000,0,2343000,-1086000,747000,None,170000,-1742000,-924000,1563000,324000,-924000,None,None,9.09,5.94
3,2019-09-30,USD,43922000,41203000,37529000,6393000,3504000,1794000,None,None,2234000,None,3674000,None,2719000,None,485000,440000,-485000,-485000,None,None,None,440000,-485000,None,1794000,1781000,None,USD,110832000,5215000,None,1454000,79592000,31240000,None,13394000,103000,-15275000,1527000,None,8014000,0,42470000,1371000,1371000,None,19433000,83385000,None,31240000,None,27618000,28910000,44267000,23690000,None,None,None,None,None,-1589000,None,860000,None,27447000,7023000,35595000,1527000,37122000,None,None,None,48001000,None,None,None,11000000,USD,-999000,-484000,-999000,20000,2216000,2213000,-28000,-1087000,1794000,0,-1214000,None,785000,None,162000,657000,-1022000,884000,999000,None,None,None,6.91,9.09
4,2019-06-30,USD,40324000,38440000,34719000,5605000,2641000,1211000,None,None,1432000,None,3721000,None,1884000,None,452000,221000,None,-452000,None,None,None,221000,-452000,None,1211000,1201000,None,USD,108891000,5215000,None,1893000,79622000,29269000,None,9899000,103000,-17069000,1558000,None,8861000,0,44670000,1702000,1371000,None,19331000,80699000,None,29269000,None,26612000,26622000,44889000,29510000,None,None,103000,None,-17069000,-1589000,None,862000,7999000,28192000,7103000,33394000,1558000,34952000,None,None,None,47824000,108891000,None,None,11000000,USD,-294000,3593000,-294000,20000,694000,685000,-48000,1213000,1211000,0,-391000,-1538000,757000,None,112000,-5938000,1201000,-1187000,314000,1201000,None,None,6.28,6.91
5,2019-03-31,USD,37294000,3328000,32708000,4586000,1258000,670000,None,None,873000,None,3328000,None,1258000,None,385000,203000,None,-385000,None,None,None,203000,-385000,None,670000,670000,None,USD,103037000,None,None,7843000,75108000,27929000,None,10226000,103000,-18280000,1589000,None,8915000,0,41088000,1956000,1632000,None,19614000,74508000,None,27929000,None,27822000,25574000,38843000,28906000,None,None,103000,None,-18280000,-1589000,None,695000,8220000,28529000,6857000,32431000,1589000,34020000,None,None,None,47695000,103037000,None,None,10315207,USD,-294000,-895000,-294000,None,6538000,6584000,-6000,500000,670000,0,-6290000,-211000,639000,None,72000,-1613000,-5041000,263000,294000,-5041000,None,None,6.85,6.28
6,2018-12-31,USD,35441000,3352000,30382000,5059000,1707000,1072000,0,None,1384000,None,3352000,None,1707000,None,323000,None,None,None,None,None,None,312000,-323000,None,1072000,1062000,None,USD,96642000,None,None,7630000,69587000,27055000,None,8848000,102000,-18950000,1700000,None,9116000,None,42191000,2157000,1841000,None,19966000,67560000,None,27055000,None,22716000,18754000,37214000,28611000,None,None,102000,None,-18950000,-1589000,None,697000,8419000,29082000,6942000,25696000,1700000,27396000,None,None,None,47492000,96642000,None,None,10000000,USD,None,1462000,-511000,None,3052000,3072000,-6000,-1583000,1072000,None,-2561000,-1805000,651000,None,20000,-6934000,656000,567000,511000,2426000,None,None,5.72,6.85
7,2018-09-30,USD,34216000,2894000,29720000,4496000,1602000,9121000,0,0,1290000,0,2894000,None,1602000,0,312000,None,None,None,0,0,0,9843000,-312000,0,-8553000,9121000,None,USD,90448000,0,None,1747000,65072000,25376000,0,7595000,102000,-20463000,1750000,0,9297000,0,40293000,1755000,1449000,None,20110000,61041000,None,25376000,0,25168000,16002000,34126000,30943000,0,0,0,0,0,-1589000,None,442000,8855000,29407000,7027000,23029000,1750000,24779000,None,None,None,None,90448000,None,None,10250648,USD,None,15927000,-1933000,1947000,-1610000,-1612000,-8000,-401000,9121000,None,3545000,-862000,614000,0,6000,-8032000,-5552000,-7671000,1933000,-5552000,None,None,5.27,5.72
8,2018-06-30,USD,29782000,2833000,26423000,3359000,526000,204000,0,0,204000,0,2833000,None,526000,0,322000,None,None,None,0,0,0,-4000,-322000,0,204000,204000,None,USD,66907000,0,None,1222000,50792000,16115000,0,2401000,102000,-29584000,1804000,0,1137000,0,24085000,1474000,1172000,None,18806000,46964000,None,16115000,0,19668000,17800000,26074000,20210000,0,0,102000,0,-29584000,-1589000,None,127000,1010000,19943000,7103000,24903000,1804000,26707000,None,None,None,47186000,66907000,None,None,10206059,USD,1947000,1914000,1293000,5000,-9000,-788000,-15000,1387000,204000,None,-505000,34000,544000,0,27000,-5111000,1751000,159000,659000,1751000,None,None,5.83,5.27
9,2018-03-31,USD,31768000,2923000,26984000,4784000,1861000,1579000,0,0,1583000,0,2923000,None,1861000,0,278000,None,None,None,0,0,0,4000,-278000,0,1579000,1579000,None,USD,62753000,0,None,1255000,47017000,15736000,0,838000,102000,-29788000,1143000,0,1147000,0,23353000,2656000,2430000,None,16708000,44898000,None,15736000,0,21417000,17275000,20976000,19859000,0,0,102000,0,-29788000,-1589000,None,137000,1010000,17855000,5246000,22521000,1143000,23664000,None,None,None,47011000,62753000,None,None,10206059,USD,None,1417000,-541000,1947000,3749000,4554000,-30000,1009000,1579000,None,-4013000,1000,548000,0,-1000,-85000,-7539000,66000,541000,-7539000,None,None,4.4938,5.83
10,2017-12-31,USD,21156000,2788000,19638000,1518000,-1270000,-494000,0,0,-1504000,0,2788000,None,-1270000,0,234000,None,None,None,0,0,0,-1010000,-234000,0,-494000,-494000,None,USD,55105000,0,None,1253000,41077000,14028000,0,1765000,102000,-31367000,1265000,0,1158000,0,21051000,1846000,1626000,None,17989000,35958000,None,14028000,0,13818000,13456000,20887000,17440000,0,0,102000,0,-31367000,-1589000,None,148000,1010000,19147000,5305000,18761000,1265000,20026000,None,None,None,46882000,55105000,None,None,10206059,USD,None,3091000,-801000,1947000,7000,31000,-30000,-232000,-494000,None,770000,-235000,562000,0,24000,-5416000,4049000,-787000,801000,4049000,None,None,4.12,4.4938
11,2017-09-30,USD,27622000,2487000,24147000,3475000,988000,755000,0,0,774000,0,2487000,None,988000,0,214000,None,None,None,0,0,0,-105000,-917000,0,879000,755000,None,USD,52447000,0,None,1018000,38018000,14429000,0,1611000,102000,-30873000,1317000,0,160000,0,17316000,1202000,987000,None,17777000,34510000,None,14429000,0,17887000,14023000,15605000,14503000,0,0,0,0,0,-1589000,None,160000,None,17937000,5362000,19385000,1317000,20702000,None,None,None,None,52447000,None,None,10197078,USD,5750000,-2566000,-1493000,5000,-1121000,-1120000,1000,-1845000,755000,-5723000,-3110000,466000,567000,0,0,-2864000,-596000,-266000,1498000,798000,None,-77000,4.93,4.12
12,2017-06-30,USD,26489000,2604000,22781000,3708000,1104000,806000,0,0,849000,0,2604000,None,1104000,0,255000,None,None,None,0,0,0,43000,0,0,806000,806000,None,USD,52210000,0,None,944000,38529000,13681000,0,721000,102000,-31628000,1371000,0,172000,77000,16664000,1197000,21691000,None,16871000,35167000,None,13681000,0,15915000,15077000,18231000,14746000,0,0,102000,0,-31628000,-1589000,None,172000,None,17043000,5417000,20494000,1371000,21865000,None,None,None,46796000,52210000,77000,None,10313623,USD,None,2955000,-499000,0,1522000,1533000,-3000,191000,794000,5214000,4180000,-492000,681000,0,14000,3651000,1394000,563000,499000,-3972000,None,-432000,3.6,4.93
13,2017-03-31,USD,21368000,2665000,19089000,2279000,-386000,-615000,0,0,-615000,0,2665000,None,-386000,0,229000,None,None,None,0,0,0,0,0,0,-615000,-615000,None,USD,49890000,75000,None,997000,37230000,12660000,0,2161000,114000,-32422000,1425000,101000,184000,509000,17384000,1736000,1736000,None,17010000,32696000,None,12484000,0,14713000,12950000,16477000,13487000,0,0,114000,0,-32422000,-1589000,None,8000,None,17194000,5471000,18421000,1425000,19846000,None,None,None,46557000,49890000,509000,None,10313623,USD,None,3824000,-1079000,0,2428000,2429000,1000,7000,-603000,65000,-1285000,7000,636000,0,0,-1789000,2578000,-74000,1079000,-3298000,None,65000,3.84,3.6
14,2016-12-31,USD,20976000,2441000,19181000,1795000,-646000,-865000,0,0,-865000,0,2441000,None,-646000,0,219000,None,None,None,0,0,0,0,0,0,-865000,-865000,None,USD,44335000,85000,None,1002000,31190000,13145000,0,1164000,113000,-31819000,1576000,100000,196000,444000,13675000,1781000,1781000,None,16781000,27358000,None,12960000,0,11426000,10425000,14486000,10730000,0,0,0,0,-31819000,-1589000,None,10000,None,16976000,5514000,15939000,1576000,17515000,None,None,None,None,44335000,444000,None,10277047,USD,5750000,-4775000,5293000,0,-7679000,-7668000,-2000,215000,-865000,-401000,1974000,215000,664000,0,13000,892000,5876000,-21000,457000,5876000,None,-401000,3.57,3.84
15,2016-09-30,USD,28420000,2817000,24428000,3271000,454000,176000,0,0,252000,0,2808000,None,462000,0,201000,None,None,None,0,0,0,76000,-1392000,0,177000,176000,None,USD,50626000,95000,None,5825000,36762000,13864000,0,18717000,113000,-30954000,379000,100000,438000,845000,19422000,2908000,2908000,None,10994000,39194000,None,13669000,0,17140000,16961000,15384000,15137000,0,0,113000,0,-30954000,-1589000,None,242000,None,11431000,None,None,None,None,None,None,None,46294000,50626000,845000,None,10274663,USD,17000,-4824000,-1074000,17000,-1707000,-1707000,-2000,274000,176000,242000,3023000,316000,722000,0,2000,4807000,7687000,-113000,1091000,2115000,None,242000,4.77,3.57
16,2016-06-30,USD,32509000,3475000,26294000,5463000,1988000,1606000,0,0,1600000,0,3463000,None,2001000,0,389000,None,None,None,0,0,0,-6000,0,0,1605000,1606000,None,USD,56862000,105000,None,1340000,43293000,13569000,0,22129000,113000,-31130000,583000,101000,477000,603000,23767000,2665000,None,None,15231000,41154000,None,13363000,0,19098000,18943000,20113000,18499000,0,0,113000,0,-31130000,-1589000,None,268000,3000,15708000,None,None,None,None,None,None,None,46175000,56862000,603000,None,10000000,USD,None,271000,-895000,0,-5262000,-5262000,None,None,1606000,-523000,5634000,1539000,751000,0,0,4094000,5572000,-13000,895000,-1008000,None,-523000,4.15,4.77
17,2016-03-31,USD,33148000,3762000,27412000,5736000,1974000,1461000,0,0,1461000,0,3762000,None,1974000,0,513000,None,None,None,0,0,0,0,0,0,1461000,1461000,None,USD,60055000,115000,None,1259000,48254000,11801000,0,28907000,113000,-32736000,544000,101000,480000,1126000,23549000,2679000,None,None,15065000,44510000,None,11585000,0,18231000,24161000,23894000,16668000,0,0,113000,0,-32736000,-1589000,None,264000,None,15545000,None,None,None,None,None,None,None,46013000,60055000,1126000,None,10259477,USD,None,-2058000,-585000,0,-3393000,-3386000,None,None,1461000,1041000,5012000,3556000,826000,0,7000,2502000,6580000,-120000,585000,1849000,None,1041000,4.5,4.15
18,2015-12-31,USD,32933000,3985000,27116000,5817000,1832000,1543000,0,0,1543000,0,3985000,None,1832000,0,289000,None,None,None,0,0,0,0,0,0,1543000,1543000,None,USD,63921000,124000,None,1759000,53696000,10225000,0,32891000,112000,-34197000,484000,101000,542000,85000,25906000,2918000,None,None,15288000,48091000,None,10000000,0,20070000,10425000,26177000,17887000,0,0,112000,0,-34197000,-1589000,None,317000,None,15830000,5514000,15939000,1576000,17515000,None,None,None,45899000,63921000,85000,None,10198192,USD,5750000,-4839000,-685000,0,-1241000,-1241000,-2000,None,1543000,-322000,1604000,-438000,855000,0,13000,-922000,4731000,674000,685000,4731000,None,-322000,3.26,4.5
19,2015-09-30,USD,28723000,-1397000,22947000,5776000,7173000,161000,0,0,6578000,0,2660000,None,7173000,0,594000,None,None,None,0,0,0,1000,-4335000,-6415000,6577000,162000,None,USD,68262000,134000,None,1444000,59574000,8688000,0,34084000,112000,-35740000,590000,101000,292000,407000,30661000,2908000,2908000,None,15443000,52527000,None,8453000,0,24923000,28323000,25753000,22582000,0,0,112000,0,-35740000,-1529000,None,57000,None,15735000,None,None,None,None,None,None,None,45845000,68262000,407000,None,10000000,USD,17000,1556000,2071000,2336000,-1784000,-1751000,-241000,693000,161000,117000,-203000,-3274000,371000,0,33000,-452000,-2538000,-4868000,265000,-3884000,None,117000,3.85,3.26
