,fiscalDateEnding,reportedCurrency_x,totalRevenue,totalOperatingExpense,costOfRevenue,grossProfit,ebit,netIncome_x,researchAndDevelopment,effectOfAccountingCharges,incomeBeforeTax,minorityInterest,sellingGeneralAdministrative,otherNonOperatingIncome,operatingIncome,otherOperatingExpense,interestExpense,taxProvision,interestIncome,netInterestIncome,extraordinaryItems,nonRecurring,otherItems,incomeTaxExpense,totalOtherIncomeExpense,discontinuedOperations,netIncomeFromContinuingOperations,netIncomeApplicableToCommonShares,preferredStockAndOtherAdjustments,reportedCurrency_y,totalAssets,intangibleAssets,earningAssets,otherCurrentAssets,totalLiabilities,totalShareholderEquity,deferredLongTermLiabilities,otherCurrentLiabilities,commonStock,retainedEarnings,otherLiabilities,goodwill,otherAssets,cash,totalCurrentLiabilities,shortTermDebt,currentLongTermDebt,otherShareholderEquity,propertyPlantEquipment,totalCurrentAssets,longTermInvestments,netTangibleAssets,shortTermInvestments,netReceivables,longTermDebt,inventory,accountsPayable,totalPermanentEquity,additionalPaidInCapital,commonStockTotalEquity,preferredStockTotalEquity,retainedEarningsTotalEquity,treasuryStock,accumulatedAmortization,otherNonCurrrentAssets,deferredLongTermAssetCharges,totalNonCurrentAssets,capitalLeaseObligations,totalLongTermDebt,otherNonCurrentLiabilities,totalNonCurrentLiabilities,negativeGoodwill,warrants,preferredStockRedeemable,capitalSurplus,liabilitiesAndShareholderEquity,cashAndShortTermInvestments,accumulatedDepreciation,commonStockSharesOutstanding,reportedCurrency,investments,changeInLiabilities,cashflowFromInvestment,otherCashflowFromInvestment,netBorrowings,cashflowFromFinancing,otherCashflowFromFinancing,changeInOperatingActivities,netIncome_y,changeInCash,operatingCashflow,otherOperatingCashflow,depreciation,dividendPayout,stockSaleAndPurchase,changeInInventory,changeInAccountReceivables,changeInNetIncome,capitalExpenditures,changeInReceivables,changeInExchangeRate,changeInCashAndCashEquivalents,clossingVal,nextClossingVal
0,2020-06-30,USD,293128000,44261000,234805000,58320000,14294000,12260000,None,None,14025000,70000,44261000,232000,14062000,None,269000,1695000,None,-269000,None,None,None,1695000,235000,None,12330000,12260000,None,USD,525325000,42192000,None,72774000,251847000,270681000,None,56174000,220000,92593000,6394000,60484000,38518000,35830000,222778000,None,None,None,25260000,326317000,None,168005000,None,228200000,256000,25343000,166604000,None,None,220000,None,92593000,-16153000,None,37683000,None,33389000,21642000,256000,28813000,29069000,None,None,None,194021000,525325000,None,None,21047008,USD,-795000,6731000,-795000,7000,-29324000,-30048000,-132000,3676000,12330000,-7969000,22874000,11129000,3310000,None,-663000,-3055000,-10602000,3031000,802000,-10602000,None,-7969000,23.17,
1,2020-03-31,USD,291278000,42036000,240013000,51264000,8961000,6231000,None,None,8641000,-18000,42036000,-268000,9229000,None,320000,2428000,-320000,-320000,None,None,None,2428000,-267000,None,6213000,6231000,None,USD,526344000,43810000,None,56450000,265693000,257805000,None,None,220000,80333000,1815000,60542000,37300000,43799000,210805000,None,None,None,26064000,323824000,None,153453000,None,245086000,28986000,22288000,210805000,None,None,220000,None,80333000,-15643000,None,38227000,None,33877000,23457000,28986000,25902000,54888000,None,None,None,192895000,526344000,43799000,None,21071666,USD,-30452000,20548000,-30452000,-28945000,29329000,25256000,-120000,-1371000,6213000,16504000,21700000,-1132000,3338000,None,-4002000,-1903000,-8104000,2740000,1507000,-8104000,None,16504000,17.65,23.17
2,2019-12-31,USD,276079000,37872000,225828000,50215000,12238000,8502000,None,None,11999000,28000,37872000,-141000,12379000,None,239000,3469000,-239000,-239000,None,None,None,3469000,-105000,None,8530000,8502000,None,USD,469865000,25740000,None,39383000,212177000,254778000,None,45555000,220000,74057000,2206000,50622000,43214000,27295000,185934000,None,None,None,25613000,289736000,None,178416000,None,230492000,319000,19861000,185934000,None,None,220000,None,74057000,-11998000,None,40090000,None,38064000,23718000,319000,25924000,26243000,None,None,None,192499000,469865000,27295000,None,21223176,USD,-1345000,-22778000,-1345000,46000,29258000,-1315000,-457000,-6223000,8530000,8361000,11021000,693000,2463000,None,-1315000,1683000,16699000,3731000,1391000,16699000,None,8361000,25.66,17.65
3,2019-09-30,USD,293642000,37055000,242737000,50870000,13999000,9861000,None,None,13610000,122000,37086000,84000,13915000,None,324000,3627000,-324000,-324000,None,-96000,None,3627000,150000,None,9983000,9861000,None,USD,445258000,26623000,None,29559000,195716000,246248000,None,40563000,220000,65600000,1945000,50622000,45404000,18934000,193472000,None,None,None,25746000,296455000,408000,169003000,None,245353000,299000,21543000,193472000,None,None,220000,None,65600000,-12483000,None,4938000,None,40874000,None,299000,1945000,2244000,None,None,None,192911000,445258000,18934000,None,21165011,USD,-644000,2995000,-644000,484000,-10373000,-11953000,-103000,-2524000,9983000,5830000,18427000,6473000,2439000,None,-1580000,2807000,-10096000,3826000,1128000,-10096000,None,5830000,20.59,25.66
4,2019-06-30,USD,282641000,36170000,236236000,46397000,10299000,10972000,None,None,9848000,83000,36333000,64000,10235000,None,451000,-1207000,-451000,-451000,None,-163000,None,-1207000,235000,None,11055000,10972000,None,USD,438364000,27535000,None,21980000,198106000,237013000,None,35859000,220000,55761000,1926000,50622000,48775000,13104000,186265000,None,None,None,26410000,285022000,None,158856000,None,238692000,9915000,24350000,186265000,None,None,220000,None,55761000,-11357000,None,5351000,None,43424000,None,9915000,1926000,11841000,None,None,None,192389000,438364000,13104000,None,21218854,USD,-1182000,20846000,-1182000,61000,-9852000,-12766000,-103000,-2680000,11055000,-3054000,10894000,-3685000,2434000,None,-2914000,-618000,-15542000,-444000,1243000,-18694000,None,-3054000,18.85,20.59
5,2019-03-31,USD,256816000,34809000,213679000,43235000,8216000,5489000,None,None,7793000,-32000,35070000,None,8216000,-112000,535000,2336000,-535000,-535000,None,-149000,None,2336000,163000,None,5457000,5489000,None,USD,417271000,28459000,None,10897000,185963000,228145000,None,32932000,220000,44789000,3655000,50622000,48743000,16158000,162636000,None,None,None,26520000,262927000,None,149064000,None,212143000,19672000,23729000,162636000,None,None,220000,None,44789000,-8443000,None,5662000,43081000,154344000,None,19672000,3655000,23327000,None,None,None,191579000,417271000,16158000,None,21381847,USD,-1837000,849000,-1837000,4000,-10014000,-13351000,-137000,2194000,5457000,-4420000,10768000,2327000,2553000,-137000,-3337000,42000,134000,3269000,1841000,-3729000,None,-4420000,17.77,18.85
6,2018-12-31,USD,243845000,32167000,202241000,41601000,9484000,6884000,0,None,8890000,99000,32086000,None,9484000,47000,547000,None,None,None,None,34000,None,1907000,-625000,None,6983000,6884000,None,USD,423137000,29545000,None,13035000,194575000,225231000,None,35304000,220000,39300000,3797000,50702000,50981000,20578000,161181000,None,None,None,26126000,265783000,None,144984000,None,208289000,29597000,23881000,161181000,None,None,220000,None,39300000,-8896000,None,5962000,45019000,157354000,None,29597000,3797000,33394000,None,None,None,194607000,423137000,20578000,None,21286103,USD,None,-2677000,-2085000,3000,-8000,-2219000,-137000,-5064000,6983000,-5669000,-1365000,-4461000,2449000,None,-2211000,-2915000,-2735000,1991000,2088000,-2735000,None,-5669000,15.55,17.77
7,2018-09-30,USD,240251000,31675000,199754000,40521000,8734000,4675000,0,0,8303000,99000,31812000,None,8734000,-88000,519000,None,None,None,0,-49000,0,3529000,-406000,0,4774000,4675000,None,USD,421994000,30590000,None,8144000,198355000,220407000,0,33826000,220000,32314000,4374000,50702000,52087000,26247000,164417000,None,None,None,25364000,262693000,558000,139115000,0,207336000,29564000,20966000,164417000,0,196810000,220000,0,32314000,-8937000,None,6065000,46580000,159301000,None,29564000,4374000,33938000,None,None,None,196810000,421994000,26247000,None,21205536,USD,None,20527000,-2604000,-1424000,28000,-87000,-114000,-1109000,4774000,4555000,7246000,-601000,2228000,-114000,-115000,-2249000,-21416000,3983000,1180000,-21416000,None,4555000,19.5,15.55
8,2018-06-30,USD,232581000,32342000,190039000,42537000,10089000,8516000,0,0,9687000,133000,32372000,None,10089000,-111000,513000,None,None,None,0,81000,0,1038000,-478000,0,8649000,8516000,None,USD,395963000,31736000,None,8824000,177243000,215473000,0,25812000,220000,27639000,4412000,49299000,55682000,21692000,143197000,29634000,29634000,None,25217000,234029000,None,134438000,0,184796000,29634000,18717000,143197000,0,0,220000,0,27639000,-8937000,None,6085000,49597000,161934000,None,29634000,4412000,34046000,None,None,None,196551000,395963000,21692000,None,21205536,USD,None,1256000,-6849000,-5793000,4000,-991000,-166000,-1462000,8649000,-14021000,-6181000,-1420000,2509000,-166000,-995000,-1056000,-17022000,903000,1056000,-17022000,None,-14021000,16.75,19.5
9,2018-03-31,USD,205697000,29675000,171837000,33840000,4142000,2221000,0,0,3712000,66000,29647000,None,4142000,-43000,473000,None,None,None,0,71000,0,1425000,-481000,0,2287000,2221000,None,USD,384987000,29515000,None,9492000,173637000,208070000,0,27820000,220000,19123000,4639000,46738000,57054000,35713000,139428000,29570000,29570000,None,25055000,226625000,None,131817000,0,163830000,29570000,17590000,139428000,0,0,220000,0,19123000,-8108000,None,6106000,50948000,158362000,None,29570000,4639000,34209000,None,None,None,196835000,384987000,35713000,None,21259178,USD,None,3026000,-1047000,77000,-4000,-1302000,-69000,475000,2287000,3825000,6174000,503000,2133000,-69000,-1298000,-585000,-2219000,1029000,1124000,-2219000,None,3825000,15.15,16.75
10,2017-12-31,USD,198314000,29991000,165236000,33064000,2989000,-29569000,0,0,2646000,56000,30089000,None,2989000,-98000,441000,None,None,None,0,0,0,32159000,-329000,0,-29513000,-29569000,None,USD,380666000,30452000,None,10752000,169830000,207509000,0,27411000,220000,16858000,4718000,46738000,135320000,31888000,135660000,29452000,29452000,None,24764000,220582000,None,130319000,0,160936000,29452000,17006000,135660000,0,0,220000,0,16858000,-6881000,None,6017000,52113000,160084000,None,29452000,4718000,34170000,None,None,None,197312000,380666000,31888000,None,21338745,USD,None,-14991000,-1361000,-158000,-37000,-26000,-69000,-216000,-29513000,3598000,4985000,-458000,2278000,0,11000,-80000,15717000,32506000,1203000,15243000,None,3598000,17.25,15.15
11,2017-09-30,USD,206582000,31019000,168477000,38104000,7015000,3146000,0,0,6665000,100000,31285000,None,7015000,-71000,421000,None,None,None,0,-195000,0,3419000,-1323000,0,3246000,3146000,None,USD,424494000,31413000,None,8795000,184519000,236704000,0,87382000,220000,46427000,4457000,46693000,168099000,28290000,150628000,29434000,29434000,None,24643000,231752000,558000,158598000,0,177744000,29434000,16923000,150628000,0,196955000,220000,0,46427000,-6898000,None,3782000,86211000,192742000,None,29434000,4457000,33891000,None,None,None,196955000,424494000,28290000,None,21336975,USD,None,-4142000,-6314000,-5521000,-243000,-1708000,-601000,-6169000,3246000,4125000,12147000,1424000,2815000,0,-1465000,2063000,-5050000,7047000,793000,-306000,None,4125000,17.3,17.25
12,2017-06-30,USD,208378000,30692000,172925000,35398000,4715000,5868000,0,0,4354000,5000,30771000,None,4715000,-46000,407000,None,None,None,0,-33000,0,-1519000,0,0,5873000,5868000,None,USD,417157000,31500000,None,4709000,180756000,234688000,0,31281000,220000,43325000,4433000,45033000,168745000,23905000,146916000,29407000,29407000,None,24642000,223770000,None,158155000,0,176170000,29407000,18986000,146916000,0,0,220000,0,43325000,-5399000,None,3345000,88867000,193387000,None,29407000,4433000,33840000,None,None,None,196542000,417157000,23905000,None,21434086,USD,None,6067000,-3687000,-2782000,52000,-736000,33000,-2959000,5873000,3124000,7547000,-3684000,2563000,-31000,-788000,-667000,0,-1787000,905000,-818000,None,3124000,18.15,17.3
13,2017-03-31,USD,203668000,30159000,171848000,31814000,1617000,536000,0,0,1233000,15000,30120000,None,1617000,-44000,428000,None,None,None,0,83000,0,682000,0,0,551000,536000,None,USD,407974000,31040000,None,6059000,177060000,229175000,0,25712000,220000,37457000,7414000,43484000,168238000,20845000,140270000,None,None,None,24425000,215311000,None,154651000,64000,170096000,29376000,18311000,140270000,0,0,220000,0,37457000,-4666000,None,3367000,90347000,192663000,None,29376000,7414000,36790000,None,None,None,196164000,407974000,20845000,None,21471893,USD,None,9531000,-12743000,-11648000,57000,-501000,-448000,664000,551000,-4954000,8290000,664000,2406000,-122000,-110000,-2274000,0,945000,1095000,-3533000,None,-4954000,18.1,18.15
14,2016-12-31,USD,192185000,28190000,156996000,35182000,6995000,3872000,0,0,6553000,52000,28194000,None,6995000,-4000,446000,None,None,None,0,0,0,2629000,0,0,3924000,3872000,None,USD,391992000,30476000,None,7266000,161934000,228211000,0,26087000,220000,36921000,6812000,39936000,165841000,25835000,125817000,None,None,None,16674000,209477000,None,157799000,100000,162162000,29305000,14214000,125817000,0,0,220000,0,36921000,-4685000,None,3655000,91774000,182515000,None,29305000,6812000,36117000,None,None,None,195755000,391992000,25835000,None,21469523,USD,None,-7248000,-1788000,8000,136000,197000,160000,-5712000,3924000,-7226000,-5635000,-5712000,2144000,0,61000,-978000,3208000,2628000,1796000,-393000,None,-7226000,19.15,18.1
15,2016-09-30,USD,205646000,28350000,165947000,37538000,9154000,101980000,0,0,8802000,69000,28064000,None,9474000,-34000,387000,None,None,None,0,320000,0,-97117000,-2661000,0,110042000,101980000,None,USD,394340000,31723000,None,3214000,169140000,223405000,0,68088000,220000,32745000,6832000,39936000,168918000,32961000,133051000,29257000,29257000,None,15694000,209728000,919000,151746000,260000,160057000,29257000,13236000,133051000,0,195221000,220000,0,32745000,-4781000,None,3710000,93549000,184612000,None,29257000,6832000,36089000,None,None,None,195221000,394340000,33221000,None,21000000,USD,None,19676000,-1082000,179000,85000,172000,-601000,-3232000,101980000,10154000,11064000,1196000,2243000,0,87000,4105000,-25675000,-95549000,1261000,-20600000,None,10154000,17.79,19.15
16,2016-06-30,USD,179565000,25765000,145602000,33997000,8181000,10805000,0,0,7899000,31000,25716000,None,8181000,-17000,299000,None,None,None,0,66000,0,-2937000,0,0,10836000,10805000,None,USD,277523000,32953000,None,4305000,155397000,120400000,0,27647000,220000,-69235000,6767000,39629000,77505000,23067000,118382000,None,None,None,15253000,184765000,None,47818000,260000,139961000,30248000,17432000,118382000,0,0,220000,0,-69235000,-4910000,None,4923000,None,92758000,None,30248000,6767000,37015000,None,None,None,194325000,277523000,23067000,None,21440583,USD,None,2108000,-50263000,-49191000,19664000,19218000,-448000,-1603000,10836000,-35462000,-4417000,-1603000,1735000,0,-446000,-1911000,0,441000,1072000,-16023000,None,-35462000,12.42,17.79
17,2016-03-31,USD,159206000,24530000,132169000,27812000,2504000,2194000,0,0,2204000,0,24267000,None,2504000,-3000,303000,None,None,None,0,266000,0,10000,0,0,2194000,2194000,None,USD,235779000,7859000,None,7374000,125953000,109826000,0,26334000,220000,-80040000,6895000,18743000,31050000,58269000,108834000,None,None,None,11556000,193173000,None,83224000,0,114869000,10224000,12661000,108834000,0,0,220000,0,-80040000,-4399000,None,4448000,None,42606000,None,10224000,6895000,17119000,None,None,None,194045000,235779000,58269000,None,21477314,USD,None,10778000,-1501000,-769000,-17000,44000,None,None,2194000,11956000,13413000,-91000,1125000,0,61000,-446000,5361000,980000,732000,-1127000,None,11956000,14.67,12.42
18,2015-12-31,USD,150765000,22482000,123133000,27633000,5121000,5799000,0,0,4857000,0,22511000,None,5121000,-29000,293000,None,None,None,0,0,0,-942000,0,0,5799000,5799000,None,USD,223078000,7928000,None,6481000,115721000,107357000,0,24068000,220000,-82234000,6930000,19407000,31871000,46313000,98550000,None,None,None,12695000,178512000,None,80022000,0,112348000,10241000,13370000,98550000,0,0,220000,0,-82234000,-4523000,None,4536000,None,44566000,None,10241000,6930000,17171000,None,None,None,193894000,223078000,46313000,None,21461242,USD,None,-13633000,-7890000,-7538000,7000,-65000,None,None,5799000,-3047000,4908000,-2718000,906000,0,-72000,2149000,7849000,330000,352000,12075000,None,-3047000,11.07,14.67
19,2015-09-30,USD,159660000,22590000,129260000,30427000,7440000,7479000,0,0,7341000,1795000,22761000,None,7639000,-171000,270000,None,None,None,0,0,0,-247000,-937000,-109000,7588000,7479000,None,USD,226710000,4723000,None,2956000,125296000,101414000,0,61042000,220000,-88033000,6983000,17249000,25987000,49360000,108079000,4000,9207000,None,11683000,189040000,919000,79442000,0,122747000,10234000,13977000,108075000,0,0,220000,0,-88033000,-4401000,None,4015000,None,37670000,None,10234000,6983000,17217000,None,None,None,193628000,226710000,49360000,None,21475741,USD,None,6183000,-395000,-1000,20000,-356000,-601000,-2368000,7479000,4544000,5295000,1156000,789000,0,-376000,-225000,-18842000,510000,394000,-10597000,None,4544000,7.72,11.07
