,fiscalDateEnding,reportedCurrency_x,totalRevenue,totalOperatingExpense,costOfRevenue,grossProfit,ebit,netIncome_x,researchAndDevelopment,effectOfAccountingCharges,incomeBeforeTax,minorityInterest,sellingGeneralAdministrative,otherNonOperatingIncome,operatingIncome,otherOperatingExpense,interestExpense,taxProvision,interestIncome,netInterestIncome,extraordinaryItems,nonRecurring,otherItems,incomeTaxExpense,totalOtherIncomeExpense,discontinuedOperations,netIncomeFromContinuingOperations,netIncomeApplicableToCommonShares,preferredStockAndOtherAdjustments,reportedCurrency_y,totalAssets,intangibleAssets,earningAssets,otherCurrentAssets,totalLiabilities,totalShareholderEquity,deferredLongTermLiabilities,otherCurrentLiabilities,commonStock,retainedEarnings,otherLiabilities,goodwill,otherAssets,cash,totalCurrentLiabilities,shortTermDebt,currentLongTermDebt,otherShareholderEquity,propertyPlantEquipment,totalCurrentAssets,longTermInvestments,netTangibleAssets,shortTermInvestments,netReceivables,longTermDebt,inventory,accountsPayable,totalPermanentEquity,additionalPaidInCapital,commonStockTotalEquity,preferredStockTotalEquity,retainedEarningsTotalEquity,treasuryStock,accumulatedAmortization,otherNonCurrrentAssets,deferredLongTermAssetCharges,totalNonCurrentAssets,capitalLeaseObligations,totalLongTermDebt,otherNonCurrentLiabilities,totalNonCurrentLiabilities,negativeGoodwill,warrants,preferredStockRedeemable,capitalSurplus,liabilitiesAndShareholderEquity,cashAndShortTermInvestments,accumulatedDepreciation,commonStockSharesOutstanding,reportedCurrency,investments,changeInLiabilities,cashflowFromInvestment,otherCashflowFromInvestment,netBorrowings,cashflowFromFinancing,otherCashflowFromFinancing,changeInOperatingActivities,netIncome_y,changeInCash,operatingCashflow,otherOperatingCashflow,depreciation,dividendPayout,stockSaleAndPurchase,changeInInventory,changeInAccountReceivables,changeInNetIncome,capitalExpenditures,changeInReceivables,changeInExchangeRate,changeInCashAndCashEquivalents,clossingVal,nextClossingVal
0,2020-06-30,USD,23602000,9156000,16996000,6606000,-2342000,-2281000,1209000,None,-2245000,7000,6283000,208000,-2550000,None,-97000,29000,97000,97000,None,1664000,None,29000,-1456000,None,-2274000,-2281000,None,USD,116052000,11779000,None,9698000,27622000,88676000,1124000,1536000,8934000,-8546000,6027000,13592000,326000,7685000,19442000,None,None,-484000,14431000,68785000,3718000,63305000,19921000,10447000,None,21034000,17906000,None,None,8934000,None,-8546000,None,None,3747000,None,47267000,3689000,None,7056000,8180000,None,None,None,88772000,116052000,27606000,-30215000,8934000,USD,-292000,-1151000,-7744000,-7178000,-29000,-38000,-77000,215000,-2274000,-8051000,-269000,1641000,1132000,None,39000,-413000,-1006000,1802000,274000,-1006000,-57000,-8108000,13.52,
1,2020-03-31,USD,21503000,6610000,16931000,4572000,-2145000,-1979000,1201000,None,-1961000,-253000,5409000,-107000,-2038000,None,-184000,18000,184000,184000,None,None,None,18000,-107000,None,-1979000,-1979000,None,USD,111718000,5447000,None,11505000,22941000,89030000,None,1693000,8819000,-6265000,3128000,9551000,455000,15793000,17295000,None,None,-502000,14731000,71543000,6129000,79479000,16889000,8241000,None,19115000,15602000,None,None,8819000,None,-6265000,None,None,9764000,None,40175000,4211000,15000,5646000,5646000,None,None,None,86978000,111718000,32682000,-28213000,8819000,USD,9774000,738000,8005000,-91000,-28000,-158000,-226000,899000,-1979000,6611000,-1236000,646000,921000,None,68000,-2738000,746000,430000,1678000,746000,20000,6631000,11.77,13.52
2,2019-12-31,USD,27155000,6352000,19908000,7247000,610000,768000,928000,None,827000,-253000,5424000,-285000,895000,None,-217000,-133000,217000,217000,None,None,None,-133000,-285000,-192000,960000,768000,None,USD,113593000,5545000,None,21454000,23101000,90745000,None,1907000,8781000,-4286000,3208000,9551000,510000,9162000,16926000,None,None,-520000,13551000,70275000,9789000,81194000,23451000,8993000,None,16377000,15019000,None,None,8781000,None,-4286000,None,None,10427000,None,43318000,4797000,30000,6175000,6175000,None,None,None,86770000,113593000,23451000,-27522000,8781000,USD,1630000,-2082000,703000,-121000,-29000,14000,-29000,-193000,767000,428000,-289000,-1119000,829000,None,43000,1499000,-625000,442000,806000,-625000,46000,474000,18.0,11.77
3,2019-09-30,USD,26893000,7164000,20120000,6773000,-443000,-290000,840000,None,-203000,-253000,6324000,-52000,-391000,None,-240000,87000,240000,240000,None,None,None,87000,-52000,None,-290000,-290000,None,USD,115680000,5643000,None,19730000,26375000,89558000,None,2291000,8778000,-5054000,2230000,9551000,553000,8688000,20794000,None,None,-524000,13658000,66353000,15173000,80007000,20315000,8425000,None,17883000,18503000,None,None,8778000,None,-5054000,None,None,10945000,None,49327000,5249000,55000,5581000,5581000,None,None,None,86358000,115680000,20315000,-26867000,8778000,USD,724000,-1158000,-733000,-29000,-28000,-23000,-332000,-1514000,-290000,-1076000,-320000,-2360000,820000,None,309000,372000,1510000,786000,1428000,1510000,-37000,-1113000,19.44,18.0
4,2019-06-30,USD,28220000,11584000,21121000,8215000,-3641000,-5030000,1097000,None,-3393000,-253000,6722000,-272000,-3369000,None,-248000,116000,248000,248000,-1521000,3765000,None,116000,-4037000,-405000,-3509000,-5030000,None,USD,116328000,5742000,None,18781000,27400000,89181000,None,2328000,8754000,-4764000,2316000,9551000,492000,9801000,22044000,None,None,-538000,12879000,66466000,16802000,79630000,19688000,9746000,None,18251000,19716000,None,None,8754000,None,-4764000,None,None,10630000,None,49862000,4762000,69000,5356000,5356000,None,None,None,85729000,116328000,19688000,-26276000,8754000,USD,-3565000,400000,-5067000,-97000,-28000,79000,-22000,-1514000,-5029000,-3344000,1644000,-969000,818000,None,101000,-91000,583000,4219000,1405000,583000,-45000,-3389000,23.36,19.44
5,2019-03-31,USD,30109000,7926000,21358000,8751000,691000,775000,965000,None,906000,-253000,6961000,-134000,825000,None,-215000,131000,215000,215000,-193000,None,None,131000,-134000,-1521000,775000,775000,None,USD,120896000,2546000,None,21051000,27835000,93314000,None,1804000,8714000,266000,2405000,10808000,6525000,13190000,21305000,1700000,1700000,-797000,12261000,66686000,16552000,79960000,16008000,10493000,4030000,19134000,19501000,None,None,8714000,None,266000,None,None,12043000,None,54210000,5929000,95000,6530000,6530000,None,None,None,85131000,120896000,16008000,-25941000,8714000,USD,6395000,-2510000,4855000,-586000,-32000,-179000,-32000,-431000,775000,5111000,435000,275000,810000,None,-147000,-171000,1301000,-45000,954000,1301000,32000,5143000,25.08,23.36
6,2018-12-31,USD,30805000,8192000,21568000,9237000,871000,868000,978000,0,994000,-253000,7215000,-174000,1044000,0,-133000,126000,None,None,-345000,0,0,126000,-50000,-1521000,868000,868000,None,USD,115248000,2585000,None,15991000,23274000,92227000,None,786000,8664000,-509000,1627000,10808000,1229000,8047000,21647000,None,None,-927000,11732000,84544000,2091000,76575000,38093000,11479000,None,18981000,21647000,None,None,8664000,None,-509000,None,None,3488000,None,30704000,None,None,1627000,1627000,None,None,None,84999000,115248000,38093000,-25429000,9000000,USD,6395000,-1824000,4384000,-29000,-443000,-300000,-88000,-1051000,868000,6973000,2889000,672000,955000,None,143000,-387000,2738000,567000,2011000,2038000,-124000,6849000,26.38,25.08
7,2018-09-30,USD,30134000,7492000,20609000,9525000,1854000,1903000,1251000,0,1806000,-279000,6241000,-179000,2033000,0,48000,None,None,None,0,0,0,-97000,-227000,-1521000,1903000,1903000,None,USD,117013000,2624000,None,9495000,26409000,90883000,0,6943000,8640000,-1377000,4245000,10808000,3628000,1198000,22069000,96000,96000,-889000,11368000,86665000,1920000,77451000,45042000,13591000,95000,18537000,21973000,0,0,8640000,0,-1377000,0,None,3628000,None,30348000,None,95000,4245000,4340000,None,None,None,84509000,117013000,45042000,-27953000,8640000,USD,-45346000,920000,-47234000,0,-13111000,50155000,11000,-314000,1904000,-48000,-2969000,-486000,714000,0,63266000,-2920000,-3952000,559000,1888000,-3660000,63000,15000,56.2,26.38
8,2018-06-30,USD,30160000,7305000,20171000,9989000,2488000,2008000,1316000,0,2277000,-279000,5989000,-196000,2684000,0,211000,None,None,None,0,0,0,269000,-407000,0,2008000,2008000,None,USD,62975000,2662000,None,7792000,37908000,25346000,0,7049000,7037000,-3281000,4409000,10808000,3799000,1185000,22294000,2072000,2072000,-899000,9153000,34688000,1865000,11876000,646000,10067000,11205000,15644000,20222000,0,0,7037000,0,-3281000,0,None,3799000,None,28287000,None,11205000,4409000,15614000,None,None,None,22489000,62975000,1185000,-27531000,7037000,USD,-375000,-453000,-1498000,0,266000,377000,44000,1600000,2018000,391000,1512000,-1782000,778000,0,111000,-735000,-1901000,534000,1123000,1152000,-233000,158000,40.3,56.2
9,2018-03-31,USD,25363000,7060000,16951000,8412000,1132000,769000,1159000,0,944000,-12000,5901000,-220000,1352000,0,188000,None,None,None,0,0,0,187000,-408000,0,757000,769000,None,USD,60002000,2701000,None,6146000,37119000,23148000,0,6789000,6944000,-5287000,4353000,10808000,3702000,1056000,21818000,2063000,2063000,-647000,7547000,33313000,1931000,9639000,675000,11249000,10948000,14862000,19755000,0,0,6944000,0,-5287000,0,None,3702000,None,26689000,None,10948000,4353000,15301000,None,None,None,22138000,60002000,1056000,-27089000,6944000,USD,-164000,1972000,-649000,0,1501000,1768000,-55000,-1938000,757000,-136000,-1255000,-1648000,654000,0,267000,-1183000,-2407000,600000,485000,-2407000,144000,8000,20.0,40.3
10,2017-12-31,USD,22227000,6114000,15558000,6669000,516000,517000,1146000,0,348000,-12000,4968000,-39000,555000,0,168000,None,None,None,0,0,0,-157000,-1083000,494000,505000,517000,None,USD,53184000,2740000,None,1544000,32520000,20917000,0,6337000,6900000,-6831000,4399000,10808000,18999000,1017000,18800000,2040000,2040000,-733000,7175000,27010000,1616000,7369000,644000,9052000,9321000,15397000,16760000,0,21581000,6900000,0,-6831000,0,None,3835000,None,26174000,None,9321000,4399000,13720000,None,None,None,21581000,53184000,1017000,-32949000,6900000,USD,-1776000,2455000,-3006000,99000,1872000,2022000,-139000,1432000,505000,106000,1090000,-153000,615000,0,150000,-499000,-3157000,456000,1329000,-2289000,-65000,41000,19.8,20.0
11,2017-09-30,USD,24034000,6087000,16469000,7565000,1141000,1103000,1047000,0,964000,-186000,5040000,-337000,1478000,0,177000,None,None,None,0,0,0,47000,0,-1602000,917000,1103000,None,USD,45842000,2779000,None,1105000,25403000,20911000,0,5661000,6860000,-7349000,1907000,10555000,15716000,981000,16482000,2411000,2411000,-740000,6288000,23838000,1468000,7577000,649000,6853000,7014000,14899000,14071000,0,0,6860000,0,-7349000,0,None,914000,None,22004000,None,7014000,1907000,8921000,None,None,None,22140000,45842000,981000,-34412000,6860000,USD,-730000,494000,-996000,-630000,-1871000,-1836000,-29000,695000,917000,-217000,2615000,-200000,554000,0,35000,-953000,249000,511000,366000,1292000,186000,-31000,12.1,19.8
12,2017-06-30,USD,21961000,6021000,15380000,6581000,513000,610000,1112000,0,324000,-355000,4909000,-47000,560000,0,189000,None,None,None,0,0,0,54000,0,-15000,270000,610000,None,USD,45959000,2817000,None,1074000,26803000,19442000,0,4829000,6849000,-8451000,1937000,10555000,15349000,995000,16043000,2389000,11212000,-864000,6357000,24253000,226000,6070000,632000,8208000,8823000,13976000,13654000,0,0,6849000,0,-8451000,0,None,1751000,None,21706000,None,8823000,1937000,10760000,None,None,None,21908000,45959000,995000,-34165000,6849000,USD,-730000,1318000,-351000,-6000,-997000,-928000,-35000,538000,255000,-170000,1109000,-337000,543000,0,69000,-757000,1043000,242000,345000,-155000,153000,-17000,8.18,12.1
13,2017-03-31,USD,19924000,6022000,14412000,5676000,-290000,-428000,1153000,0,-472000,-385000,4869000,56000,-346000,0,182000,None,None,None,0,0,0,64000,0,-113000,-536000,-428000,None,USD,45007000,2856000,None,1104000,26468000,18469000,0,3956000,6836000,-9061000,1911000,10555000,15096000,992000,14727000,2368000,2368000,-952000,6447000,23464000,238000,5058000,612000,8129000,9830000,13239000,12359000,0,0,6836000,0,-9061000,0,None,1447000,None,21543000,None,9830000,1911000,11741000,None,None,None,21646000,45007000,992000,-33755000,6836000,USD,-730000,1190000,-367000,-94000,579000,639000,-21000,-121000,-813000,-312000,-584000,-121000,562000,0,60000,-905000,888000,391000,273000,-888000,25000,-287000,9.1,8.18
14,2016-12-31,USD,16763000,4118000,12340000,4423000,175000,-1808000,391000,0,9000,-51000,3727000,-130000,305000,0,166000,None,None,None,0,132000,0,98000,-1287000,-1770000,-89000,-1808000,None,USD,43758000,2920000,None,1080000,24747000,18556000,0,123000,6820000,-8633000,1945000,10555000,15178000,1262000,13518000,2346000,2346000,-1014000,6606000,21974000,146000,5081000,595000,7289000,9284000,12343000,11049000,0,21383000,6820000,0,-8633000,0,None,1557000,None,21784000,None,9284000,1945000,11229000,None,None,None,21383000,43758000,1262000,-33546000,6820000,USD,-1776000,880000,-581000,-372000,744000,799000,-140000,-1273000,-1859000,387000,169000,-214000,555000,0,55000,624000,1493000,1036000,209000,-853000,-322000,65000,6.9,9.1
15,2016-09-30,USD,16012000,4655000,12347000,3665000,-1171000,-1304000,1323000,0,-1306000,-35000,3332000,-181000,-990000,0,135000,None,None,None,0,0,0,33000,0,0,-1339000,-1304000,None,USD,39308000,9551000,None,638000,19187000,20265000,0,2932000,6801000,-6825000,1425000,9551000,10924000,1237000,10900000,2002000,None,-879000,6856000,21528000,212000,10714000,633000,6324000,6862000,13329000,8898000,0,0,6801000,0,-6825000,0,None,1161000,None,17780000,None,6862000,1425000,8287000,None,None,None,21168000,39308000,1237000,-33103000,6801000,USD,None,-1533000,-440000,-146000,-732000,-721000,None,None,-1339000,203000,1364000,60000,518000,0,11000,1277000,2346000,158000,294000,2223000,-49000,154000,5.785,6.9
16,2016-06-30,USD,16976000,4998000,13106000,3870000,-1349000,-1490000,1558000,0,-1475000,-37000,3308000,-221000,-1128000,0,126000,None,None,None,0,132000,0,52000,0,0,-1527000,-1490000,None,USD,42794000,9551000,None,883000,21501000,21402000,0,3075000,6796000,-5521000,1482000,9551000,10734000,1083000,12430000,1992000,None,-877000,7023000,25037000,133000,11851000,633000,8473000,7589000,14598000,10438000,0,0,6796000,0,-5521000,0,None,1050000,None,17757000,None,7589000,1482000,9071000,None,None,None,21004000,42794000,1083000,-32829000,6796000,USD,None,-783000,-639000,0,-1932000,1794000,None,None,-1527000,150000,-1005000,-167000,531000,0,3726000,-3000,123000,192000,639000,752000,-253000,-103000,5.34,5.785
17,2016-03-31,USD,18258000,4903000,13144000,5114000,141000,15000,1416000,0,15000,-34000,3487000,-70000,211000,0,126000,None,None,None,0,0,0,34000,0,0,-19000,15000,None,USD,43302000,9551000,None,932000,24221000,19154000,0,28000,5986000,-4031000,1491000,9551000,10791000,1193000,13127000,1941000,None,-723000,6906000,25605000,188000,9603000,640000,8924000,9603000,14556000,11158000,0,0,5986000,0,-4031000,0,None,1052000,None,17697000,None,9603000,1491000,11094000,None,None,None,17922000,43302000,1193000,-32367000,5986000,USD,None,-482000,-642000,-18000,1635000,1659000,None,None,-19000,84000,-933000,-420000,494000,0,24000,-85000,629000,208000,624000,-629000,100000,184000,6.37,5.34
18,2015-12-31,USD,18676000,4484000,13221000,5455000,693000,810000,1350000,0,611000,111000,3134000,-278000,971000,0,82000,None,None,None,0,132000,0,-88000,-630000,-965000,699000,810000,None,USD,41886000,9551000,None,860000,22989000,18897000,0,55000,5981000,-4046000,1474000,9551000,10255000,979000,13586000,1908000,1908000,-721000,6742000,24889000,224000,9346000,610000,8578000,7929000,14472000,11623000,0,0,5981000,0,-4046000,0,None,480000,None,16997000,None,7929000,1474000,9403000,None,-38000,None,17721000,41886000,979000,-31911000,5981000,USD,-1776000,-126000,-1311000,-197000,2299000,2324000,60000,-317000,699000,40000,-973000,67000,474000,0,25000,-1179000,-842000,182000,1114000,-1090000,-68000,-28000,7.58,6.37
19,2015-09-30,USD,17341000,3906000,12706000,4635000,598000,628000,1344000,0,503000,0,2562000,-131000,729000,0,95000,None,None,None,0,0,0,-125000,0,0,628000,628000,None,USD,38553000,9194000,None,1028000,20384000,18169000,0,1140000,5977000,-4856000,1261000,9194000,9880000,989000,14002000,1929000,None,-517000,6027000,22646000,278000,8975000,592000,7492000,5121000,13137000,10933000,0,0,5977000,0,-4856000,0,None,408000,None,15907000,None,5121000,1261000,6382000,None,None,None,17565000,38553000,989000,-31936000,5977000,USD,None,447000,-1198000,0,1122000,1366000,71000,None,628000,107000,-61000,-193000,440000,0,244000,-1839000,248000,157000,1198000,299000,17000,124000,8.11,7.58
