,fiscalDateEnding,reportedCurrency_x,totalRevenue,totalOperatingExpense,costOfRevenue,grossProfit,ebit,netIncome_x,researchAndDevelopment,effectOfAccountingCharges,incomeBeforeTax,minorityInterest,sellingGeneralAdministrative,otherNonOperatingIncome,operatingIncome,otherOperatingExpense,interestExpense,taxProvision,interestIncome,netInterestIncome,extraordinaryItems,nonRecurring,otherItems,incomeTaxExpense,totalOtherIncomeExpense,discontinuedOperations,netIncomeFromContinuingOperations,netIncomeApplicableToCommonShares,preferredStockAndOtherAdjustments,reportedCurrency_y,totalAssets,intangibleAssets,earningAssets,otherCurrentAssets,totalLiabilities,totalShareholderEquity,deferredLongTermLiabilities,otherCurrentLiabilities,commonStock,retainedEarnings,otherLiabilities,goodwill,otherAssets,cash,totalCurrentLiabilities,shortTermDebt,currentLongTermDebt,otherShareholderEquity,propertyPlantEquipment,totalCurrentAssets,longTermInvestments,netTangibleAssets,shortTermInvestments,netReceivables,longTermDebt,inventory,accountsPayable,totalPermanentEquity,additionalPaidInCapital,commonStockTotalEquity,preferredStockTotalEquity,retainedEarningsTotalEquity,treasuryStock,accumulatedAmortization,otherNonCurrrentAssets,deferredLongTermAssetCharges,totalNonCurrentAssets,capitalLeaseObligations,totalLongTermDebt,otherNonCurrentLiabilities,totalNonCurrentLiabilities,negativeGoodwill,warrants,preferredStockRedeemable,capitalSurplus,liabilitiesAndShareholderEquity,cashAndShortTermInvestments,accumulatedDepreciation,commonStockSharesOutstanding,reportedCurrency,investments,changeInLiabilities,cashflowFromInvestment,otherCashflowFromInvestment,netBorrowings,cashflowFromFinancing,otherCashflowFromFinancing,changeInOperatingActivities,netIncome_y,changeInCash,operatingCashflow,otherOperatingCashflow,depreciation,dividendPayout,stockSaleAndPurchase,changeInInventory,changeInAccountReceivables,changeInNetIncome,capitalExpenditures,changeInReceivables,changeInExchangeRate,changeInCashAndCashEquivalents,clossingVal,nextClossingVal
0,2020-06-30,USD,2572439,3591085,2187544,384895,-840070,-1041503,201234,None,-1041503,None,1202307,None,-1018646,None,24623,0,None,-24623,None,None,None,None,1766,None,-1041503,-1041503,None,USD,15448604,None,None,None,4813039,10635565,None,None,197635,7708592,None,None,None,2978109,4131529,None,3288361,None,7714492,7480288,None,10381741,0,1414019,681510,2681940,315224,None,None,None,None,None,None,None,None,None,7968316,None,None,None,681510,None,None,None,None,None,None,None,None,USD,956149,-447992,956149,2060898,1178579,1178579,1142897,279813,-1041503,1372669,-762059,None,176810,None,None,-93171,346147,20594,23851,None,None,None,3.45,
1,2020-03-31,USD,3497192,1964600,2343960,1153232,-804451,-587006,183580,None,-825935,None,1781020,6917,-811368,None,21484,-238929,-21480,-21484,None,None,None,-238929,6917,None,-587006,-587006,None,USD,15643952,268004,None,328437,3970572,11673380,None,2654036,197635,8750095,None,None,None,1605440,1316536,134592,134592,None,7867513,7508435,None,11405376,980000,2005789,2654036,2588769,1181944,None,None,197635,None,8750095,None,None,8135517,None,8135517,None,2654040,None,2654036,None,None,None,2725650,15643952,2585440,None,1976354,USD,1225000,-619255,1104749,14874,-35682,-35682,1142897,-42351,-587006,641791,-427276,334225,177077,None,None,-408233,674552,1364,135125,674552,None,641791,3.28,3.45
2,2019-12-31,USD,4963096,1617861,3415517,1547579,-58828,-80072,202505,None,-81297,None,1415356,11454,-70282,None,22469,-1225,-22470,-22469,None,None,None,-1225,11454,None,-80072,-80072,None,USD,16879541,271369,None,1178285,4622843,12256698,None,1934486,197635,9337101,None,None,None,963649,1934486,133287,133287,None,7915984,8692188,None,12256698,2205000,2436087,2688357,2180536,1801199,None,None,197635,None,9337101,None,None,8187353,None,7915984,None,2688357,None,2688357,None,None,None,2721962,16879541,3168649,None,1976354,USD,245000,-172236,98045,-2137,-35668,-35667,1142897,-115419,-80072,204910,142532,44569,172443,None,1,392905,-223278,8201,144818,-223278,None,204910,5.35,3.28
3,2019-09-30,USD,4530361,1565871,3118299,1412062,-137584,-162744,218467,None,-160383,None,1347404,16225,-153809,None,22799,2361,-22800,-22799,None,None,None,2361,16225,None,-162744,-162744,None,USD,17162234,281504,None,952854,4827956,12334278,None,2105893,197635,9417172,None,None,None,758739,2105893,132458,132458,None,7934256,8946474,None,12052774,2450000,2211440,2722063,2573441,1973435,None,None,197635,None,9417172,None,None,8215760,None,8215760,None,2722063,None,2722063,None,None,None,2719471,17162234,3208739,None,1976354,USD,490000,866393,375829,-11206,-35011,-63638,1142897,-63232,-162744,461553,149362,-505310,165198,None,-28627,-61192,12005,-164988,102965,12005,None,461553,6.34,5.35
4,2019-06-30,USD,4596411,1609326,3167982,1428429,-163594,-115711,270465,None,-186109,None,1338861,17303,-180897,None,22515,-70398,-22520,-22515,None,None,None,-70398,17303,None,-115711,-115711,None,USD,16699939,292380,None,262325,4176780,12523159,183000,1238427,198081,9601979,183000,None,None,297186,1238427,131385,131385,None,7987135,8420424,None,12230779,2940000,2408664,2755353,2512249,1107042,None,None,198081,None,9601979,None,None,8279515,None,8279515,None,2755353,None,2938353,None,None,None,2723099,16699939,3237186,None,1980811,USD,-113820,-133018,-113820,-325,-34342,-55311,-90730,191178,-115711,-320060,-150929,-74384,174405,None,-20969,327927,-402331,72183,113495,-402331,None,-320060,7.3137,6.34
5,2019-03-31,USD,3528691,1560807,2519572,1009119,-535494,-455031,178842,None,-557769,None,1381965,16194,-551688,None,22275,-102740,-22280,-22275,None,None,None,-102738,16194,None,-455031,-455031,None,USD,16999264,372693,None,259839,4341345,12657919,None,1369642,198355,9734620,183000,None,None,617246,1369642,129582,129582,None,8034875,8591696,None,12285226,2940000,1934435,2788700,2840176,1240060,None,None,198355,None,9734620,None,None,8407568,None,8407568,None,2788700,2971703,2971703,None,None,None,2724944,16999264,3557246,-8298897,1983553,USD,-245000,65811,-352476,9599,-35419,-35419,-90730,-31244,-455031,-1005891,-617996,4970,170965,None,None,-793588,394101,-5224,117075,394101,None,-1005891,8.22,7.3137
6,2018-12-31,USD,4856640,1510954,3154166,1702474,206763,149619,186779,0,183220,0,1324175,15243,191520,0,23543,None,None,None,0,0,0,33601,-8300,0,149619,149619,None,USD,17419218,376406,None,375362,4308188,13111030,183000,None,198355,10189651,183000,None,None,1623137,1303531,129282,129282,None,8084742,8958070,None,12734624,2695000,2217983,2821657,2046588,1174249,None,None,198355,None,10189651,None,None,None,None,8461148,None,2821657,None,3004657,None,None,None,2723024,17419218,4318137,None,1983553,USD,-245000,-34382,-55531,-13681,-34761,-34761,-138213,-135686,149619,63412,153704,-157352,180020,None,None,224302,-239474,30971,41850,-239474,None,63412,8.432,8.22
7,2018-09-30,USD,4651358,1548760,3124539,1526819,-8181,-24752,179915,0,-31479,0,1368845,13760,-21941,0,23298,None,None,None,0,0,0,-6727,-9538,0,-24752,-24752,None,USD,17306077,368823,None,210570,4348246,12957831,0,498000,198355,10040032,156839,0,369000,1559725,1336878,128247,128247,None,8215120,8722134,None,12589008,2695000,1985949,2854529,2270890,1208631,0,0,198355,0,10040032,0,None,None,None,8583943,None,None,3011368,3011368,None,None,None,2719444,17306077,4254725,-8232338,1983553,USD,225000,-47536,44162,-3935,-33412,-33412,-138213,45487,-24752,203897,193147,-32871,200897,0,0,200656,-106828,3581,176903,-106828,None,203897,12.5,8.432
8,2018-06-30,USD,4634177,1465435,2971862,1662315,208685,145336,156472,0,184878,0,1308963,11805,196880,0,23807,None,None,None,0,0,0,39542,-12002,0,145336,145336,None,USD,17405304,370844,None,184426,4426302,12979002,156839,426000,198355,10064784,156839,0,371000,1355828,1382589,126422,126422,None,8230266,8804194,None,12608158,2920000,1872394,2886874,2471546,1256167,0,0,198355,0,10064784,0,None,None,None,8601110,None,2886874,None,3043713,None,None,None,2715863,17405304,4275828,-8040289,1983553,USD,-245000,302310,-537170,-16782,-34408,-34408,-138213,90218,145336,193640,765218,48659,205054,0,0,-102715,162994,3580,275388,162994,None,193640,10.6953,12.5
9,2018-03-31,USD,4071478,1503059,2709059,1362419,-131219,-130738,154076,0,-151154,0,1348983,9421,-140640,0,19935,None,None,None,0,0,0,-20416,-10514,0,-130738,-130738,None,USD,16985529,360278,None,193828,4155443,12830086,156839,345000,198355,9919448,156839,0,360000,1162188,1085654,131797,131797,None,8150759,8474492,None,12469808,2675000,2074645,2912950,2368831,953857,0,0,198355,0,9919448,0,None,None,None,8511037,None,2912950,None,3069789,None,None,None,2712283,16985529,3837188,-7893500,1983553,USD,220000,208975,155424,-15572,-35632,-35632,-138213,-103440,-130738,232488,112696,-66208,209348,0,0,-282766,158000,15732,49004,158353,None,232488,8.8,10.6953
10,2017-12-31,USD,4944791,1466289,3071689,1873102,412991,368769,169528,0,392386,0,1296761,6178,406813,0,20605,None,None,None,0,0,0,23617,-59538,0,368769,368769,None,USD,16924230,351186,None,168242,3966299,12957931,144000,423000,198355,10050186,144000,0,351000,929700,875781,130899,130899,None,8301661,8271383,None,12606745,2895000,2192376,2946518,2086065,744882,0,0,198355,0,10050186,0,None,None,None,8652847,None,2946518,None,3090518,None,None,None,2709390,16924230,3824700,-7693594,1983553,USD,-980000,-407250,-1026680,-6557,-35254,-101933,None,160997,368769,-1071544,57069,261584,211770,0,-66679,460244,146000,-292020,40123,-546028,None,-1071544,7.52,8.8
11,2017-09-30,USD,3984100,1474141,2660149,1323951,-143881,-110953,168686,0,-164713,0,1305455,6309,-150190,0,20832,None,None,None,0,0,0,-53760,0,0,-110953,-110953,None,USD,17357548,351108,None,104209,4707741,12649807,446000,351000,199205,9735741,446000,0,351000,2001244,1282127,129995,129995,None,8467713,8538727,None,12298699,1915000,1971965,2979614,2546309,1152132,0,0,199205,0,9735741,0,None,None,None,8818821,None,2979614,None,3425614,None,None,None,2714861,17357548,3916244,-7561542,1992053,USD,980000,-151455,917672,-6448,-34872,-253621,None,-34795,-110953,761158,97107,-11197,222811,0,-218749,-269708,692000,-4895,55880,422504,None,761158,8.24,7.52
12,2017-06-30,USD,4685361,1578340,3242097,1443264,-129174,-105066,184704,0,-150000,0,1393636,5902,-135076,0,20826,None,None,None,0,0,0,-44934,0,0,-105066,-105066,None,USD,17864448,340211,None,146772,4890972,12973476,446000,428000,201705,10029112,446000,0,340000,1240086,1432673,129086,3141385,None,8625069,8899168,None,12633265,2895000,2340709,3012299,2276601,1303587,0,0,201705,0,10029112,0,None,None,None,8965280,None,3012299,None,3458299,None,None,None,2742659,17864448,4135086,-7397569,2017053,USD,443000,126235,383676,14345,-34681,-47834,None,338643,-105066,631746,295904,251568,218685,0,-13153,-44067,271000,-15674,73669,-135777,None,631746,8.98,8.24
13,2017-03-31,USD,3628992,1676384,2538764,1090228,-581003,-378897,165770,0,-601820,0,1510614,5153,-586156,0,20817,None,None,None,0,0,0,-222923,0,0,-378897,-378897,None,USD,17882047,339329,None,391835,4796323,13085724,446000,335000,201875,10146382,None,0,339000,608340,1305534,128182,128182,None,8760510,8782208,None,12746395,3338000,2211499,3044789,2232534,1177352,0,0,201875,0,10146382,0,None,None,None,9099839,None,3044789,None,3490789,None,None,None,2737467,17882047,3946340,-7213464,2018753,USD,-92000,-8722,-160099,-7682,-34883,-34883,None,-244289,-378897,-440373,-245391,-244289,221876,0,0,-246362,405000,5461,60417,405542,None,-440373,10.04,8.98
14,2016-12-31,USD,4752612,1661858,3002061,1750551,93177,6260,171900,0,71675,0,1489958,4484,88693,0,21502,None,None,None,0,0,0,65415,-47057,0,6260,6260,None,USD,18295994,338127,None,361905,4836834,13459160,446000,456000,201875,10525279,446000,0,338000,1048713,1313377,127303,127303,None,8912395,9045472,None,13121033,3246000,2402682,3077457,1986172,1186074,0,0,201875,0,10525279,0,None,None,None,9250522,None,3077457,None,3523457,None,None,None,2732006,18295994,4294713,-7001162,2018753,USD,153000,88413,53420,-1304,-34501,-34501,-139418,-202087,6260,131681,112762,-177787,217561,0,0,92961,-171307,67623,98276,-182269,None,131681,11.25,10.04
15,2016-09-30,USD,4607501,1507781,2940027,1667474,164212,82266,150176,0,142491,0,1357605,4519,159693,0,21721,None,None,None,0,0,0,60225,0,0,82266,82266,None,USD,18173783,343302,None,178521,4727505,13446278,385000,350000,201875,10519019,None,0,343000,917032,1232858,126419,None,None,9030784,8799697,None,13102976,3399000,2226011,3109647,2079133,1106439,0,0,201875,0,10519019,0,None,None,None,9374086,None,3109647,None,3494647,None,None,None,2725384,18173783,4316032,-6892090,2018753,USD,None,160214,-125718,-3447,-34116,-34116,None,None,82266,116143,275977,22868,210594,0,0,136415,11000,6621,122271,-343001,None,116143,10.65,11.25
16,2016-06-30,USD,4196578,1472295,2674367,1522211,51964,39225,147125,0,36965,0,1325170,2048,49916,0,14999,None,None,None,0,0,0,-2260,0,0,39225,39225,None,USD,18006956,346335,None,141273,4649566,13357390,385000,427000,201875,10436753,None,0,346000,800889,1123142,125529,None,None,9160786,8499835,None,13011055,3399000,1943125,3141424,2215548,997613,0,0,201875,0,10436753,0,None,None,None,9507121,None,3141424,None,3526424,None,None,None,2718762,18006956,4199889,-6691206,2018753,USD,-3399000,-145197,-4213175,11847,3264724,3264724,None,None,39225,-264475,683976,151086,197587,0,0,38486,354000,-7236,826022,410025,None,-264475,11.2445,10.65
17,2016-03-31,USD,4013210,1616980,2716536,1296674,-320192,-192812,177864,0,-320192,0,1439116,114,-320306,0,0,None,None,None,0,0,0,-127380,0,0,-192812,-192812,None,USD,14875460,344291,None,182122,1563810,13311650,385000,492000,201875,10397528,None,0,344000,1065364,1178810,None,None,None,8566262,5964907,None,12967359,0,2463387,0,2254034,1178810,0,0,201875,0,10397528,0,None,None,None,8910553,None,None,None,385000,None,None,None,2712247,14875460,1065364,-6546593,2018753,USD,None,280881,-1031099,-13242,None,3765,None,None,-192812,-1183102,-155768,-235593,168798,0,3765,-134229,56062,13249,1017857,-56062,None,-1183102,11.8,11.2445
18,2015-12-31,USD,4767899,1478993,2981392,1786507,307672,219474,154205,0,307672,0,1324788,158,307514,0,-58222,None,None,None,0,0,0,88198,-41684,0,219474,219474,None,USD,15210317,336096,None,85648,1715102,13495215,580000,382000,201825,10590340,385000,0,336000,2248466,1135102,None,None,None,7957330,6916891,None,13159119,0,2462972,0,2119805,1135102,0,0,201825,0,10590340,0,None,None,None,8293426,None,None,None,580000,None,None,None,2703050,15210317,2248466,-6407304,2018253,USD,225000,-114373,-1457330,-11499,3335525,3199872,-139418,8954,219474,-788061,669269,89078,175462,0,0,158556,-68866,23655,1670831,117417,None,-788061,11.19,11.8
19,2015-09-30,USD,4542730,1428280,2925062,1617668,190213,116756,157814,0,190213,0,1270466,825,189388,0,0,None,None,None,0,0,0,73457,0,0,116756,116756,None,USD,15301065,330806,None,104754,2030979,13270086,545000,1034000,201825,10370866,None,0,331000,3036527,1485979,None,None,None,6692256,8278003,None,12939280,225000,2633361,0,2278361,1485979,0,0,201825,0,10370866,0,None,None,None,7023062,None,None,None,545000,None,None,None,2697395,15301065,3261527,-6279345,2018253,USD,980000,-35579,340375,-11363,None,0,None,None,116756,667749,327374,114527,168186,0,0,85532,186283,5655,628262,-127703,None,667749,12.0,11.19
