,fiscalDateEnding,reportedCurrency_x,totalRevenue,totalOperatingExpense,costOfRevenue,grossProfit,ebit,netIncome_x,researchAndDevelopment,effectOfAccountingCharges,incomeBeforeTax,minorityInterest,sellingGeneralAdministrative,otherNonOperatingIncome,operatingIncome,otherOperatingExpense,interestExpense,taxProvision,interestIncome,netInterestIncome,extraordinaryItems,nonRecurring,otherItems,incomeTaxExpense,totalOtherIncomeExpense,discontinuedOperations,netIncomeFromContinuingOperations,netIncomeApplicableToCommonShares,preferredStockAndOtherAdjustments,reportedCurrency_y,totalAssets,intangibleAssets,earningAssets,otherCurrentAssets,totalLiabilities,totalShareholderEquity,deferredLongTermLiabilities,otherCurrentLiabilities,commonStock,retainedEarnings,otherLiabilities,goodwill,otherAssets,cash,totalCurrentLiabilities,shortTermDebt,currentLongTermDebt,otherShareholderEquity,propertyPlantEquipment,totalCurrentAssets,longTermInvestments,netTangibleAssets,shortTermInvestments,netReceivables,longTermDebt,inventory,accountsPayable,totalPermanentEquity,additionalPaidInCapital,commonStockTotalEquity,preferredStockTotalEquity,retainedEarningsTotalEquity,treasuryStock,accumulatedAmortization,otherNonCurrrentAssets,deferredLongTermAssetCharges,totalNonCurrentAssets,capitalLeaseObligations,totalLongTermDebt,otherNonCurrentLiabilities,totalNonCurrentLiabilities,negativeGoodwill,warrants,preferredStockRedeemable,capitalSurplus,liabilitiesAndShareholderEquity,cashAndShortTermInvestments,accumulatedDepreciation,commonStockSharesOutstanding,reportedCurrency,investments,changeInLiabilities,cashflowFromInvestment,otherCashflowFromInvestment,netBorrowings,cashflowFromFinancing,otherCashflowFromFinancing,changeInOperatingActivities,netIncome_y,changeInCash,operatingCashflow,otherOperatingCashflow,depreciation,dividendPayout,stockSaleAndPurchase,changeInInventory,changeInAccountReceivables,changeInNetIncome,capitalExpenditures,changeInReceivables,changeInExchangeRate,changeInCashAndCashEquivalents,clossingVal,nextClossingVal
0,2020-08-31,USD,None,None,None,None,None,None,None,None,None,None,None,None,None,None,None,None,None,None,None,None,None,15000,None,None,None,1049000,None,USD,None,None,None,None,None,None,324000,None,101000,-439995000,8736000,None,514000,None,None,None,None,None,45733000,None,None,7617000,None,None,None,None,None,None,None,None,None,None,None,None,None,None,None,None,None,None,None,None,None,None,None,None,None,None,None,USD,None,-2513000,-1361000,None,-3476000,None,-22000,509000,None,None,4857000,None,None,None,None,None,None,-1088000,0,None,None,None,nan,
1,2020-05-31,USD,95834000,41192000,60277000,35557000,-5634000,-6828000,None,None,-6813000,None,39102000,1000,-5635000,1881000,1179000,15000,0,-1402000,None,209000,None,15000,None,None,-6828000,-6828000,None,USD,214738000,7263000,None,23452000,200834000,13904000,365000,13732000,90000,-441049000,9061000,None,549000,16205000,135512000,2488000,2714000,None,47297000,158428000,None,5440000,None,54817000,55676000,63954000,119292000,None,None,90000,None,-441049000,None,None,10124000,None,56310000,278000,55676000,9646000,65322000,None,None,None,454863000,214738000,16205000,None,8972816,USD,-1361000,-5187000,-1166000,None,-10830000,-9332000,-2000,1175000,-6828000,5918000,16416000,1149000,2955000,None,1500000,14909000,-3320000,615000,1166000,8777000,None,5918000,3.75,nan
2,2020-05-02,USD,95834000,101260000,60277000,35557000,-2729000,-6828000,None,None,-6813000,None,39102000,None,-5426000,None,1179000,15000,1000,-1178000,None,None,None,15000,-209000,None,-6828000,-6828000,None,USD,214738000,8473000,None,16178000,200834000,13904000,365000,13114000,90000,-441049000,9061000,None,549000,16205000,135512000,None,2488000,None,47297000,158428000,None,5440000,None,54817000,55676000,63954000,79607000,None,None,None,None,None,None,None,540000,None,56310000,624000,55725000,9597000,65322000,None,None,None,454863000,None,16205000,None,None,USD,-1166000,-5187000,-1166000,None,-10830000,-9332000,-2000,1175000,-6828000,5918000,16416000,None,2905000,None,1500000,14909000,8777000,615000,1166000,None,None,None,nan,3.75
3,2020-02-29,USD,95834000,101260000,60277000,35557000,-2729000,-6828000,None,None,-6813000,None,39102000,None,-5426000,None,1179000,15000,1000,-1178000,None,None,None,-33000,-209000,None,-6828000,-18388000,None,USD,214738000,8473000,None,16178000,200834000,13904000,406000,13114000,82000,-441049000,140000,None,581000,16205000,135512000,2714000,2488000,None,48448000,158428000,None,15920000,None,54817000,55676000,63954000,79607000,None,None,82000,None,-434221000,None,None,540000,None,56310000,624000,66246000,9597000,65322000,None,None,None,452833000,212743000,10287000,None,8208227,USD,-1166000,6419000,-2417000,None,-478000,-9332000,-18000,136000,-6828000,5918000,16416000,None,2905000,None,None,14909000,8777000,548000,1166000,None,None,None,2.99,nan
4,2020-02-01,USD,123639000,138408000,86607000,37032000,-14430000,-18388000,None,None,-18421000,None,49978000,None,-14769000,None,1169000,-33000,2000,-1167000,None,None,None,-33000,-2485000,None,-18388000,-18388000,None,USD,212743000,2774000,None,None,194049000,18694000,406000,None,82000,-434221000,140000,None,581000,10287000,127468000,2714000,2714000,None,48448000,160940000,None,15920000,None,63594000,66246000,78863000,83659000,None,None,None,None,None,None,None,581000,None,51803000,979000,66312000,140000,66581000,None,None,None,452833000,None,10287000,None,None,USD,-2417000,6419000,-2417000,-638000,-478000,-496000,-18000,136000,-18388000,-6315000,-3402000,None,2822000,None,6000000,4761000,251000,548000,1779000,None,None,None,nan,2.99
5,2019-11-30,USD,123639000,138408000,86607000,37032000,-14430000,-18388000,None,None,-18421000,None,49978000,None,-14769000,None,1169000,-33000,2000,-1167000,None,None,None,14000,-2485000,None,-18388000,-6741000,None,USD,212743000,2774000,None,None,194049000,18694000,437000,None,768000,-434221000,6000,None,1297000,10287000,127468000,None,2714000,None,49625000,160940000,None,34550000,None,63594000,66246000,78863000,83659000,None,None,None,None,None,None,None,581000,None,51803000,979000,None,140000,66581000,None,None,None,None,None,None,None,None,USD,-2417000,13425000,-1876000,None,-701000,-496000,-43000,803000,-18388000,-6315000,-3402000,None,2822000,None,None,4761000,251000,416000,1779000,None,None,None,0.52,nan
6,2019-11-02,USD,115159000,119460000,73573000,41586000,-2761000,-6741000,None,None,-6727000,None,43834000,None,-4301000,None,914000,14000,4000,-910000,None,None,None,14000,-1516000,None,-6741000,-6741000,None,USD,221716000,173000,None,3163000,186993000,34723000,437000,10008000,768000,-415833000,6000,None,1297000,16602000,119952000,2488000,2488000,None,49625000,170621000,None,34550000,None,63729000,66924000,82799000,76950000,None,None,None,None,None,None,None,1297000,None,51095000,1034000,67007000,6000,67041000,None,None,None,449788000,None,16602000,None,None,USD,-1876000,13425000,-1876000,None,-701000,-744000,-43000,803000,-6741000,-5467000,-2847000,None,3052000,None,6000000,-20390000,6540000,416000,1876000,None,None,None,nan,0.52
7,2019-08-31,USD,115159000,119460000,73573000,41586000,-2761000,-6741000,None,None,-6727000,None,43834000,6000,-4301000,2502000,914000,14000,4000,-910000,None,5165000,None,15000,-1516000,None,-6741000,-10177000,None,USD,221716000,173000,None,9604000,186993000,34723000,476000,942000,768000,-415833000,14000,None,476000,16602000,119952000,2488000,2488000,None,50414000,170621000,None,40547000,None,63729000,66924000,82799000,76950000,None,None,768000,None,-409092000,None,None,1297000,None,51095000,1034000,67594000,6000,67041000,None,None,None,449362000,215282000,21619000,None,76769354,USD,-1876000,6048000,-1689000,None,-699000,-744000,-79000,-1037000,-6741000,-5467000,-2847000,-1054000,3052000,None,-66000,-20390000,6540000,282000,1876000,1912000,None,-7120000,0.5076,nan
8,2019-08-03,USD,131503000,135642000,83777000,47726000,-5787000,-10177000,None,None,-10162000,None,49363000,None,-4139000,None,864000,15000,6000,-858000,None,None,None,15000,-5165000,None,-10177000,-10177000,None,USD,215282000,492000,None,450000,174244000,41038000,476000,10601000,768000,-409092000,14000,None,476000,21619000,106386000,2488000,2488000,None,50414000,163901000,None,40547000,None,70269000,67594000,62409000,62457000,None,None,None,None,None,None,None,475000,None,51381000,1252000,67693000,14000,67858000,None,None,None,449362000,None,21619000,None,None,USD,-1689000,6048000,-1689000,None,-699000,-778000,-79000,-1037000,-10177000,-7120000,-4653000,None,3511000,None,6000000,-5241000,1912000,282000,1689000,None,None,None,nan,0.5076
9,2019-05-31,USD,131503000,135642000,83777000,47726000,-5787000,-10177000,None,None,-10162000,None,49363000,5000,-4139000,1679000,864000,15000,6000,-858000,None,None,None,15000,-5165000,None,-10177000,-20990000,None,USD,215282000,492000,None,8562000,174244000,41038000,None,859000,762000,-409092000,None,None,None,21619000,106386000,2714000,2488000,None,49950000,163901000,None,50937000,None,70269000,67594000,62409000,62457000,None,None,762000,None,-398915000,None,None,475000,None,51381000,1252000,68037000,14000,67858000,None,None,None,449090000,219779000,28739000,None,76230985,USD,-1689000,3533000,-1802000,None,-681000,-778000,-8000,None,-10177000,-7120000,-4653000,874000,3511000,None,6000000,-5241000,1912000,7016000,1689000,9582000,None,8254000,0.45,nan
10,2019-05-04,USD,131521000,151671000,94228000,37293000,-17516000,-20990000,None,None,-20975000,None,55764000,None,-20150000,None,830000,15000,5000,-825000,None,None,None,15000,-2856000,None,-20990000,-20990000,None,USD,219779000,1436000,None,450000,168842000,50937000,516000,7563000,762000,-398915000,23000,None,516000,29189000,100429000,2714000,2714000,None,51177000,166650000,None,49501000,None,72181000,68037000,57168000,59875000,None,None,None,None,None,None,None,3179000,None,53129000,824000,68053000,376000,68413000,None,None,None,449090000,None,28739000,None,None,USD,-1802000,3533000,-1802000,None,-681000,5311000,-8000,874000,-20990000,8254000,4745000,None,2629000,None,6000000,2054000,9582000,7008000,1802000,None,None,None,nan,0.45
11,2019-01-31,USD,157619000,56396000,111052000,46567000,-6661000,-9974000,None,None,-9969000,None,54173000,None,-9164000,None,811000,5000,None,None,None,None,None,5000,665000,None,-9974000,-9974000,None,USD,229987000,1284000,None,450000,165036000,64951000,562000,8132000,679000,-377925000,33000,None,562000,20485000,96054000,2488000,2488000,None,51118000,177023000,None,63667000,None,81763000,68932000,65272000,56157000,None,None,None,None,None,None,None,52964000,None,1846000,None,68932000,50000,68982000,None,None,None,442197000,None,20485000,None,None,USD,-1422000,-13583000,-8103000,665000,2314000,-2564000,-229000,3746000,-22157000,-3455000,7212000,None,10164000,None,181000,20736000,-7621000,211000,8768000,None,None,None,0.55,nan
12,2018-11-03,USD,131714000,139688000,84559000,47155000,-7974000,-9157000,None,None,-9137000,None,53542000,None,-7974000,None,-767000,None,None,None,None,None,None,20000,-1163000,None,-9157000,-9157000,None,USD,246303000,1326000,None,4010000,172233000,74070000,609000,6976000,664000,-367951000,60000,None,609000,23528000,105798000,2714000,2714000,None,52029000,192339000,None,72744000,None,74142000,66375000,86034000,57604000,None,None,None,None,None,None,None,None,None,None,None,66375000,None,None,None,None,None,441357000,None,23528000,None,7000000,USD,None,12719000,-2610000,None,318000,347000,-41000,2835000,-9157000,-4614000,-2351000,None,2532000,None,181000,-20616000,8469000,812000,2610000,None,None,None,nan,0.55
13,2018-08-04,USD,150799000,149930000,93929000,56870000,869000,-40000,None,None,-20000,None,54479000,None,869000,None,-898000,None,None,None,None,None,None,20000,-889000,None,-40000,-40000,None,USD,240725000,1367000,None,4805000,158387000,82338000,650000,7840000,663000,-358794000,50000,None,650000,28142000,92295000,2714000,2714000,None,51070000,187638000,None,80971000,None,82611000,66042000,65392000,52344000,None,None,None,None,None,None,None,None,None,None,None,None,None,None,None,None,None,None,None,None,None,7000000,USD,None,-9495000,-1993000,None,-1767000,-1741000,-85000,-1878000,-40000,-1935000,1799000,None,2515000,None,None,7666000,2449000,530000,1993000,None,None,None,nan,nan
14,2015-08-31,USD,162258000,60192000,106348000,55910000,-4280000,-5175000,None,None,-4970000,None,57767000,2000,-4282000,2425000,690000,None,None,None,None,None,None,205000,None,None,-5175000,-5175000,None,USD,257675000,12000000,None,6843000,181457000,76218000,2722000,85000,571000,-347833000,None,None,None,12579000,112562000,2143000,None,None,53231000,190394000,None,64218000,None,96251000,66173000,74721000,110334000,None,None,571000,None,-347833000,None,None,2050000,None,67281000,9000,66173000,None,68895000,None,None,None,423480000,257675000,12579000,None,57125435,USD,None,13294000,-2607000,1650000,9210000,9210000,None,None,-5175000,-1944000,-8547000,-328000,2607000,None,98000,-15410000,None,762000,4257000,-4297000,None,-1944000,2.69,nan
15,2015-05-31,USD,158451000,61232000,101146000,57305000,-3925000,-4728000,None,None,-4523000,None,59101000,2000,-3927000,2131000,598000,None,None,None,None,None,None,205000,None,None,-4728000,-4728000,None,USD,247582000,12000000,None,5908000,164768000,82814000,2371000,85000,570000,-339610000,None,None,None,18155000,105129000,1964000,None,None,47764000,185749000,None,70814000,None,94169000,57245000,67517000,103080000,None,None,570000,None,-339610000,None,None,2069000,None,61833000,23000,57268000,None,59639000,None,None,None,421854000,247582000,18155000,None,57045062,USD,None,-14041000,-8143000,None,6329000,8734000,None,None,-4728000,-3773000,-4364000,-603000,2354000,None,2405000,-6061000,None,609000,8143000,18106000,None,-3773000,3.31,2.69
