,fiscalDateEnding,reportedCurrency_x,totalRevenue,totalOperatingExpense,costOfRevenue,grossProfit,ebit,netIncome_x,researchAndDevelopment,effectOfAccountingCharges,incomeBeforeTax,minorityInterest,sellingGeneralAdministrative,otherNonOperatingIncome,operatingIncome,otherOperatingExpense,interestExpense,taxProvision,interestIncome,netInterestIncome,extraordinaryItems,nonRecurring,otherItems,incomeTaxExpense,totalOtherIncomeExpense,discontinuedOperations,netIncomeFromContinuingOperations,netIncomeApplicableToCommonShares,preferredStockAndOtherAdjustments,reportedCurrency_y,totalAssets,intangibleAssets,earningAssets,otherCurrentAssets,totalLiabilities,totalShareholderEquity,deferredLongTermLiabilities,otherCurrentLiabilities,commonStock,retainedEarnings,otherLiabilities,goodwill,otherAssets,cash,totalCurrentLiabilities,shortTermDebt,currentLongTermDebt,otherShareholderEquity,propertyPlantEquipment,totalCurrentAssets,longTermInvestments,netTangibleAssets,shortTermInvestments,netReceivables,longTermDebt,inventory,accountsPayable,totalPermanentEquity,additionalPaidInCapital,commonStockTotalEquity,preferredStockTotalEquity,retainedEarningsTotalEquity,treasuryStock,accumulatedAmortization,otherNonCurrrentAssets,deferredLongTermAssetCharges,totalNonCurrentAssets,capitalLeaseObligations,totalLongTermDebt,otherNonCurrentLiabilities,totalNonCurrentLiabilities,negativeGoodwill,warrants,preferredStockRedeemable,capitalSurplus,liabilitiesAndShareholderEquity,cashAndShortTermInvestments,accumulatedDepreciation,commonStockSharesOutstanding,reportedCurrency,investments,changeInLiabilities,cashflowFromInvestment,otherCashflowFromInvestment,netBorrowings,cashflowFromFinancing,otherCashflowFromFinancing,changeInOperatingActivities,netIncome_y,changeInCash,operatingCashflow,otherOperatingCashflow,depreciation,dividendPayout,stockSaleAndPurchase,changeInInventory,changeInAccountReceivables,changeInNetIncome,capitalExpenditures,changeInReceivables,changeInExchangeRate,changeInCashAndCashEquivalents,clossingVal,nextClossingVal
0,2020-06-30,USD,1190938458,234596892,864879153,324720603,92088723,62753042,None,None,82374042,None,234596892,626310,91462413,None,9714681,19621000,None,-9714681,None,None,None,19621000,1965012,None,62753042,62753042,None,USD,2011113223,None,None,11577103,1246961924,764151299,72890000,8147470,1012989,761641126,128035058,None,27595485,152121128,428025516,168935779,168935779,-10814065,1341443741,596216736,None,764151299,None,77018848,650340830,355499657,250942267,None,None,1012989,None,761641126,None,None,73452746,None,1414896487,48707990,650340830,95705578,818936408,None,None,None,12311249,2011113223,152121128,None,None,USD,-20124519,-1146287,-20124519,1935714,-23077869,-26329903,-3252034,-1739955,62753042,7148895,53603317,94041,28955379,-3252034,None,-40231159,None,-2076095,22060233,5254396,None,7148895,43.07,
1,2020-03-31,USD,1145590401,228395420,853894303,291587746,63508119,40292280,None,None,53324280,None,228395420,207441,63300678,None,10183839,13032000,None,-10183839,None,None,None,13032000,315793,None,40292280,40292280,None,USD,1964230250,None,None,13522582,1258405187,705825063,73294000,7678403,1012989,702140116,124611259,None,25838322,144972233,294866985,38078268,38078268,-9639291,1342672327,556036557,None,705825063,None,82273244,803977294,315268498,249110314,None,None,1012989,None,702140116,None,None,65521366,None,1408193693,42628052,803977294,86266908,963538202,None,None,None,12311249,1964230250,144972233,None,26000000,USD,-25622386,43806643,-25622386,98106,-8288572,-11540434,-32381,-6025327,40292280,121945689,159108509,-2879613,28922984,-3251862,None,56313122,None,-601187,25720492,-6745720,None,121945689,36.16,43.07
2,2019-12-31,USD,1081319421,221978850,820865210,257489727,34953639,17687353,None,None,23004353,None,221978850,-3521722,38475361,None,11949286,5317000,None,-11949286,None,None,None,5317000,-557238,None,17687353,17687353,None,USD,1897946373,None,None,10997860,1218636194,679310179,76748000,8798945,1012989,665099698,116527331,None,26826586,23026544,235227250,20232703,20232703,886243,1345557479,481133550,1600000,679310179,None,75527525,829812514,371581621,206195602,None,None,1012989,None,665099698,None,None,71255344,None,1416812823,45868044,829812514,76848430,983408944,None,None,None,12311249,1897946373,23026544,None,26000000,USD,-25880491,-27970295,-25880491,5223283,-6216088,-9467761,-3793762,-3996352,17687353,-19098561,16249691,-1809764,28434454,-3251673,None,2547440,-3576221,936724,31103774,-3576221,None,-19098561,47.51,36.16
3,2019-09-30,USD,1076618420,222245751,815741851,260349003,38972445,20917340,None,None,27426340,None,222245751,341627,38630818,None,11546105,6509000,None,-11546105,None,None,None,6509000,869193,None,20917340,20917340,None,USD,1867328368,None,None,8897903,1204605762,662722606,75499000,5025885,1012989,650664018,117388682,None,25957682,42125105,247579389,12600131,12600131,-1265650,1344267315,497103371,None,662722606,None,71951303,839637691,374129060,234979258,None,None,1012989,None,650664018,None,None,25957682,None,1370224997,None,839637691,41889682,957026373,None,None,None,12311249,1867328368,42125105,None,26000000,USD,-37757393,17818319,-37757393,775360,-2408125,-5659751,-3793762,4145989,20917341,23572012,66989156,4145989,28927134,-3251626,None,-6041146,5859190,-4637671,38532753,5859190,None,23572012,38.86,47.51
4,2019-06-30,USD,1063137877,216462666,803322422,258939747,43482760,23510285,None,None,31827285,None,216462666,129971,43352789,None,11655475,8317000,None,-11655475,None,None,None,8317000,1005679,None,23510285,23510285,None,USD,1839033323,None,None,11221789,1193627986,645405337,79104720,5762363,1012989,632998305,120506894,None,28176045,18553093,231284283,12875550,12875550,-917206,1335183975,475673303,None,645405337,None,77810507,841836809,368087914,218408733,None,None,1012989,None,632998305,None,None,28176045,None,1363360020,None,841836809,41402174,962343703,None,None,None,12311249,1839033323,18553093,None,26000000,USD,-28098572,-19370587,-28098572,900051,-3079637,-6331264,-3793762,13183722,23510284,1872393,36302229,13183722,27985863,-3251627,None,-2332725,-4221976,-2452352,28998623,-4221976,None,1872393,31.13,38.86
5,2019-03-31,USD,1004755633,216466382,757543262,244300667,31193903,15000040,None,None,19197040,None,216466382,447914,30745989,None,11996863,4197000,None,-11996863,None,None,None,4197000,3359618,None,15000040,15000040,None,USD,1842497882,None,None,24895776,1216553106,625944776,81566382,4718705,1012989,612739647,123396226,None,27685779,16680700,248523264,12835969,12835969,-119109,1333891905,480920198,None,625944776,None,73588532,844633616,365755190,235687295,None,None,1012989,None,612739647,None,None,27685779,None,1361577684,None,844633616,41829844,968029842,None,None,None,12311249,1842497882,16680700,None,26000000,USD,-16025831,-5679893,-16025831,7234804,-22766058,-26017210,-3793762,-700678,15000040,2581226,44624267,-700678,27790548,-3251152,None,9166455,-354607,-597598,23260635,-354607,None,2581226,27.62,31.13
6,2018-12-31,USD,1061574067,218684665,803425863,258410795,40358998,22152337,0,None,28147337,None,218684665,895459,39463539,None,12211661,None,None,None,None,None,None,5995000,-11578793,None,22152337,22152337,None,USD,1855763317,None,None,26534445,1241107981,614655336,78758698,3862614,1012989,600990759,119258448,None,25820209,14099474,254718604,12801332,12801332,340339,1341153620,488789488,None,614655336,None,73233925,867130929,374921644,241917272,None,None,1012989,None,600990759,None,None,25820209,None,1366973829,None,867130929,40499750,986389377,None,None,None,12311249,1855763317,14099474,None,26000000,USD,None,-2361778,-70910761,48251,14136504,10885356,None,17060004,22152337,3562171,63587576,17060004,27816555,-3251148,None,-2726223,-3177016,4823697,70959012,-3177016,None,3562171,27.22,27.62
7,2018-09-30,USD,1059745433,220885874,803256786,256431261,36201137,18439442,0,0,24252442,0,220885874,598364,35602773,0,11948695,None,None,None,0,0,0,5813000,-11292945,0,18439442,18439442,None,USD,1824910820,0,None,43953483,1229497012,595413808,74461000,3240303,1012989,582089570,116619161,0,25123334,10537303,260138091,12848013,12848013,None,1303044370,496743116,None,595413808,0,70056909,852739760,372195421,247290078,0,0,1012989,0,582089570,0,None,25123334,None,1328167704,None,852739760,42158161,969358921,None,None,None,12311249,1824910820,10537303,None,26000000,USD,None,7853447,-29036344,919755,-22464250,-25715247,None,-4797700,18439443,-1105489,53646102,-4797700,28454250,-3250997,0,-8680840,3671782,8705720,29956099,3671782,None,-1105489,34.25,27.22
8,2018-06-30,USD,1035374085,214718142,790877750,243890828,30426079,24483658,0,0,18469658,0,214718142,647886,29778193,0,11956421,None,None,None,0,0,0,-6014000,-10703028,0,24483658,24483658,None,USD,1810553259,0,None,40171936,1230327897,580225362,65065000,4296369,1012989,566901124,106197479,0,24128848,11642792,249186019,12811783,12811783,None,1297366411,489058000,None,580225362,0,73728691,874944399,363514581,236374236,0,0,1012989,0,566901124,0,None,24128848,None,1321495259,None,874944399,41132479,981141878,None,None,None,12311249,1810553259,11642792,None,26000000,USD,None,-876611,-30382613,1326461,-1444093,-4694950,None,-25479303,24483658,4711816,39789379,-25479303,28418729,-3250857,0,-4682719,-1908,17927533,31709074,-1908,None,4711816,31.8,34.25
9,2018-03-31,USD,984570397,211641694,749374530,235187644,24418653,9294788,0,0,12205788,0,211641694,864480,23554173,0,12212865,None,None,None,0,0,0,2911000,-11340162,0,9294788,9294788,None,USD,1774575834,0,None,14490768,1215583273,558992561,46923000,3492170,1012989,545668323,88889680,0,24331422,6930976,250584111,12773953,12773953,None,1296264023,453980389,None,558992561,0,73726783,876109482,358831862,237810158,0,0,1012989,0,545668323,0,None,24331422,None,1320595445,None,876109482,41966680,964999162,None,None,None,12311249,1774575834,6930976,None,26000000,USD,None,-2648772,-32012153,29098,-1976766,-5227507,None,-4512580,9294787,-6824397,30415263,-4512580,28220129,-3250741,0,2795014,-2212763,-520552,32041251,-2212763,None,-6824397,33.85,31.8
10,2017-12-31,USD,1013843348,208828396,769126450,244659628,36842462,45146740,0,0,25390740,0,208828000,953960,35888502,0,11451722,None,None,None,0,0,0,-19756000,-10440492,0,45146740,45146740,None,USD,1773661878,0,None,8680581,1220713363,552948515,47106000,63367000,1012989,539624277,43696000,0,25629000,13755373,252042237,12672037,12672037,None,1292455999,455576851,None,552948515,0,71514020,877868771,361626877,239370200,0,0,1012989,0,539624277,0,None,25629028,None,1318085027,None,877868771,43696355,968671126,None,None,None,12311249,1773661878,13755373,None,26000000,USD,None,9859803,-56715371,64713,12419558,9169330,None,-5760061,45146740,-10156727,37389314,-5760061,27989567,-3250228,0,-12293863,-5184856,-22368016,56780084,-5184856,None,-10156727,34.6,33.85
11,2017-09-30,USD,1089363284,220230186,828102624,261289069,42367656,19371540,0,0,29671540,0,220230000,1337182,41030474,0,12696116,None,None,None,0,0,0,10300000,-42186564,0,19371540,19371540,None,USD,1733305774,0,None,6265737,1222253771,511052003,69918000,82451000,1012989,497727765,41112000,0,22353000,23912100,245563479,12210571,12210571,None,1265112350,445840014,None,511052003,0,66329164,865659744,349333013,233352908,0,0,1012989,0,497727765,0,None,22353410,None,1287465760,None,865659744,41112548,976690292,None,None,None,12311249,1733305774,23912100,None,26000000,USD,None,3410685,-37499826,185088,6950193,3700121,None,-1566670,19371542,15892809,49692514,4647487,28181153,-3250072,0,-1048422,-4593777,-2047670,37684914,-2822261,None,15892809,25.7,34.6
12,2017-06-30,USD,984522759,207595217,747263567,237134161,30694211,11526706,0,0,18964706,0,207596000,1030236,29663975,0,11729505,None,None,None,0,0,0,7438000,0,0,11526706,11526706,None,USD,1706062266,0,None,11619689,1211131733,494930533,71537000,61069000,1012989,481606295,40696000,0,21895000,8019291,265273899,37113397,870738697,None,1252736772,431430475,None,494930533,0,63506903,833625300,348284592,228160502,0,0,1012989,0,481606295,0,None,21895019,None,1274631791,None,833625300,40695534,945857834,None,None,None,12311249,1706062266,8019291,None,26000000,USD,None,-690420,-29960773,669333,-6066496,-9316531,None,588714,11526704,1915031,41192335,588714,27834953,-3250035,0,-216885,0,2112166,30630106,37103,None,1915031,33.3,25.7
13,2017-03-31,USD,946141828,203023241,718066675,228085292,25828228,9151447,0,0,14108447,0,203023000,776316,25051912,0,11719781,None,None,None,0,0,0,4957000,0,0,9151447,9151447,None,USD,1703193011,0,None,12733545,1216539147,486653864,71413000,64766000,1012989,473329626,38532000,0,21370000,6104260,240172251,10061559,876483398,None,1251373614,430449519,None,486653864,0,63544007,866421839,348067707,230110692,0,0,1012989,0,473329626,0,None,21369878,None,1272743492,None,866421839,38532057,976366896,None,None,None,12311249,1703193011,6104260,None,26000000,USD,None,-4587307,-29989387,112499,-24077159,-27325775,None,-5518651,9151447,-9051969,48263193,-5518651,27833355,-3248616,0,4528735,0,-282579,30101886,17138193,None,-9051969,43.15,33.3
14,2016-12-31,USD,984136456,206296215,745673858,237084481,32829518,13823887,0,0,21516887,0,206296000,663135,32166383,0,11312631,None,None,None,0,0,0,7693000,0,0,13823887,13823887,None,USD,1724690441,0,None,8061387,1243939408,480751033,71430000,60736000,1012989,467426795,37901000,0,20523000,15156229,244537764,10167920,10167920,None,1247670800,456496257,None,480751033,0,80682199,890070842,352596442,234369844,0,0,1012989,0,467426795,0,None,20523384,None,1268194184,None,890070842,37900802,999401644,None,None,None,12311249,1724690441,15156229,None,27000000,USD,None,6452116,-27909938,1368806,23442873,20194409,None,-1284220,13823887,9476720,17192249,-1284220,27079917,-3248464,0,-8715364,0,-1217275,29278744,-18946812,None,9476720,48.1,43.15
15,2016-09-30,USD,962099339,204940515,725180212,237193637,32689087,14183177,0,0,20752177,0,204941000,710475,31978612,0,11936910,None,None,None,0,0,0,6569000,-45176081,0,14183177,14183177,None,USD,1686478299,0,None,7191465,1216302689,470175610,71449000,76317000,1012989,456851372,36776000,0,20109000,5679509,241604637,10000629,10000629,None,1247881773,418487439,None,470175610,0,61735387,866473465,343881078,231604008,0,0,1012989,0,456851372,0,None,20109087,None,1267990860,None,866473465,36775587,974698052,None,None,None,12311249,1686478299,5679509,None,27000000,USD,None,4693298,-29746169,72049,-22205434,-25453634,None,3635949,14183176,244504,55444307,1647198,27243998,-3248200,0,-2035001,4549000,-1061648,29818218,10773286,None,244504,39.54,48.1
16,2016-06-30,USD,955622466,199433998,724323504,232854141,32377320,12668455,0,0,21186455,0,199434000,512356,31864964,0,11190865,None,None,None,0,0,0,8518000,0,0,12668455,12668455,None,USD,1689685903,0,None,10087625,1230445269,459240634,71965000,62450000,1012989,445916396,35705000,0,18860000,5435005,235219067,10683589,10683589,None,1240948398,429877379,None,459240634,0,72508673,887556544,341846076,224535478,0,0,1012989,0,445916396,0,None,18860126,None,1259808524,None,887556544,35704658,995226202,None,None,None,12311249,1689685903,5435005,None,27000000,USD,None,4321448,-36556734,42988,-9785744,-13033859,None,-101511,12668456,-3631838,45958755,-101511,26951797,-3248115,0,-965832,0,5104765,36599722,-2020368,None,-3631838,37.3,39.54
17,2016-03-31,USD,924869458,196147853,695593959,228718090,33661743,14358411,0,0,22436411,0,196148000,534097,33127646,0,11225332,None,None,None,0,0,0,8078000,0,0,14358411,14358411,None,USD,1681048218,0,None,9442699,1231227925,449820293,68291000,64790000,1012989,436496055,35141000,0,19404000,9066843,231054707,10963828,None,None,1231766589,429878091,None,449820293,0,70488305,896741514,340880244,220090879,0,0,1012989,0,436496055,0,None,19403538,None,1251170127,None,896741514,35140704,1000173218,None,None,None,12311249,1681048218,9066843,None,27000000,USD,None,-1723144,-29992245,592359,-17366359,-20614463,None,None,14358411,517959,51124667,2006085,26415365,-3248104,0,395734,0,-452757,30584604,10124973,None,517959,37.5,37.3
18,2015-12-31,USD,951177594,194072287,725474531,225639332,32236620,12979423,0,0,20259423,0,194072000,605844,31630776,0,11977197,None,None,None,0,0,0,7280000,0,0,12979423,12979423,None,USD,1688009180,0,None,11121337,1249299194,438709986,68869000,53892000,1012989,425385748,35060000,0,19731000,8548884,231856635,11238058,None,None,1226718716,441559478,None,438709986,0,80613279,913513109,341275978,220618577,0,0,1012989,0,425385748,0,None,19730986,None,1246449702,None,913513109,35060450,1017442559,None,None,None,12311249,1688009180,8548884,None,27000000,USD,None,-19921052,-40588455,51133,38377107,35129270,None,None,12979423,1043844,6503029,84177,25976526,-3247837,0,-2631850,0,4344920,40639588,-14329115,None,1043844,44.08,37.5
19,2015-09-30,USD,952838000,193025813,698651000,228056305,37534661,16236000,0,0,24712000,0,193026000,633252,35030000,0,12823000,None,None,None,0,0,0,8476000,-42532664,0,16235890,16236000,None,USD,1671383000,0,None,19862763,1242405000,428978000,71909000,74553000,1013000,415654000,34561000,0,27629000,7505000,253243000,12651321,11367710,None,1211458000,423746483,None,428978400,0,71784163,882692000,338644000,240592186,0,0,1012989,0,415654162,0,None,27629005,None,1239087398,None,882691471,34561114,989161585,None,None,None,12311249,1671383492,7505040,None,27000000,USD,None,16596738,-27380410,3151366,-22825547,-26071728,None,-5185487,16236000,-1108588,52313932,-2002321,26131017,-3246181,0,-3722972,-3970772,-3207009,30531776,2282590,None,-1138206,47.83,44.08
