,fiscalDateEnding,reportedCurrency_x,totalRevenue,totalOperatingExpense,costOfRevenue,grossProfit,ebit,netIncome_x,researchAndDevelopment,effectOfAccountingCharges,incomeBeforeTax,minorityInterest,sellingGeneralAdministrative,otherNonOperatingIncome,operatingIncome,otherOperatingExpense,interestExpense,taxProvision,interestIncome,netInterestIncome,extraordinaryItems,nonRecurring,otherItems,incomeTaxExpense,totalOtherIncomeExpense,discontinuedOperations,netIncomeFromContinuingOperations,netIncomeApplicableToCommonShares,preferredStockAndOtherAdjustments,reportedCurrency_y,totalAssets,intangibleAssets,earningAssets,otherCurrentAssets,totalLiabilities,totalShareholderEquity,deferredLongTermLiabilities,otherCurrentLiabilities,commonStock,retainedEarnings,otherLiabilities,goodwill,otherAssets,cash,totalCurrentLiabilities,shortTermDebt,currentLongTermDebt,otherShareholderEquity,propertyPlantEquipment,totalCurrentAssets,longTermInvestments,netTangibleAssets,shortTermInvestments,netReceivables,longTermDebt,inventory,accountsPayable,totalPermanentEquity,additionalPaidInCapital,commonStockTotalEquity,preferredStockTotalEquity,retainedEarningsTotalEquity,treasuryStock,accumulatedAmortization,otherNonCurrrentAssets,deferredLongTermAssetCharges,totalNonCurrentAssets,capitalLeaseObligations,totalLongTermDebt,otherNonCurrentLiabilities,totalNonCurrentLiabilities,negativeGoodwill,warrants,preferredStockRedeemable,capitalSurplus,liabilitiesAndShareholderEquity,cashAndShortTermInvestments,accumulatedDepreciation,commonStockSharesOutstanding,reportedCurrency,investments,changeInLiabilities,cashflowFromInvestment,otherCashflowFromInvestment,netBorrowings,cashflowFromFinancing,otherCashflowFromFinancing,changeInOperatingActivities,netIncome_y,changeInCash,operatingCashflow,otherOperatingCashflow,depreciation,dividendPayout,stockSaleAndPurchase,changeInInventory,changeInAccountReceivables,changeInNetIncome,capitalExpenditures,changeInReceivables,changeInExchangeRate,changeInCashAndCashEquivalents,clossingVal,nextClossingVal
0,2020-06-30,USD,20074000,71417000,1669000,18405000,-52265000,-66466000,42561000,None,-66497000,-31000,28856000,747000,-53012000,None,14232000,0,747000,-13485000,None,None,None,-31000,None,None,-66466000,-66466000,None,USD,1077130000,None,None,24893000,484903000,593321000,None,21399000,2311000,-1469919000,393860000,None,142000,971193000,81261000,None,21043000,-795000,33512000,1043476000,None,593321000,4325000,22258000,267650000,20807000,59862000,None,None,2311000,None,-1469919000,-2095000,None,142000,None,33654000,10138000,None,403642000,403642000,None,None,None,2063819000,1077130000,975518000,None,230953850000,USD,-851000,61210000,-851000,None,None,466556000,None,-5049000,-66497000,434884000,-30821000,70220000,976000,None,466556000,-20807000,None,7250000,851000,-21963000,None,434884000,35.44,
1,2020-03-31,USD,0,81968000,None,None,-79541000,-93047000,62428000,None,-93079000,-32000,19540000,2427000,-81968000,None,13538000,0,2427000,-11111000,None,None,None,-32000,None,None,-93047000,-93047000,None,USD,594106000,None,None,21103000,409195000,185974000,None,7837000,2139000,-1403453000,332215000,None,233000,536295000,67105000,None,7491000,-802000,32150000,561723000,None,185974000,4325000,0,267215000,None,59268000,None,None,2139000,None,-1403453000,-2095000,None,233000,None,32383000,10221000,None,342090000,342090000,None,None,None,1590185000,594106000,540620000,None,213809884,USD,-473000,0,-473000,None,None,32000,None,2751000,-93079000,-72314000,-71873000,16303000,968000,None,32000,None,None,3935000,473000,None,None,-72314000,13.48,35.44
2,2019-12-31,USD,295000,91546000,74818000,295000,-89633000,-99608000,74818000,None,-99639000,-31000,16728000,1618000,-91251000,None,10006000,0,1618000,-8388000,None,None,None,-31000,-532000,None,-99608000,-99608000,None,USD,671722000,None,None,25231000,404492000,268261000,None,326561000,2125000,-1310406000,322769000,None,256000,608628000,71758000,7106000,10561000,-568000,32762000,638704000,None,268261000,4550000,295000,257769000,None,70825000,None,None,2125000,None,-1310406000,-2095000,None,256000,None,33018000,337000,None,9965000,332734000,None,None,None,1579205000,671722000,613178000,None,212409692,USD,-335000,94791000,-335000,None,None,339071000,None,-38094000,-99639000,246072000,-92664000,-102840000,1003000,None,339071000,None,-295000,14316000,335000,-295000,None,246072000,21.16,13.48
3,2019-09-30,USD,0,86771000,68958000,-68958000,-84576000,-94292000,68958000,None,-94323000,-31000,17813000,2195000,-86771000,None,9747000,0,2195000,-7552000,None,None,None,-31000,-7552000,None,-94292000,-94292000,None,USD,411730000,None,None,8873000,388374000,24356000,None,3457000,1920000,-1210798000,313176000,None,267000,364654000,58053000,3141000,3141000,-601000,33386000,378077000,None,24356000,4550000,None,7093000,None,54596000,None,None,1920000,None,-1210798000,-2095000,None,267000,None,33653000,316000,7093000,323228000,330321000,None,None,None,1235930000,411730000,369204000,None,191876087,USD,-815000,0,-815000,None,None,175000,None,16815000,-94323000,-63245000,-62605000,16881000,1005000,None,175000,None,-295000,13832000,815000,None,None,-63245000,13.26,21.16
4,2019-06-30,USD,0,67168000,52923000,-52923000,-65328000,-75953000,52923000,None,-75953000,-969000,14245000,1840000,-67168000,None,10625000,0,1840000,-8785000,None,None,None,None,-8785000,None,-75953000,-75953000,None,USD,477685000,None,None,9609000,363125000,115529000,None,5585000,1920000,-1116506000,301354000,None,249000,427909000,44552000,5314000,5314000,-365000,35177000,442259000,None,115529000,4741000,None,7081000,None,38967000,None,None,1920000,None,-1116506000,-2095000,None,249000,None,35426000,271000,7081000,311492000,318573000,None,None,None,1232575000,477685000,432650000,None,191852700,USD,-3635000,65000000,-3635000,None,None,6110000,None,-15471000,-75953000,-10021000,-12496000,49595000,1047000,None,6110000,None,-295000,12815000,3635000,None,None,-10012000,13.87,13.26
5,2019-03-31,USD,0,79648000,58172000,-58172000,-77445000,-87337000,58172000,None,-87404000,-67000,21476000,2203000,-79648000,None,9959000,0,-7756000,-7756000,None,None,None,-67000,-7756000,None,-87337000,-87337000,None,USD,484574000,None,None,6181000,302770000,182773000,None,2955000,1915000,-1040553000,228600000,None,269000,437935000,56881000,2657000,2657000,-560000,35448000,448857000,None,182773000,4741000,None,7068000,None,53926000,None,None,1915000,None,-1040553000,-2095000,None,269000,None,35717000,298000,7068000,238821000,245889000,None,None,None,1224066000,484574000,442676000,None,191389668,USD,-2064000,0,-2064000,None,None,1825000,None,20141000,-87404000,-54916000,-54677000,20205000,817000,None,1825000,None,-295000,11705000,2064000,None,-9000,-54925000,19.21,13.87
6,2018-12-31,USD,0,231901000,149535000,-149535000,-231901000,-251167000,-38239000,0,-251289000,3536000,82366000,None,-231901000,0,-29892000,None,None,None,0,0,0,0,-19388000,0,-251289000,-251167000,None,USD,528040000,None,None,1348000,262191000,266751000,None,4285000,1905000,-953216000,223414000,None,68000,492860000,31722000,None,None,-351000,23469000,504503000,None,266751000,4941000,None,7055000,None,20125000,None,None,None,None,None,-824000,None,None,None,None,None,7055000,None,None,None,None,None,1219237000,None,497801000,None,None,USD,43636000,2872000,21210000,21818000,None,3344000,-192000,7234000,-315336000,-236818000,-261328000,None,4198000,None,1864000,None,92000,39254000,22426000,None,None,None,14.27,19.21
7,2018-09-30,USD,1673774,57169000,-190000,190000,-54257000,-64169000,38239000,0,-64209000,-40000,18930000,2912000,-57169000,0,10142000,None,None,None,0,0,0,-40000,-7040000,0,-64169000,-64169000,None,USD,612662000,0,None,8479000,273347000,343753000,0,5979000,1871000,-859717000,209377000,0,61000,580594000,44171000,None,None,-334000,18587000,594014000,None,343753000,4941000,None,19799000,0,38192000,339315000,0,1871000,0,-859717000,-1092000,None,61000,None,18648000,None,19799000,209377000,229176000,None,None,None,1203025000,612662000,585535000,None,187079000,USD,21818000,0,18634000,0,None,339000,-167000,3641000,-64209000,-30679000,-49652000,13411000,630000,0,506000,0,0,516000,3184000,None,4000,-30675000,20.83,14.27
8,2018-06-30,USD,727618,52781115,27603000,727618,187308192,-117032515,27602708,0,-116883597,-6890,25178407,-42391257,229699449,0,9433514,None,None,None,0,0,0,148918,-64489000,0,-117032515,-117032515,None,USD,664173249,0,None,9532293,264487583,400506830,0,12075883,1868011,-795547786,200984000,0,60000,612056502,43739531,19762808,19762808,-352798,15733000,648379820,None,400506830,26745252,45773,19762808,0,31663648,399685666,1194997773,1868011,0,-795547786,-458370,None,60000,None,15793000,None,19762808,200985244,220748052,None,None,None,1194997773,664173249,638801754,None,186766434,USD,25269930,0,20225012,19789995,-1000,323232634,1699,9572000,-117039405,305459826,-37997820,5101983,513600,0,323231935,-610016,158323,67290939,5044918,-2722655,-149591,305310235,23.67,20.83
9,2018-03-31,USD,2412459,38062844,46801,2365658,-26587975,-35546228,28843102,0,-35558123,-11895,9219742,11039444,-37627419,0,10900381,None,None,None,0,0,0,-11895,2070000,0,-35546228,-35546228,None,USD,379887560,0,None,10170690,308068124,72629605,0,70424860,1672558,-678519376,12504490,0,60000,306746267,93621317,201942317,201942317,-457183,10669146,369158414,None,72629605,52046411,195046,201942317,0,23196457,0,0,1672558,0,-678519376,-458370,None,60000,None,10729146,None,201942317,12504490,214446807,None,None,None,750391976,379887560,358792678,None,167221161,USD,26745222,-9467734,23805083,0,182217000,254107251,-2002114,884000,-35558123,245738231,-32174103,20554349,265363,0,73892365,580016,158323,-8811651,2940139,263677,47902,245786133,14.61,23.67
10,2017-12-31,USD,597284,29527799,496610,100674,-2253267,-2513596,25495536,0,-2527258,-13662,4032263,27173858,-29427125,0,273991,None,None,None,0,0,0,-13662,26899867,0,-2513596,-2513596,None,USD,155953747,0,None,8458291,139504560,17247461,0,98052487,1613030,-642973148,1768950,0,60000,60960134,118045784,19689826,19689826,-401085,7300102,148593645,None,17247461,78788621,343304,19689826,43295,19993297,0,0,1613030,0,-642973148,-458370,None,60000,None,7360102,None,19689826,1768950,21458776,None,None,None,659467034,155953747,139748755,None,161268316,USD,17836999,0,16635891,0,182217000,44514914,1,-15128524,-2527258,17942577,-43208228,-15132180,460050,0,44514913,580016,293677,-26008840,1201108,None,58267,18000844,16.16,14.61
11,2017-09-30,USD,5056627,22217931,70180,4986447,-120481420,-118744548,17341528,0,-118762184,-17636,4876403,-98883799,-21597621,0,2646901,None,None,None,0,0,0,-17636,0,0,-118744548,-118744548,None,USD,153359344,0,None,6747211,220747527,-66599466,0,165997047,1520552,-640455447,1699000,0,30000,42959290,199394986,19653335,19653335,-343710,5965459,147363885,None,-66599466,96675151,454548,19653335,527685,33397939,0,0,1520552,0,-640455447,-458370,None,30000,None,5995459,None,19653335,1699206,21352541,None,None,None,573137509,153359344,139634441,None,152020576,USD,14879593,0,14091075,0,182217000,6047733,-51134,-3520451,-118762184,-431927,-20570735,-3546311,1767644,0,6098867,0,0,99970116,788518,None,-2353,-434280,13.98,16.16
12,2017-06-30,USD,641835,27319923,45205,596630,-51878050,-53254695,12011215,0,-53248005,-14177,15308708,-25154757,-26723293,0,1369955,None,None,None,0,0,0,6690,-88714558,0,-53254695,-53254695,None,USD,162573392,0,None,1314200,222036640,-58692167,0,90877173,1103446,-521710899,1708000,0,30000,43393570,122244149,98084219,98084219,-302710,5245230,157298162,None,-58702167,111508225,502151,98084219,580016,31366976,0,462666366,1103446,10000,-521710899,-458370,None,30000,None,5275230,None,98084219,1708272,99792491,None,None,None,462666366,162573392,154901795,None,110309918,USD,-87506487,15822774,-88514329,0,182216000,124160868,-98396,126000,-53268872,21582132,-14064407,-4462921,477013,0,124259264,-195958,326000,27237577,1007842,325980,-87030,21495102,8.83,13.98
13,2017-03-31,USD,1323439,23308042,135585,1187854,-50301008,-59306018,12491290,0,-59320358,-14340,10816752,-28180820,-22120188,0,1369955,None,None,None,0,0,0,-14340,15437116,0,-59306018,-59306018,None,USD,52689522,0,None,903993,184608545,-131162119,0,65391745,1096045,-468456204,1717000,0,30000,21898468,84989443,None,None,-126146,4168465,48491057,None,-131162119,24071004,931977,97901764,685615,19597698,0,0,1096045,0,-468456204,-458370,None,30000,None,4198465,None,97901764,1717338,99619102,None,None,None,336782556,52689522,45969472,None,109569895,USD,17490521,15822774,17391823,0,None,16153072,-254575,5141035,-59320358,16867563,-16677332,12772314,392668,0,16407647,0,0,29478044,98698,None,19589,16887152,6.47,8.83
14,2016-12-31,USD,384170,15697057,46762,337408,-22731639,-24447384,12748026,0,-24448163,-779,2949031,-7371990,-15359649,0,1369956,None,None,None,0,0,0,-779,-7718558,0,-24447384,-24447384,None,USD,53124449,None,None,1272100,128306685,-74439672,None,14761604,1060262,-409150186,1726000,None,30000,5011316,28860972,None,None,-79366,4277895,48816554,None,-74439672,41602301,192906,97719309,737931,14099368,None,None,1060262,None,-409150186,-458370,None,30000,None,4307895,None,97719309,1726404,99445713,None,None,None,334187988,53124449,46613617,None,105991596,USD,-17122546,15822774,-17205601,None,None,28489652,-88821,1061352,-24448163,-3415989,-14700040,1051345,483335,None,28578473,-195958,325980,8213443,83055,None,-37302,-3453291,3.67,6.47
15,2016-09-30,USD,741806,15433304,255105,486701,-14858938,-16197848,14525864,0,-16228893,-31045,907440,87665,-14946603,0,1369955,None,None,None,0,0,0,-31045,0,0,-16197848,-16197848,None,USD,40608848,0,None,2152650,113586263,-72235630,0,206275,959775,-384702802,1724000,0,30000,8464607,14325254,None,None,-127727,4477597,36101251,None,-72235630,24570193,584410,97536854,329391,14118979,0,0,959775,0,-384702802,-458370,None,30000,None,4507597,None,97536854,1724155,99261009,None,None,None,312093494,40608848,33034800,None,95942855,USD,12712000,15822774,12064428,0,None,-96,-105229,-1870432,-16228893,-4744033,-16808365,-1885539,527575,0,105133,0,0,778492,647572,None,5015,-4739018,3.25,3.67
16,2016-06-30,USD,932186,14868898,698715,233471,-14552485,-15901033,13018805,0,-15922440,-24346,1850093,82942,-14635427,0,1369955,None,None,None,0,0,0,-21407,-5182000,0,-15901033,-15901033,None,USD,56950268,0,None,1221975,114477235,-56816227,0,235372,958672,-368504954,1699000,0,30000,13203625,15423561,97354398,97354398,-132226,3969163,52951105,None,-56816227,37424221,750760,97354398,350524,15188189,0,311320651,958672,0,-368504954,-458370,None,30000,None,3999163,None,97354398,1699276,99053674,None,None,None,311320651,56950268,50627846,None,95832573,USD,12830000,3313399,12034503,0,182216000,2523289,-51594,1480000,-15925379,2014165,-12543627,-2079159,571873,0,2574883,256381,430000,889258,795497,430000,-19849,1994316,2.32,3.25
17,2016-03-31,USD,899079,15128109,337675,561404,-14523493,-13996045,13298860,0,-15893448,-25631,1829249,43212,-14566705,0,1369955,None,None,None,0,0,0,-1897403,0,0,-13996045,-13996045,None,USD,67641541,0,None,1832498,112648026,-44320091,0,265692,948359,-352603921,1674000,0,30000,11209309,13801686,None,None,-113868,3167554,64443987,None,-44320091,50369863,861637,97171943,170680,13535994,0,0,948359,0,-352603921,-458370,None,30000,None,3197554,None,97171943,1674397,98846340,None,None,None,307907709,67641541,61579172,None,94801290,USD,11892000,3313399,11691967,0,None,-131891,-131891,-1515387,-14021676,-2534641,-14094717,-1519210,533080,0,0,0,0,913089,200033,None,27743,-2506898,2.5,2.32
18,2015-12-31,USD,671104,16304213,64519,606585,-15606916,-13746050,14261676,0,-16976872,-26572,2042537,90712,-15697628,0,1369956,None,None,None,0,0,0,-3230822,0,0,-13746050,-13746050,None,USD,81964079,0,None,1805733,113855504,-31230662,0,269515,947418,-338607876,1650000,0,51000,13716207,15216498,None,None,-277630,3136834,78776679,None,-31230662,62328031,436004,96989488,490704,14946983,0,0,947418,0,-338607876,-458370,None,50566,None,3187400,None,96989488,1649518,98639006,None,None,None,307165796,81964079,76044238,None,94707194,USD,11086883,None,10546098,0,None,-86120,-102020,None,-13772622,1985989,-8473989,3682705,550948,0,15900,0,0,1064980,540785,None,-54856,1931133,3.07,2.5
19,2015-09-30,USD,730878,14780945,58264,672614,-14026834,-15393822,12913130,0,-15396789,-22217,1867815,81497,-14108331,0,1369955,None,None,None,0,0,0,-2967,0,0,-15393822,-15393822,None,USD,91791116,0,None,2374399,110725225,-18299918,0,307913,946746,-324861826,1624000,0,51000,11785074,12293554,None,None,-109927,2763914,88976636,None,-18299918,73703229,574750,96807032,539184,11985641,-18934109,-18934109,946746,-18934109,-324861826,-458370,None,50566,None,2814480,None,96807032,1624639,98431671,None,None,None,306183459,91791116,85488303,None,94639981,USD,12292088,None,11602147,0,None,58700,-83479,None,-15416039,-1688620,-13349467,573327,580955,0,142179,0,0,912290,689941,None,20919,-1667701,1.72,3.07
