,fiscalDateEnding,reportedCurrency_x,totalRevenue,totalOperatingExpense,costOfRevenue,grossProfit,ebit,netIncome_x,researchAndDevelopment,effectOfAccountingCharges,incomeBeforeTax,minorityInterest,sellingGeneralAdministrative,otherNonOperatingIncome,operatingIncome,otherOperatingExpense,interestExpense,taxProvision,interestIncome,netInterestIncome,extraordinaryItems,nonRecurring,otherItems,incomeTaxExpense,totalOtherIncomeExpense,discontinuedOperations,netIncomeFromContinuingOperations,netIncomeApplicableToCommonShares,preferredStockAndOtherAdjustments,reportedCurrency_y,totalAssets,intangibleAssets,earningAssets,otherCurrentAssets,totalLiabilities,totalShareholderEquity,deferredLongTermLiabilities,otherCurrentLiabilities,commonStock,retainedEarnings,otherLiabilities,goodwill,otherAssets,cash,totalCurrentLiabilities,shortTermDebt,currentLongTermDebt,otherShareholderEquity,propertyPlantEquipment,totalCurrentAssets,longTermInvestments,netTangibleAssets,shortTermInvestments,netReceivables,longTermDebt,inventory,accountsPayable,totalPermanentEquity,additionalPaidInCapital,commonStockTotalEquity,preferredStockTotalEquity,retainedEarningsTotalEquity,treasuryStock,accumulatedAmortization,otherNonCurrrentAssets,deferredLongTermAssetCharges,totalNonCurrentAssets,capitalLeaseObligations,totalLongTermDebt,otherNonCurrentLiabilities,totalNonCurrentLiabilities,negativeGoodwill,warrants,preferredStockRedeemable,capitalSurplus,liabilitiesAndShareholderEquity,cashAndShortTermInvestments,accumulatedDepreciation,commonStockSharesOutstanding,reportedCurrency,investments,changeInLiabilities,cashflowFromInvestment,otherCashflowFromInvestment,netBorrowings,cashflowFromFinancing,otherCashflowFromFinancing,changeInOperatingActivities,netIncome_y,changeInCash,operatingCashflow,otherOperatingCashflow,depreciation,dividendPayout,stockSaleAndPurchase,changeInInventory,changeInAccountReceivables,changeInNetIncome,capitalExpenditures,changeInReceivables,changeInExchangeRate,changeInCashAndCashEquivalents,clossingVal,nextClossingVal
0,2019-12-31,USD,None,None,None,None,None,None,None,None,None,1805552.0,None,None,None,7816.0,None,None,None,None,None,None,None,110980.0,None,None,None,-2719154,None,AUD,19946276,13562139,None,682119,19867253,-1726529,3611336.0,None,18902029,-25786912,1372653.0,0,3611336.0,735724,17992861,None,14684671,5158354.0,1154890,5229247,None,-11677332.0,None,892488,None,749173,109746,None,None,None,None,None,None,None,None,None,14717029,1168607,None,None,1874392,None,None,None,None,None,None,None,None,USD,None,928983.0,-78182,None,-55583.0,None,1305046,-416286.0,None,None,-882073,None,None,None,None,None,None,328635.0,0,None,None,None,9.18,
1,2019-09-30,USD,None,None,None,None,None,None,None,None,None,1805552.0,None,None,None,7816.0,None,None,None,None,None,None,None,110980.0,None,None,None,-2719154,None,USD,None,None,None,None,None,None,3611336.0,None,18902029,-25786912,1372653.0,None,3611336.0,None,None,None,None,5158354.0,1154890,None,None,-11677332.0,None,None,None,None,None,None,None,None,None,None,None,None,None,None,None,None,None,None,None,None,None,None,None,None,None,None,None,USD,None,928983.0,-78182,None,-55583.0,None,1305046,-416286.0,None,None,-882073,None,None,None,None,None,None,328635.0,0,None,None,None,6.835,9.18
2,2019-06-30,USD,169726,3058158,1121306,-951580,-2888432,-5103920,None,None,-5438292,2256856.0,1103501,None,-2888432,-14714.0,-351913,None,None,None,None,None,None,-52319.0,-2549861,None,-5385973,-5103920,None,AUD,21954316,14382697,None,878270,15932969,3764491,3472781.0,126868,18902029,-20884553,1146661.0,0,3472781.0,142381,12870679,5709554,12003583,5747015.0,3142064,4429555,None,-7145425.0,None,1015007,None,1870236,142410,None,None,None,None,None,None,None,1502871,None,17524761,1934656,None,None,3062290,None,None,None,None,None,None,None,None,USD,None,9224.0,-836127,None,2042094.0,2042094,1305046,235448.0,-5103920,-680266,-1891699,None,373336,None,None,-231266,109000,2241750.0,596737,None,None,None,8.675,6.835
3,2019-03-31,USD,169726,3058158,1121306,-951580,-2888432,-5103920,None,None,-5438292,2256856.0,1103501,None,-2888432,-14714.0,-351913,None,None,None,None,None,None,-52319.0,-2549861,None,-5385973,-5103920,None,USD,21954316,10909916,None,878270,15932969,3764491,3472781.0,748804,18902029,-20884553,1146661.0,None,3472781.0,142381,12870679,3915947,3915947,5747015.0,3142064,4429555,None,-7145425.0,None,979176,None,1870236,142410,None,None,None,None,None,None,None,None,None,None,None,None,None,None,None,None,None,None,None,None,None,None,USD,None,9224.0,-836127,None,2042094.0,2042094,1305046,235448.0,-5103920,-680266,-1891699,None,373336,None,None,-231266,109000,2241750.0,596737,None,None,None,12.99,8.675
4,2018-12-31,USD,61219,2914539,778255,-717036,-2853320,-6745948,0,0,-7350694,2807963.0,1474404,0,-2853320,99936.0,-397109,None,None,None,0,0,0,-164496.0,-4497374,0,-7186199,-6745948,0,USD,26033074,11854874,None,1434523,9411323,13813788,2980113.0,483966,18902029,-10676713,1370909.0,4468293,2980113.0,1514215,4720501,0,0,5588472.0,729480,6000314,0,-2509379.0,0,1225124,3280744,1394065,24275,0,0,0,0,0,0,0,0,0,0,0,0,0,0,0,0,0,0,0,0,0,0,USD,0,181797.0,-1166137,0,206241.0,3236230,3975714,-77327.0,-6745948,-69206,-2167463,0,182955,0,0,-186689,-166445,4265203.0,416162,0,0,0,6.46,12.99
5,2018-09-30,USD,61219,2914539,778255,-717036,-2853320,-6745948,0,0,-7350694,2807963.0,1474404,0,-2853320,99936.0,-397109,None,None,None,0,0,0,-164496.0,-4497374,0,-7186199,-6745948,0,USD,26033074,11854874,None,1434523,9411323,13813788,2980113.0,483966,18902029,-10676713,1370909.0,4468293,2980113.0,1514215,4720501,0,0,5588472.0,729480,6000314,0,-2509379.0,0,1225124,3280744,1394065,24275,0,0,0,0,0,0,0,0,0,0,0,0,0,0,0,0,0,0,0,0,0,0,USD,0,181797.0,-1166137,0,206241.0,3236230,3975714,-77327.0,-6745948,-69206,-2167463,0,182955,0,0,-186689,-166445,4265203.0,416162,0,0,0,9.0,6.46
6,2018-06-30,USD,600984,1671105,710306,-109322,-1070121,-1235191,0,0,-1324446,-56960.0,257931,0,-1070121,250126.0,-294591,None,None,None,0,0,0,-89033.0,-254325,0,-1235413,-1235191,0,USD,37346765,8689126,None,1446447,21397018,16006707,5140418.0,2195032,10410279,2815183,1396759.0,13703261,5140418.0,1510406,17158485,0,0,2781245.0,433082,9380878,0,-6385680.0,0,4683176,2795936,1621205,65861,0,0,0,0,0,0,0,0,0,0,0,0,0,0,0,0,0,0,0,0,0,0,USD,0,62448.0,-493747,0,137336.0,1083061,3975714,-125733.0,-1235191,-655978,-1261754,0,118369,0,0,110747,-596881,70115.0,2957,0,0,0,17.36,9.0
7,2018-03-31,USD,600984,1671105,710306,-109322,-1070121,-1235191,0,0,-1324446,-56960.0,257931,0,-1070121,250126.0,-294591,None,None,None,0,0,0,-89033.0,-254325,0,-1235413,-1235191,0,USD,37346765,8689126,None,1446447,21397018,16006707,5140418.0,2195032,10410279,2815183,1396759.0,13703261,5140418.0,1510406,17158485,0,0,2781245.0,433082,9380878,0,-6385680.0,0,4683176,2795936,1621205,65861,0,0,0,0,0,0,0,0,0,0,0,0,0,0,0,0,0,0,0,0,0,0,USD,0,62448.0,-493747,0,137336.0,1083061,3975714,-125733.0,-1235191,-655978,-1261754,0,118369,0,0,110747,-596881,70115.0,2957,0,0,0,3.19,17.36
8,2017-12-31,AUD,1477190,877349.50,1040590,436600,-526691.51,394780,0,0,131310,-25600.08,1251690,0,-2435310,110738.61,-8403.42,-260470,-35350,None,0,0,0,-61911.11,557901.63,0,93121.23,394780,0,AUD,35859450,26079760,None,1190300,20415260,15444190,1914599.3,617921.64,10410280,5033910,7937568.34,6209209.12,1914599.3,2860010,3720240,1609390,872029.44,-119635.48,581320,9198370,0,-3141418.31,0,3379830,0,1768230,30158.57,0,0,0,0,0,0,0,0,0,0,0,51820,0,0,0,0,0,0,0,2860010,0,0,AUD,0,-19774.21,-2189990,0,-678344.31,-1579550,-2003280,15900.76,1505450,1033110,4864310,0,2021130,0,0,132177.62,1187328.12,-628470.49,2189990,0,0,0,5.63,3.19
9,2017-09-30,USD,737627,1845547,970436,-232809,-1107921,197389,0,0,65653,-53851.0,175707,None,-1107921,232944.0,-17677,None,None,None,0,0,0,-130233.0,1173573,0,195885,197389,None,USD,35859449,8990939,None,1079598,20469115,15444185,4027452.0,1299828,10410279,5285565,16697058.0,13061371,4027452.0,2860014,3720238,1834356,1834356,-251659.0,581317,9198370,None,-6608125.0,None,3383711,None,1768232,63440,None,None,None,None,None,None,None,None,None,None,None,None,None,None,None,None,None,None,None,None,None,None,USD,None,-41596.0,-558822,None,-1426930.0,-1426930,None,33448.0,197389,175382,2109327,None,145665,None,None,278042,2497602,-1322018.0,6834,None,None,None,7.5,5.63
10,2017-06-30,AUD,4288610,-2008482.65,1507470,2781140,58327.39,1300790,0,0,1374150,47038.89,1271230,0,-339970,-249611.41,32634.66,73250,-71750,None,0,0,0,-33318.76,-683360.21,0,-591714.07,1300790,0,AUD,41178370,26139740,None,1249330,26198520,14979860,1327323.03,596271.67,10410280,4569580,8912075.37,6040957.93,1327323.03,2387970,6596090,1501910,2110980.64,-146103.2,816650,14221980,0,-3748765.05,0,8292580,0,2292100,61047.40,0,0,0,0,0,0,0,0,0,0,0,60750,0,0,0,0,0,0,0,2387970,0,0,AUD,0,-174982.15,-1072350,0,289810.24,1274310,857680,206396.91,1374150,682340,645650,0,1088210,0,0,-117971.11,31125.46,-341051.04,1072350,0,0,0,nan,7.5
11,2017-03-31,USD,2143729,2207846,1247442,896287,-64117,650395,0,0,687074,-51708.0,141911,None,-64117,274388.0,-35874,None,None,None,0,0,0,36626.0,751191,0,650448,650395,None,USD,41178373,9940420,None,1195819,26250226,14979855,2918148.0,1310916,10410279,4890787,19593388.0,13281175,2918148.0,2387969,6596085,4641036,4641036,-321211.0,816649,14221981,None,-8241740.0,None,8302787,None,2292098,134214,None,None,None,None,None,None,None,None,None,None,None,None,None,None,None,None,None,None,None,None,None,None,USD,None,-384702.0,-536174,None,637154.0,637154,None,453768.0,650395,341172,322827,None,188727,None,None,-259362,68430,-749808.0,16923,None,None,None,nan,nan
12,2016-12-31,AUD,7747200,837484.24,1101400,6645800,613206.58,1844060,0,0,3270290,-20634.88,1351400,0,3232350,121023.13,-6936.04,1435130,-37390,None,0,0,0,266210.0,-6582.86,0,340413.72,1844060,0,AUD,43481440,27683100,None,2253920,29070830,14410600,1068455.31,493651.83,10410280,4000320,8405562.25,5289123.19,1068455.31,1820990,6469390,1231280,1340755.49,152227.16,1065640,14732700,0,-3855519.1,0,8800740,0,1857050,296615.29,0,0,0,0,0,0,0,0,0,0,0,0,0,0,0,0,0,0,0,1820990,0,0,AUD,0,118181.34,-4045260,0,-29876.63,-444710,-891960,36150.46,5614010,-5846230,-1209050,0,2147230,0,0,-94332.94,-878228.67,264559.46,4045260,0,0,0,nan,nan
13,2016-09-30,USD,3910315,2257426,1000595,2909719,1652889,922029,None,None,1635146,-55621.0,411014,None,1652889,326216.0,-18696,None,None,None,None,None,None,717565.0,-17744,None,917580,922029,None,USD,43481437,10546345,None,1971517,29126455,14410603,2880005.0,1330631,10410279,3589998,22657065.0,14256751,2880005.0,1820994,6469390,3613986,3613986,410326.0,1065635,14732701,None,-10392493.0,None,8802814,None,1857051,799522,None,None,None,None,None,None,None,None,None,None,None,None,None,None,None,None,None,None,None,None,None,None,USD,None,318556.0,-1467806,None,-80532.0,-80532,None,97443.0,922029,-1420228,-50779,None,857415,None,None,-254273,-2367252,713116.0,141558,None,None,None,nan,nan
14,2016-06-30,AUD,6184500,0,926340,5258160,0,1783700,0,0,2343720,0.0,1096150,0,2347780,0.0,0,583810,-36270,None,0,0,0,241337.99,0,0,0,1783700,0,AUD,37666510,25215580,None,2011000,25304820,12361690,0.0,0,10410280,1951410,0.0,0,0.0,3877420,1338250,0,0,0.0,1093170,11357760,0,0.0,0,4041030,0,1428310,0,0,0,0,0,0,0,0,0,0,0,0,0,0,0,0,0,0,0,0,3877420,0,0,AUD,0,0.0,-1109650,0,0.0,-283640,-283640,0.0,2343720,-3005780,-1107490,0,1108030,0,0,0,0,0.0,1109650,0,0,0,nan,nan
15,2015-12-31,AUD,5792870,0,2574510,3218360,0,2922500,0,0,2544190,0.0,789100,0,1692270,0.0,0,-356160,513940,None,0,0,0,-259270.58,0,0,0,2922500,0,AUD,37271470,26235980,None,788150,26163320,11108150,0.0,0,10410280,697870,0.0,0,0.0,6883200,1720530,0,0,0.0,1672700,9362780,0,0.0,0,992520,0,698920,0,0,0,0,0,0,0,0,0,0,0,0,0,0,0,0,0,0,0,0,6883200,0,0,AUD,0,0.0,1732590,2045240,0.0,-90460,-90460,0.0,1999960,4655480,2877200,0,383640,0,0,0,0,0.0,312650,0,0,0,nan,nan
