,fiscalDateEnding,reportedCurrency_x,totalRevenue,totalOperatingExpense,costOfRevenue,grossProfit,ebit,netIncome_x,researchAndDevelopment,effectOfAccountingCharges,incomeBeforeTax,minorityInterest,sellingGeneralAdministrative,otherNonOperatingIncome,operatingIncome,otherOperatingExpense,interestExpense,taxProvision,interestIncome,netInterestIncome,extraordinaryItems,nonRecurring,otherItems,incomeTaxExpense,totalOtherIncomeExpense,discontinuedOperations,netIncomeFromContinuingOperations,netIncomeApplicableToCommonShares,preferredStockAndOtherAdjustments,reportedCurrency_y,totalAssets,intangibleAssets,earningAssets,otherCurrentAssets,totalLiabilities,totalShareholderEquity,deferredLongTermLiabilities,otherCurrentLiabilities,commonStock,retainedEarnings,otherLiabilities,goodwill,otherAssets,cash,totalCurrentLiabilities,shortTermDebt,currentLongTermDebt,otherShareholderEquity,propertyPlantEquipment,totalCurrentAssets,longTermInvestments,netTangibleAssets,shortTermInvestments,netReceivables,longTermDebt,inventory,accountsPayable,totalPermanentEquity,additionalPaidInCapital,commonStockTotalEquity,preferredStockTotalEquity,retainedEarningsTotalEquity,treasuryStock,accumulatedAmortization,otherNonCurrrentAssets,deferredLongTermAssetCharges,totalNonCurrentAssets,capitalLeaseObligations,totalLongTermDebt,otherNonCurrentLiabilities,totalNonCurrentLiabilities,negativeGoodwill,warrants,preferredStockRedeemable,capitalSurplus,liabilitiesAndShareholderEquity,cashAndShortTermInvestments,accumulatedDepreciation,commonStockSharesOutstanding,reportedCurrency,investments,changeInLiabilities,cashflowFromInvestment,otherCashflowFromInvestment,netBorrowings,cashflowFromFinancing,otherCashflowFromFinancing,changeInOperatingActivities,netIncome_y,changeInCash,operatingCashflow,otherOperatingCashflow,depreciation,dividendPayout,stockSaleAndPurchase,changeInInventory,changeInAccountReceivables,changeInNetIncome,capitalExpenditures,changeInReceivables,changeInExchangeRate,changeInCashAndCashEquivalents,clossingVal,nextClossingVal
0,2020-06-30,CAD,55000.0,6901000.0,None,None,-6846000.0,-7268000.0,5260000.0,None,-7268000.0,None,3047000.0,None,-6846000.0,-1406000.0,422000.0,None,None,-422000,None,None,None,None,None,None,-7268000.0,-7268000.0,None,CAD,41402000.0,None,None,None,19067000.0,22335000.0,None,None,146463000.0,-137055000.0,None,None,None,28251000.0,9076000.0,None,592000.0,3775000,2825000.0,38577000.0,None,22335000.0,None,911000.0,8696000.0,None,8286000.0,None,None,None,None,None,None,None,None,None,2825000,1418000,None,None,9991000,None,None,None,None,None,None,None,None,CAD,-57000,-1925000.0,-57000.0,None,3064000.0,34806000.0,-429000.0,-5286000.0,-7268000.0,20879000.0,-13870000.0,None,124000.0,None,None,None,-258000.0,747000.0,57000.0,None,None,None,3.11,
1,2020-03-31,CAD,68000.0,9299000.0,None,None,-9110000.0,-9664000.0,6824000.0,None,-9664000.0,None,3033000.0,None,-9231000.0,-558000.0,433000.0,None,-433000,-433000,None,None,None,None,None,None,-9664000.0,-9664000.0,None,CAD,15329000.0,None,None,None,17744000.0,-2415000.0,None,None,118312000.0,-129783000.0,None,None,None,7372000.0,8034000.0,None,342000.0,None,2742000.0,12587000.0,None,-2415000.0,None,653000.0,8529000.0,None,7525000.0,None,None,None,None,None,None,None,2742000,None,2742000,1284000,9710000,None,9710000,None,None,None,9056000,None,7372000,None,51000000,CAD,-33000,1143000.0,-33000.0,None,-83000.0,290000.0,-431000.0,360000.0,-9664000.0,-6694000.0,-6951000.0,None,121000.0,None,804000,None,192000.0,897000.0,33000.0,None,None,None,1.74,3.11
2,2019-12-31,CAD,137000.0,8542000.0,None,None,-8251000.0,-8475000.0,5519000.0,None,-8475000.0,None,3362000.0,None,-8405000.0,-339000.0,70000.0,None,-70000,-70000,None,None,None,None,None,None,-8475000.0,-8475000.0,None,CAD,22434000.0,None,None,None,15986000.0,6448000.0,None,None,117544000.0,-120119000.0,None,None,None,14066000.0,6405000.0,88000,88000.0,332000,2830000.0,19604000.0,None,6448000.0,None,845000.0,8373000.0,None,3665000.0,None,None,None,None,None,None,None,2830000,None,2830000,1308000,9581000,None,9581000,None,None,None,8691000,None,14066000,None,50000000,CAD,-13000,-30000.0,-13000.0,None,67000.0,67000.0,-431000.0,640000.0,-8475000.0,-7308000.0,-7362000.0,None,154000.0,None,29612000,None,114000.0,235000.0,13000.0,None,None,None,2.9,1.74
3,2019-09-30,CAD,164000.0,7681000.0,5652000,-5639000,-7368000.0,-7896000.0,5652000.0,None,-7896000.0,None,2635000.0,None,-7517000.0,-606000.0,379000.0,None,-379000,-379000,None,None,None,None,-228000,None,-7896000.0,-7896000.0,None,CAD,30329000.0,None,None,None,15685000.0,14644000.0,None,62000,117544000.0,-111644000.0,None,None,None,21374000.0,6124000.0,87000,87000.0,332000,2972000.0,27357000.0,None,14644000.0,None,959000.0,8327000.0,None,5876000.0,None,None,None,None,None,None,None,2972000,None,2972000,1333000,9561000,None,9561000,None,None,None,8412000,None,21374000,None,51000000,CAD,-57000,1849000.0,-57000.0,None,-83000.0,-44000.0,-431000.0,-638000.0,-7896000.0,-5530000.0,-5429000.0,None,149000.0,None,29612000,None,326000.0,781000.0,57000.0,None,None,None,2.48,2.9
4,2019-06-30,CAD,186000.0,4845000.0,3803000,-3797000,-4541000.0,-5051000.0,3803000.0,0,-5051000.0,0,2184000.0,0,-4659000.0,-1142000.0,392000.0,None,-392000,-392000,0,0,0,0,-212000,0,-5051000.0,-5051000.0,0,CAD,37345000.0,0,None,0,16254000.0,21091000.0,0,63000,117472000.0,-103748000.0,1046000,0,0,26904000.0,5977000.0,0,86000.0,332000,3063000.0,34282000.0,0,21091000.0,0,1285000.0,7972000.0,0,5733000.0,0,0,0,0,0,0,0,3063000,0,3063000,1354000,9231000,0,10277000,0,0,0,7035000,0,26904000,0,51000000,CAD,-294000,-139000.0,-294000.0,0,-82000.0,-718000.0,-637000.0,-511000.0,-5051000.0,-7303000.0,-6291000.0,0,118000.0,0,29573000,0,-407000.0,-301000.0,294000.0,0,0,0,2.9245,2.48
5,2019-03-31,CAD,82000.0,5627000.0,4013000,-4005000,-5438000.0,-5943000.0,4013000.0,0,-5943000.0,0,1960000.0,0,-5545000.0,-346000.0,398000.0,None,-398000,-398000,0,0,0,0,-324000,0,-5943000.0,-5943000.0,0,CAD,42395000.0,0,None,0,16583000.0,25812000.0,0,63000,117407000.0,-98303000.0,1232000,0,0,34207000.0,5622000.0,0,84000.0,394000,2880000.0,39515000.0,0,25812000.0,0,878000.0,8444000.0,0,5383000.0,0,0,0,0,0,0,0,2880000,0,2880000,1377000,9729000,0,10961000,0,0,0,6708000,0,34207000,0,47000000,CAD,-112000,-3648000.0,-112000.0,0,-80000.0,27630000.0,-1862000.0,187000.0,-5943000.0,19312000.0,-8206000.0,0,107000.0,0,29572000,0,459000.0,632000.0,112000.0,0,0,0,4.015,2.9245
6,2018-12-31,CAD,9539.18,2099776.6,1291547.61,-1282008.42,-2090237.42,-2220317.19,3715078.3,0,-2220317.19,0,864307.82,0,-2090237.42,-56078.84,-167369.31,None,None,None,0,0,0,0,-130079.77,0,-2220317.19,-2220317.19,0,CAD,6626841.76,0,None,0,5378943.14,1247898.62,0,14164.24,26059892.59,-26812042.75,415099.01,0,0,4305640.48,2253270.73,0,23414.36,119962.46,833377.75,5793464.0,0,1247898.62,0,707633.96,2332474.86,0,1526847.47,0,0,0,0,0,0,0,0,0,0,0,2710573.40,0,0,0,0,0,1880086.32,0,4305640.48,0,44000000,CAD,0,645484.73,-207838.57,4046.93,5203.19,88743.31,-538241.19,-6937.59,-2220317.19,-1554019.69,-1434924.42,0,34687.94,0,5681595.40,0,-196564.99,308722.66,207838.57,0,0,0,5.17,4.015
7,2018-09-30,USD,6000.0,5842000.0,3897000,-3891000,-5836000.0,-5987000.0,12852000.0,0,-5987000.0,0,2349000.0,0,-5836000.0,-404000.0,-270000.0,None,None,None,0,0,0,0,-151000,0,-5987000.0,-5987000.0,0,USD,26213000.0,0,None,461.80,15103000.0,11110000.0,0,42000,89464000.0,-85073000.0,1584000,0,0,20271000.0,4786000.0,0,92000.0,555000,2942000.0,23271000.0,0,11110000.0,0,1577000.0,7401000.0,0,4565000.0,0,0,0,0,0,0,0,0,0,0,0,0,0,0,0,0,0,0,0,0,0,45000000,USD,0,-192000.0,-1068000.0,-349000,179000.0,1277000.0,896000.0,339000.0,-5987000.0,-4877000.0,-5086000.0,0,106000.0,0,0,0,-295000.0,947000.0,733000.0,0,0,0,5.941,5.17
8,2018-06-30,USD,17000.0,4566000.0,2605000,-2588000,-4549000.0,-5196000.0,12852000.0,0,-5196000.0,0,2150000.0,None,-4549000.0,-189000.0,-269000.0,None,None,None,0,0,0,0,-647000,0,-5196000.0,-5196000.0,None,USD,30547000.0,0,None,28761.80,13987000.0,16560000.0,0,22000,89092000.0,-79082000.0,1292000,0,0,25148000.0,4363000.0,93000,93000.0,555000,2225000.0,28322000.0,0,16560000.0,0,1432000.0,8332000.0,0,4248000.0,0,0,0,0,0,0,None,None,None,None,None,None,None,None,None,None,None,None,None,None,None,43000000,USD,0,1803000.0,-330000.0,349000,-22000.0,4529000.0,896000.0,-677000.0,-5196000.0,1129000.0,-3070000.0,None,57000.0,0,0,0,82000.0,861000.0,679000.0,None,None,None,5.08,5.941
9,2018-03-31,USD,27000.0,2897000.0,1882000,-1855000,-2870000.0,-3067000.0,12852000.0,0,-3067000.0,0,1290000.0,None,-2870000.0,-275000.0,-266000.0,None,None,None,0,0,0,0,-197000,0,-3067000.0,-3067000.0,None,USD,26904000.0,None,None,1060000,10243000.0,16661000.0,None,17000,83739000.0,-73886000.0,1260000,None,None,24019000.0,2186000.0,75000,75000.0,1006000,662000.0,26242000.0,None,16661000.0,None,1163000.0,6797000.0,None,2094000.0,None,None,None,None,None,None,None,None,None,None,None,None,None,None,None,None,None,None,None,None,None,42000000,USD,None,-924000.0,-54000.0,349000,-21000.0,13221000.0,-1148000.0,-226000.0,-3067000.0,9110000.0,-4057000.0,None,42000.0,None,14390000,None,-183000.0,301000.0,54000.0,None,None,None,nan,5.08
10,2017-12-31,USD,0.0,7499425.27,4707104.82,-4707104.82,-7499425.27,-7896433.64,1821442.81,0,-7896433.64,0,3827819.85,None,-7499425.27,-362359.51,117178.16,None,None,None,0,0,0,0,-397008.37,0,-7896433.64,-7896433.64,None,USD,13576723.79,0,None,667995.22,8520526.11,5056197.69,0,874451.97,55889198.88,-56453461.14,1092865.68,0,0,11884416.1,2265444.4,48347.55,48347.55,537510.56,448784.38,13128027.1,0,5055805.5,0,575292.15,5162216.02,0,1342367.48,0,0,0,0,0,0,None,None,None,None,None,None,None,None,None,None,None,None,None,None,None,124000000,USD,0,841769.63,-308223.99,0,-57193.3,8564368.27,-789074.53,-309011.56,-9588177.76,1086047.83,-7170485.45,None,111544.84,0,9411025.11,0,37465.13,1736635.31,308489.44,None,None,None,nan,nan
11,2017-09-30,USD,0.0,-392165.64,0,0,392165.64,386911.82,522024.14,0,386911.82,0,1482132.86,None,392165.64,0.0,223039.41,None,None,None,0,0,0,0,-5253.82,0,386911.82,386911.82,None,USD,15093132.94,0,None,540410.90,6798305.22,8294827.72,0,15189.06,55257814.37,-52674241.75,494044.29,0,0,13267247.58,1231113.6,47951.87,47951.87,627616.92,483651.77,14609209.37,0,8294572.71,0,801978.58,5073147.33,0,1167959.07,0,0,0,0,0,0,None,None,None,None,None,None,None,None,None,None,None,None,None,None,None,128000000,USD,0,-500251.02,-57902.31,278999.12,-11476.54,7926293.07,-3304.02,46776.72,-1696612.84,-2140498.04,-2129690.62,None,34248.14,0,61875.45,0,15998.88,-29851.31,305380.13,None,None,None,nan,nan
12,2017-06-30,USD,0.0,1800131.89,0,0,-1800131.89,-2010243.73,1123023.52,0,-2010243.73,0,1806401.85,None,-1800131.89,-481229.46,209795.6,None,None,None,0,0,0,0,-210111.84,0,-2010243.73,-2010243.73,None,USD,16583879.68,0,None,572310.07,7092942.54,9490937.14,0,20825.30,53252603.16,-49184664.1,423447.74,0,0,14865406.86,1586579.25,5127156.96,5127156.96,610517.55,444273.04,16139580.41,0,9490939.45,0,702050.13,5082915.54,0,1521789.43,0,0,0,0,0,0,None,None,None,None,None,None,None,None,None,None,None,None,None,None,None,121000000,USD,0,206710.37,-199625.14,0,-13676.82,7602776.71,-760324.72,-184472.04,-2010243.73,5784236.02,-1232099.5,None,21600.46,0,7989962.21,0,-73712.3,370118.78,239105.28,None,None,None,nan,nan
13,2017-03-31,USD,0.0,0.0,0,0,0.0,0.0,880342.52,0,0.0,0,1587170.43,None,0.0,0.0,201306.99,None,None,None,0,0,0,0,0,0,0.0,0.0,None,USD,10168256.59,0,None,374070.46,6109066.33,4059190.27,0,15774.06,44449785.92,0.0,357545.26,0,0,8843235.93,993014.35,0,0.0,0,259145.2,0.0,0,0.0,0,0.0,4758506.72,0,934425.0,0,0,0,0,0,0,None,None,None,None,None,None,None,None,None,None,None,None,None,None,None,118000000,USD,0,0.0,0.0,0,0.0,376323.89,0.0,0.0,0.0,0.0,0.0,None,0.0,0,0,0,0.0,0.0,38308.42,None,None,None,nan,nan
14,2016-12-31,USD,96519.57,5509769.31,1804584.02,-3008213.28,-5413249.74,-6619899.54,847596.37,0,-6619899.54,0,3152987.05,None,-5413249.74,-747950.59,862479.54,None,None,None,0,0,0,0,-1206649.80,0,-6619899.54,-6619899.54,None,USD,11237535.35,0,None,349010.27,6041077.54,5196457.81,0,588629.26,43275785.09,-43750928.71,167435.63,0,0,10081113.26,1341717.52,42883.61,42883.61,491440.69,235154.04,11002405.86,0,5196613.34,0,572163.27,4531924.39,0,709927.07,0,0,0,0,0,0,None,None,None,None,None,None,None,None,None,None,None,None,None,None,None,101000000,USD,0,153100.91,-82685.67,0,643747.58,11803839.86,-606945.97,-192944.63,-6619899.54,7221678.08,-4499653.97,None,78258.67,0,11767216.10,0,453192.44,2037104.48,82601.58,None,None,None,nan,nan
15,2016-09-30,USD,49508.72,0.0,1178307.56,0,0.0,0.0,627618.25,0,0.0,0,0.0,None,0.0,0.0,105110.82,None,None,None,0,0,0,0,0,0,0.0,0.0,None,USD,6943407.72,0,None,317617.49,4667529.9,2275877.83,0,30466.91,38560438.72,0.0,0,0,0,6023307.18,898012.03,0,0.0,0,217076.7,0.0,0,0.0,0,0.0,3769517.86,0,823368.12,0,0,0,0,0,0,None,None,None,None,None,None,None,None,None,None,None,None,None,None,None,None,USD,0,0.0,0.0,0,0.0,6320359.51,0.0,0.0,0.0,0.0,0.0,None,0.0,0,0,0,664178.54,0.0,31990.25,None,None,None,nan,nan
16,2016-06-30,USD,50290.14,0.0,1053771.76,0,0.0,0.0,497485.49,0,0.0,0,0.0,None,0.0,0.0,63442.94,None,None,None,0,0,0,0,0,0,0.0,0.0,None,USD,8492069.63,150870.41,None,168665.38,4873500.97,3618568.67,0,41779.50,39121083.17,0.0,0,0,150870.41,6905996.13,1139651.84,0,0.0,0,220502.9,0.0,0,0.0,0,0.0,3733849.13,0,1050676.98,0,0,0,0,0,0,None,None,None,None,None,None,None,None,None,None,None,None,None,None,None,None,USD,0,0.0,0.0,0,0.0,6429400.39,0.0,0.0,0.0,0.0,0.0,None,0.0,0,0,0,20116.05,0.0,17794.97,None,None,None,nan,nan
17,2016-03-31,USD,49976.93,0.0,1197908.66,0,0.0,0.0,645086.88,0,0.0,0,0.0,None,0.0,0.0,97647.24,None,None,None,0,0,0,0,0,0,0.0,0.0,None,USD,3692910.96,154544.06,None,182223.59,4885437.49,0.0,0,105336,33536829.16,0.0,0,0,154544.06,1600799.63,1943718.28,0,0.0,0,226818.39,0.0,0,0.0,0,0.0,2941719.21,0,1792249.73,0,0,0,0,0,0,None,None,None,None,None,None,None,None,None,None,None,None,None,None,None,None,USD,0,323696.76,0.0,0,0.0,0.0,0.0,0.0,0.0,0.0,0.0,None,0.0,0,0,0,0.0,0.0,11533.14,None,None,None,nan,nan
18,2015-12-31,USD,46961.92,6143462.18,1710136.55,93708.55,-6049753.63,-6339750.74,941405.97,0,-6339750.74,0,2841643.67,None,-6049753.63,-726172.96,84531.46,None,None,None,0,0,0,0,-289997.11,0,-6339750.74,-6339750.74,None,USD,4300267.32,149555.67,None,164005.49,4250415.43,49851.89,0,915396.29,31501336.61,-36049907.52,0,0,149555.67,2775811.0,1564193.34,42768.59,42768.59,544306.77,215302.36,3935544.4,0,-99570.12,0,995458.42,2686222.09,0,606170.07,0,0,0,0,0,0,None,None,None,None,None,None,None,None,None,None,None,None,None,None,None,None,USD,0,364858.03,-87428.65,0,132787.37,265876.74,-589273.9,40923.34,-6339750.74,-4927429.38,-5106121.67,None,72037.43,0,133333.57,0,-56418.61,901092.41,87421.43,None,None,None,nan,nan
19,2015-09-30,USD,48817.12,0.0,1455501.31,0,0.0,0.0,881712.35,0,0.0,0,0.0,None,0.0,0.0,79609.46,None,None,None,0,0,0,0,0,0,0.0,0.0,None,USD,5551633.5,160720.99,None,200525.72,3781449.49,1770184.0,0,187007.13,32725497.56,0.0,0,0,160720.99,4009763.42,1059707.1,0,0.0,0,232820.13,0.0,0,0.0,0,0.0,2721742.4,0,832895.23,0,0,0,0,0,0,None,None,None,None,None,None,None,None,None,None,None,None,None,None,None,None,USD,0,0.0,0.0,0,0.0,278633.12,0.0,0.0,0.0,0.0,0.0,None,0.0,0,0,0,0.0,0.0,83364.63,None,None,None,nan,nan
