,fiscalDateEnding,reportedCurrency_x,totalRevenue,totalOperatingExpense,costOfRevenue,grossProfit,ebit,netIncome_x,researchAndDevelopment,effectOfAccountingCharges,incomeBeforeTax,minorityInterest,sellingGeneralAdministrative,otherNonOperatingIncome,operatingIncome,otherOperatingExpense,interestExpense,taxProvision,interestIncome,netInterestIncome,extraordinaryItems,nonRecurring,otherItems,incomeTaxExpense,totalOtherIncomeExpense,discontinuedOperations,netIncomeFromContinuingOperations,netIncomeApplicableToCommonShares,preferredStockAndOtherAdjustments,reportedCurrency_y,totalAssets,intangibleAssets,earningAssets,otherCurrentAssets,totalLiabilities,totalShareholderEquity,deferredLongTermLiabilities,otherCurrentLiabilities,commonStock,retainedEarnings,otherLiabilities,goodwill,otherAssets,cash,totalCurrentLiabilities,shortTermDebt,currentLongTermDebt,otherShareholderEquity,propertyPlantEquipment,totalCurrentAssets,longTermInvestments,netTangibleAssets,shortTermInvestments,netReceivables,longTermDebt,inventory,accountsPayable,totalPermanentEquity,additionalPaidInCapital,commonStockTotalEquity,preferredStockTotalEquity,retainedEarningsTotalEquity,treasuryStock,accumulatedAmortization,otherNonCurrrentAssets,deferredLongTermAssetCharges,totalNonCurrentAssets,capitalLeaseObligations,totalLongTermDebt,otherNonCurrentLiabilities,totalNonCurrentLiabilities,negativeGoodwill,warrants,preferredStockRedeemable,capitalSurplus,liabilitiesAndShareholderEquity,cashAndShortTermInvestments,accumulatedDepreciation,commonStockSharesOutstanding,reportedCurrency,investments,changeInLiabilities,cashflowFromInvestment,otherCashflowFromInvestment,netBorrowings,cashflowFromFinancing,otherCashflowFromFinancing,changeInOperatingActivities,netIncome_y,changeInCash,operatingCashflow,otherOperatingCashflow,depreciation,dividendPayout,stockSaleAndPurchase,changeInInventory,changeInAccountReceivables,changeInNetIncome,capitalExpenditures,changeInReceivables,changeInExchangeRate,changeInCashAndCashEquivalents,clossingVal,nextClossingVal
0,2020-06-30,USD,688043000,423906000,33364000,654679000,235590000,290298000,286601000,None,307264000,None,124052000,4817000,230773000,13253000,600000,16966000,None,-600000,None,None,None,16966000,71037000,None,290298000,290298000,None,USD,3212321000,183060000,None,51554000,867717000,2344604000,None,38701000,218000,-1861102000,265331000,155593000,65402000,1326730000,556513000,18588000,18588000,-12423000,453777000,2077625000,248731000,2005951000,262756000,420250000,None,16335000,499224000,None,None,218000,None,-1861102000,None,None,83981000,None,1125142000,43165000,None,311204000,311204000,None,None,None,4217911000,3212321000,1589486000,None,218069218,USD,602000,53630000,-43258000,None,-200000,56407000,-12787000,28696000,290298000,282531000,269382000,-67236000,12594000,None,69194000,-3672000,-77011000,60779000,43860000,-77011000,None,282531000,103.97,
1,2020-03-31,USD,568507000,1205192000,27319000,541188000,-655342000,-720642000,1085287000,None,-704076000,None,117775000,8662000,-664004000,2130000,602000,16566000,-40072000,-602000,None,None,None,16566000,-46097000,None,-720642000,-720642000,None,USD,2752422000,188444000,None,48078000,814701000,1937721000,None,36049000,217000,-2151400000,268179000,155593000,72567000,1043241000,503412000,18524000,18524000,-13107000,410034000,1716169000,180993000,1593684000,259351000,351522000,18524000,13977000,448839000,None,None,217000,None,-2151400000,None,None,92949000,None,1028013000,41890000,31959000,311289000,311289000,None,None,None,4102011000,2752422000,1302592000,None,216952325,USD,-69295000,-8164000,-108560000,-69295000,-187000,2499000,-12120000,-2155000,-720642000,-789478000,-683417000,31431000,13098000,None,14619000,-5712000,-42713000,49285000,39265000,-42713000,None,-789478000,73.23,103.97
2,2019-12-31,USD,579389000,452166000,32215000,547174000,110856000,111005000,312867000,None,126004000,None,139299000,15848000,95008000,None,607000,14999000,30996000,-607000,None,None,None,14999000,28481000,None,111005000,111005000,None,USD,3426750000,193828000,None,43725000,828344000,2598406000,None,34708000,216000,-1430758000,271232000,155593000,55559000,1832684000,513340000,18300000,18300000,-15542000,377567000,2481488000,133657000,2248985000,284870000,308809000,18300000,11400000,460332000,None,None,216000,None,-1430758000,None,None,79512000,None,940157000,41925000,31918000,315004000,315004000,None,None,None,4044490000,3426750000,2117554000,None,216177830,USD,-713000,18260000,-30028000,-9390000,-196000,29320000,-196000,25734000,111005000,130910000,131618000,-20010000,13345000,None,29516000,-3187000,-32693000,44898000,29315000,-32693000,None,130910000,87.32,73.23
3,2019-09-30,USD,551581000,387225000,30040000,521541000,146277000,128271000,281336000,None,148019000,None,105889000,11961000,134316000,None,597000,19748000,13703000,-597000,None,None,None,19748000,11019000,None,128271000,128271000,None,USD,3214818000,199212000,None,49896000,792291000,2422527000,None,35859000,215000,-1541763000,267470000,155593000,45576000,1702023000,461683000,None,None,-8614000,347250000,2319595000,117902000,2067722000,284195000,276116000,18080000,7365000,425824000,None,None,215000,None,-1541763000,None,None,69313000,None,889270000,42867000,18080000,312528000,330608000,None,None,None,3972689000,3214818000,1986218000,None,215373548,USD,-4528000,56268000,12284000,-8677000,-217000,2894000,-217000,34121000,128271000,285593000,270415000,-694000,13862000,None,3111000,-625000,26564000,46769000,16812000,26564000,None,285593000,74.23,87.32
4,2019-06-30,USD,529932000,401914000,29406000,500526000,113612000,105318000,289363000,None,108671000,None,112551000,15000000,98612000,None,316000,3353000,10059000,-316000,None,None,None,3353000,3767000,None,105318000,105318000,None,USD,2947633000,204596000,None,53563000,700442000,2247191000,None,36720000,215000,-1670034000,270548000,155593000,43786000,1416224000,367105000,None,None,-8965000,339122000,2058625000,115563000,1887002000,279631000,302680000,17862000,6527000,330385000,None,None,215000,None,-1670034000,None,None,67968000,None,882842000,32434000,17862000,315475000,333337000,None,None,None,3925975000,2947633000,1695855000,None,214865720,USD,2147000,39728000,-45147000,-4149000,-214000,9010000,-6181000,41302000,105318000,116823000,152960000,7420000,13435000,None,15191000,-1688000,-58599000,47346000,47294000,-58599000,None,116823000,84.96,74.23
5,2019-03-31,USD,497857000,401199000,22588000,475269000,83443000,102312000,270545000,None,104097000,None,130654000,9373000,74070000,None,335000,1785000,30027000,-335000,None,None,None,1785000,23691000,None,102312000,102312000,None,USD,2754161000,209980000,None,72266000,668594000,2085567000,None,34239000,214000,-1775352000,273080000,155593000,25569000,1299704000,364515000,10245000,10245000,-9247000,338331000,1904500000,120188000,1719994000,281320000,244081000,17647000,7129000,330276000,None,None,214000,None,-1775352000,None,None,21693000,None,845785000,0,17647000,286432000,304079000,None,None,None,3869952000,2754161000,1581024000,None,214320605,USD,-6296000,-55394000,-24563000,-6296000,-195000,4487000,-10994000,-16371000,102312000,135587000,155663000,-15430000,13891000,None,15481000,-600000,63517000,47367000,18267000,63517000,None,135587000,86.01,84.96
6,2018-12-31,USD,528402000,420061000,26366000,502036000,93254000,69063000,304238000,0,70717000,0,115823000,11279000,81975000,0,355000,None,None,None,0,0,0,1654000,-18592000,0,69063000,69063000,None,USD,2645762000,215364000,None,79366000,719795000,1925967000,None,31844000,213000,-1877759000,277084000,155593000,23601000,1163980000,425277000,None,None,-10165000,319751000,1832254000,99199000,1555010000,274343000,307598000,17434000,6967000,393433000,None,None,213000,None,-1877759000,None,None,20163000,None,810070000,None,17434000,277084000,294518000,None,None,None,3813678000,2645762000,1438323000,None,213274660,USD,-10816000,4883000,-36097000,-12940000,-195000,4063000,-5399000,-15548000,69063000,51804000,83838000,10100000,14226000,None,9462000,1013000,-59862000,44415000,25281000,-59862000,None,51707000,63.59,86.01
7,2018-09-30,USD,449683000,393769000,24795000,424888000,41330000,29176000,292527000,0,30976000,0,101242000,10211000,31119000,0,405000,None,None,None,0,0,0,1800000,-4731000,0,29176000,29176000,None,USD,2519947000,220748000,None,71317000,717048000,1802899000,0,29665000,213000,-1946822000,277335000,155593000,21099000,1112179000,422489000,7648000,7648000,-9522000,300767000,1700359000,121381000,1426558000,263134000,247736000,17224000,5993000,385176000,0,0,213000,0,-1946822000,0,None,15674000,None,814163000,None,17224000,277335000,294559000,None,None,None,3759030000,2519947000,1375313000,None,212754024,USD,6945000,31413000,-17876000,0,-195000,2437000,-5399000,13753000,29176000,183709000,199148000,12208000,13818000,0,2437000,1152000,68574000,42807000,24821000,68574000,-38000,183671000,69.08,63.59
8,2018-06-30,USD,521516000,413421000,24856000,496660000,89047000,52394000,298089000,0,54008000,0,115332000,5808000,83239000,0,398000,None,None,None,0,0,0,1614000,-36402000,0,52394000,52394000,None,USD,2397157000,226132000,None,77523000,664234000,1732923000,0,29501000,212000,-1975998000,278979000,155593000,18432000,928517000,368239000,7554000,7554000,-9809000,267586000,1598084000,131330000,1351198000,269865000,316310000,17016000,5869000,331184000,0,0,212000,0,-1975998000,0,None,11731000,None,792372000,None,17016000,278979000,295995000,None,None,None,3718518000,2397157000,1198382000,None,212409152,USD,6869000,-11338000,-3922000,0,-195000,5562000,-9886000,-17449000,52394000,34043000,32403000,29974000,13501000,0,15448000,-1000,-96120000,43993000,10791000,-96120000,100000,34143000,67.0,69.08
9,2018-03-31,USD,382282000,431286000,18106000,364176000,-62648000,-41140000,303103000,0,-40354000,0,128183000,4462000,-67110000,0,385000,None,None,None,0,0,0,786000,20071000,0,-41140000,-41140000,None,USD,2306012000,231517000,None,73674000,677968000,1628044000,0,28175000,212000,-2028392000,280085000,155593000,18765000,894427000,381072000,7460000,7460000,-10122000,264610000,1469555000,165972000,1240934000,276632000,220190000,16811000,4632000,345437000,0,0,212000,0,-2028392000,0,None,10828000,None,828520000,None,16811000,280085000,296896000,None,None,None,3666346000,2306012000,1171059000,None,211888186,USD,-15938000,-829000,-28528000,0,None,2595000,-9886000,-26195000,-41140000,-5095000,20838000,-41601000,13424000,0,2595000,1879000,46109000,42996000,12590000,46109000,35000,-5060000,83.33,67.0
10,2017-12-31,USD,444156000,554385000,22359000,421797000,-147904000,-149629000,446938000,0,-148277000,0,107447000,-15316000,-132588000,0,373000,None,None,None,0,0,0,1352000,-88260000,0,-149629000,-149629000,None,USD,2302582000,236901000,None,62428000,671953000,1630629000,0,26848000,211000,-1990005000,279949000,155593000,537965000,899509000,375396000,7393000,7393000,-7010000,259763000,1504854000,134356000,1238135000,270136000,266299000,16608000,6482000,341155000,0,0,211000,0,-1990005000,0,None,3149000,None,789762000,None,16608000,279949000,296557000,None,None,None,3627433000,2302582000,1169645000,None,211262906,USD,-117751000,49271000,-143002000,0,1000,3725000,-4486000,56389000,-313142000,-228544000,-89267000,-148945000,12859000,0,8210000,110000,-117541000,58892000,25251000,-67954000,7000,-228537000,94.71,83.33
11,2017-09-30,USD,381534000,344540000,22036000,359498000,43558000,36054000,269612000,0,43354000,0,74928000,28600000,14958000,0,204000,None,None,None,0,0,0,7300000,0,0,36054000,36054000,None,USD,2374301000,242285000,None,58327000,616551000,1757750000,0,24330000,211000,-1840376000,272905000,155593000,586154000,1128046000,319935000,23711000,23711000,12512000,246825000,1541322000,169020000,1359872000,153343000,198345000,23711000,3261000,295605000,0,0,211000,0,-1840376000,0,None,7959000,None,821682000,None,23711000,272905000,296616000,None,None,None,3585403000,2374301000,1281389000,None,211019366,USD,3465000,24627000,-30839000,0,17000,654011000,-4486000,25228000,36054000,676295000,53123000,37495000,11940000,0,658480000,279000,49587000,7611000,34304000,-28829000,-3000,676292000,116.74,94.71
12,2017-06-30,USD,326444000,298984000,20260000,306184000,-9000000,-12484000,201839000,0,-9384000,0,97145000,-16200000,7200000,0,384000,None,None,None,0,0,0,3100000,0,0,-12484000,-12484000,None,USD,1639443000,247669000,None,63751000,612608000,1026835000,0,22779000,205000,-1876430000,296019000,155593000,575762000,451754000,293161000,23428000,23428000,10968000,218878000,844803000,144425000,623573000,156852000,169516000,23428000,2930000,270382000,0,0,205000,0,-1876430000,0,None,16168000,None,782733000,None,23428000,296019000,319447000,None,None,None,2892092000,1639443000,608606000,None,205630980,USD,-6819000,-15025000,-37318000,0,-41000,10491000,-5193000,-6189000,0,89967000,116794000,-20882000,12352000,0,15725000,3672000,20758000,61218000,30499000,75459000,-36000,89931000,125.91,116.74
13,2017-03-31,USD,384082000,502562000,14824000,369258000,-192044000,-187083000,407972000,0,-197983000,0,94590000,-58740000,-133304000,0,5939000,None,None,None,0,0,0,-10900000,0,0,-187083000,-187083000,None,USD,1607347000,253053000,None,58284000,641413000,965934000,0,21528000,205000,-1863946000,295093000,155593000,594961000,361823000,304716000,41604000,41604000,5377000,193211000,819175000,158322000,557288000,150132000,244975000,41604000,3961000,283188000,0,0,205000,0,-1863946000,0,None,13445000,None,773624000,None,41604000,295093000,336697000,None,None,None,2824298000,1607347000,511955000,None,204563710,USD,-117852000,20955000,-138819000,0,-16000,21944000,-11776000,-25094000,0,-290513000,-173638000,-212177000,15027000,0,33736000,790000,96217000,97984000,20967000,-96217000,-7000,-290520000,133.67,125.91
14,2016-12-31,USD,326498000,264810000,19610000,306888000,18915000,8873000,161584000,0,9445000,0,113509000,-23163000,42078000,0,9470000,None,None,None,0,0,0,572000,-56599000,0,8873000,8873000,None,USD,1638597000,258437000,None,32752000,1219130000,419467000,0,19539000,189000,-1674765000,294148000,155593000,476740000,652359000,273501000,651481000,651481000,-2886000,167679000,994178000,31987000,5437000,156203000,148758000,651481000,4106000,253962000,0,0,189000,0,-1674765000,0,None,15530000,None,629226000,None,651481000,294148000,945629000,None,None,None,2096929000,1638597000,808562000,None,188848752,USD,-20249000,26665000,-36012000,109000,47000,13872000,-3680000,13407000,8873000,72238000,94378000,9127000,17566000,0,17505000,-392000,-23947000,58647000,15872000,-17235000,6000,72244000,100.27,133.67
15,2016-09-30,USD,269469000,226972000,20205000,249264000,47781000,36877000,143184000,0,38302000,0,75776000,25489000,22292000,8012000,9479000,None,None,None,0,0,0,1425000,0,0,36877000,36877000,None,USD,1544195000,263821000,None,34457000,1174209000,369986000,0,20722000,188000,-1683638000,290230000,155702000,505593000,580116000,240545000,None,None,390000,151942000,886660000,55745000,-49537000,136486000,131523000,643434000,4078000,219823000,0,0,188000,0,-1683638000,0,None,15496000,None,642706000,None,643434000,290230000,933664000,None,None,None,2053046000,1544195000,716602000,None,188258973,USD,4797000,38131000,-9952000,1880000,-11000,7126000,-1226000,-5863000,36877000,92445000,95271000,31014000,16951000,0,8363000,2757000,6712000,10312000,16629000,-3894000,None,92445000,94.29,100.27
16,2016-06-30,USD,246288000,189332000,12367000,233921000,44872000,34425000,120268000,0,35210000,0,66792000,283000,48159000,2271000,9662000,None,None,None,0,0,0,785000,0,0,34425000,34425000,None,USD,1417975000,269205000,None,27313000,1120912000,297063000,0,23771000,188000,-1720515000,286435000,155725000,487332000,487654000,198986000,None,None,662000,138513000,792130000,31444000,-127867000,141553000,129486000,635491000,6124000,175215000,0,0,188000,0,-1720515000,0,None,15418000,None,610305000,None,635491000,286435000,921926000,None,None,None,2016728000,1417975000,629207000,None,193000000,USD,11778000,-35352000,-215281000,-144845000,13877000,27763000,13542000,-3793000,34425000,-169961000,17572000,30632000,12850000,0,13886000,930000,2818000,24500000,82214000,-15988000,-15000,-169961000,79.98,94.29
17,2016-03-31,USD,263464000,221420000,6005000,257459000,34581000,24047000,156824000,0,24447000,0,64596000,-1458000,36039000,0,10134000,None,None,None,0,0,0,400000,0,0,24047000,24047000,None,USD,1103942000,12298000,None,21806000,876194000,227748000,0,9297000,187000,-1754940000,48233000,0,75739000,658132000,200319000,None,None,397000,92622000,935581000,32298000,215450000,153054000,101280000,627642000,1309000,191022000,0,0,187000,0,-1754940000,0,None,13866000,None,151084000,None,627642000,48233000,675875000,None,None,None,1982104000,1103942000,811186000,None,187402129,USD,34319000,28278000,28757000,0,-335000,9884000,None,None,24047000,136176000,97535000,20380000,11058000,0,10219000,752000,13170000,23897000,5562000,13170000,None,136176000,72.47,79.98
18,2015-12-31,USD,243881000,169096000,9704000,247265000,65904000,55176000,116632000,0,55688000,0,52465000,823000,65078000,0,10213000,None,None,None,0,0,0,512000,-43095000,0,55178000,55176000,None,USD,1007440000,12279000,None,17843000,836285000,171155000,0,12512000,187000,-1778987000,48385000,0,79059000,521439000,168007000,619893000,619893000,-809000,86006000,842375000,35248000,171155000,186860000,114450000,619893000,1783000,155495000,0,0,187000,0,-1778987000,0,None,13977000,None,147510000,None,619893000,48385000,668278000,None,None,None,1950764000,1007440000,708299000,None,187000000,USD,2367000,8281000,-4529000,0,-185000,10158000,778000,28828000,55176000,69142000,70009000,60677000,11083000,0,9565000,928000,-56517000,17003000,6896000,-27484000,None,75638000,108.45,72.47
19,2015-09-30,USD,187611000,179672000,8040000,179571000,-28364000,-39582000,132073000,0,-39573000,0,47599000,-28263000,-101000,0,11209000,None,None,None,0,0,0,9000,0,0,-39582000,-39582000,None,USD,931932000,19169000,None,23246000,843195000,88737000,12581000,12857000,186000,-1834163000,53732000,0,90832000,446318000,155823000,5000,None,-275000,83186000,757914000,35714000,69568000,189244000,96678000,623928000,2428000,142961000,0,0,186000,0,-1834163000,0,None,18111000,None,156180000,None,623928000,50863000,687372000,None,None,None,1922989000,931932000,635562000,None,185956247,USD,-1857000,3593000,-15215000,0,-322000,13612000,21000,None,0,6120000,7723000,-40373000,11178000,0,13913000,179000,29033000,44990000,13358000,-11844000,None,6120000,110.33,108.45
