,fiscalDateEnding,reportedCurrency_x,totalRevenue,totalOperatingExpense,costOfRevenue,grossProfit,ebit,netIncome_x,researchAndDevelopment,effectOfAccountingCharges,incomeBeforeTax,minorityInterest,sellingGeneralAdministrative,otherNonOperatingIncome,operatingIncome,otherOperatingExpense,interestExpense,taxProvision,interestIncome,netInterestIncome,extraordinaryItems,nonRecurring,otherItems,incomeTaxExpense,totalOtherIncomeExpense,discontinuedOperations,netIncomeFromContinuingOperations,netIncomeApplicableToCommonShares,preferredStockAndOtherAdjustments,reportedCurrency_y,totalAssets,intangibleAssets,earningAssets,otherCurrentAssets,totalLiabilities,totalShareholderEquity,deferredLongTermLiabilities,otherCurrentLiabilities,commonStock,retainedEarnings,otherLiabilities,goodwill,otherAssets,cash,totalCurrentLiabilities,shortTermDebt,currentLongTermDebt,otherShareholderEquity,propertyPlantEquipment,totalCurrentAssets,longTermInvestments,netTangibleAssets,shortTermInvestments,netReceivables,longTermDebt,inventory,accountsPayable,totalPermanentEquity,additionalPaidInCapital,commonStockTotalEquity,preferredStockTotalEquity,retainedEarningsTotalEquity,treasuryStock,accumulatedAmortization,otherNonCurrrentAssets,deferredLongTermAssetCharges,totalNonCurrentAssets,capitalLeaseObligations,totalLongTermDebt,otherNonCurrentLiabilities,totalNonCurrentLiabilities,negativeGoodwill,warrants,preferredStockRedeemable,capitalSurplus,liabilitiesAndShareholderEquity,cashAndShortTermInvestments,accumulatedDepreciation,commonStockSharesOutstanding,reportedCurrency,investments,changeInLiabilities,cashflowFromInvestment,otherCashflowFromInvestment,netBorrowings,cashflowFromFinancing,otherCashflowFromFinancing,changeInOperatingActivities,netIncome_y,changeInCash,operatingCashflow,otherOperatingCashflow,depreciation,dividendPayout,stockSaleAndPurchase,changeInInventory,changeInAccountReceivables,changeInNetIncome,capitalExpenditures,changeInReceivables,changeInExchangeRate,changeInCashAndCashEquivalents,clossingVal,nextClossingVal
0,2020-06-30,USD,331587000,142033000,234180000,97407000,-46564000,-61635000,67090000,None,-59000000,None,61917000,-1938000,-44626000,4585000,12436000,2635000,54000,-12382000,None,8441000,None,2635000,-10433000,None,-61635000,-61635000,None,USD,1595858000,143762000,None,168052000,1169016000,329854000,5564000,95932000,187000,-1481444000,129804000,251050000,42731000,207089000,562053000,27726000,27726000,-27566000,205908000,952407000,None,32030000,None,289107000,508459000,288159000,438395000,None,None,187000,None,-1481444000,None,None,248639000,None,643451000,83806000,508459000,92940000,606963000,None,None,None,1838677000,1595858000,207089000,None,187229000,USD,-10538000,-32859000,-10538000,None,-8365000,-14562000,-6201000,-36073000,-61635000,-61672000,-36572000,-7147000,33209000,None,4000,32427000,-16249000,15682000,10538000,-16249000,None,-61672000,5.92,
1,2020-03-31,USD,330273000,392351000,253307000,76966000,-64093000,-99268000,68180000,None,-98332000,None,66309000,None,-62078000,None,8794000,936000,24000,-8770000,None,None,None,936000,-27484000,None,-99268000,-99268000,None,USD,1667131000,155356000,None,4126000,1305412000,361719000,None,None,183000,-1419809000,127874000,239412000,44155000,261534000,605441000,None,31680000,-46139000,210729000,1017479000,None,-33049000,None,272278000,509564000,319696000,203277000,None,None,None,None,None,None,None,44155000,None,649652000,82280000,511677000,65746000,699971000,None,None,None,1827484000,None,261534000,None,182000000,USD,-8464000,-80393000,-8464000,None,249401000,255021000,-1775000,-50827000,-99268000,150671000,-91517000,None,25445000,None,7395000,17737000,70238000,19820000,8464000,None,None,None,5.3,5.92
2,2019-12-31,USD,384567000,172277000,273161000,111406000,-57811000,-66594000,68632000,None,-66765000,None,67993000,3060000,-60871000,6617000,8946000,-163000,59000,-8887000,None,29035000,None,-163000,-25196000,None,-66602000,-66594000,None,USD,1628338000,170346000,None,139217000,1139132000,386535000,8700000,103753000,181000,-1319891000,136202000,249848000,46439000,113540000,715319000,31673000,31673000,-34639000,218874000,942831000,None,69012000,0,349645000,323678000,340429000,579893000,None,None,181000,None,-1319891000,None,None,265313000,None,685507000,86090000,323678000,91435000,423813000,None,None,None,1740884000,1628338000,113540000,None,181134000,USD,-2649000,108636000,-2649000,-778000,23270000,23237000,-33000,1700000,-66594000,10398000,-10190000,-28778000,33698000,None,12053000,-19501000,-62916000,25265000,1871000,-62916000,None,10398000,7.94,5.3
3,2019-09-30,USD,325341000,156116000,238512000,86829000,-75351000,-84767000,71748000,None,-83219000,None,63377000,-6064000,-69287000,6861000,7868000,1548000,131000,-7737000,None,14130000,None,1548000,-20325000,None,-84767000,-84767000,None,USD,1506271000,184183000,None,118502000,980421000,426699000,9146000,72870000,181000,-1253297000,135928000,234485000,39201000,94804000,558327000,6939000,6939000,-50060000,156570000,822599000,None,107182000,0,284448000,318916000,324845000,478518000,None,None,181000,None,-1253297000,None,None,108434000,None,683672000,85333000,318916000,94032000,422094000,None,None,None,1729875000,1506271000,94804000,None,180595000,USD,1499000,30040000,-10270000,778000,28525000,32799000,-39000,-4233000,-84767000,-14664000,-37193000,-6346000,33900000,None,4313000,7301000,-27695000,10374000,12547000,-27695000,None,-14664000,5.45,7.94
4,2019-06-30,USD,296250000,169640000,234994000,61256000,-104991000,-113656000,73937000,None,-112271000,None,73323000,3393000,-108384000,6745000,7280000,1385000,183000,-6587000,None,15635000,None,1385000,-12425000,None,-113656000,-113656000,None,USD,1514019000,200991000,None,109817000,910395000,515070000,10094000,78417000,179000,-1168530000,122203000,229281000,37562000,111776000,532432000,3720000,3720000,-32236000,159210000,822235000,None,173352000,1497000,260352000,284270000,338793000,454015000,None,None,179000,None,-1168530000,None,None,102302000,None,691784000,79814000,284270000,83599000,377963000,None,None,None,1715657000,1514019000,113273000,None,179339000,USD,15552000,47832000,6358000,16094000,-96000,-450000,-354000,-10939000,-113656000,-57905000,-63813000,-44865000,35835000,None,7740000,-5703000,5462000,11282000,9194000,5462000,None,-57905000,2.91,5.45
5,2019-03-31,USD,292707000,178120000,226275000,66432000,-113845000,-121601000,73660000,None,-121400000,None,73081000,-2157000,-111688000,7057000,7563000,193000,766000,-6797000,None,24322000,None,193000,-27245000,None,-121593000,-121601000,None,USD,1574951000,215964000,None,87871000,897703000,617299000,42150000,95344000,177000,-1054874000,126540000,221517000,35291000,171930000,491425000,18240000,18240000,-30714000,161146000,875435000,None,239767000,16022000,267117000,279738000,332495000,396081000,None,None,177000,None,-1054874000,None,None,100889000,None,699516000,78189000,279738000,84390000,406278000,None,None,None,1702710000,1574951000,187952000,None,177415000,USD,10542000,-48578000,-6048000,-10000000,8584000,16324000,-124000,-25491000,-121601000,-45878000,-56154000,43167000,35553000,None,7740000,-24937000,49754000,10488000,6590000,49754000,None,-45878000,4.34,2.91
6,2018-12-31,USD,1275437000,198728000,247554000,84504000,-119750000,-133467000,78805000,0,-133442000,0,64293000,-5526000,-114224000,29296000,13705000,12000,None,None,0,26334000,0,12000,-48145000,0,-133454000,-133467000,None,USD,1801270000,233119000,None,85400000,872143000,703821000,13347000,88534000,175000,-956970000,134115000,227231000,41003000,216183000,502867000,None,None,-25300000,342820000,957097000,None,468777000,26511000,317115000,266929000,311888000,414333000,None,None,175000,None,-956970000,None,None,41003000,None,844173000,None,266929000,89000000,369276000,None,None,None,1685916000,1801270000,242694000,None,175452000,USD,4000000,-9516000,-109564000,-102899000,-1211000,-1262000,-51000,-4488000,-133467000,-182380000,-71554000,-6052000,59258000,None,17693000,-7691000,6617000,19297000,10665000,6617000,None,-182380000,3.99,4.34
7,2018-09-30,USD,200413000,95337000,130234000,70179000,-30315000,-32610000,50658000,0,-32500000,0,44488000,-5157000,-25158000,0,2160000,None,None,None,0,191000,0,135000,-7515000,0,-32635000,-32610000,None,USD,1247398000,66144000,None,43756000,543081000,704317000,30767000,42724000,154000,-823503000,61991000,180986000,11007000,416406000,218510000,None,None,-19785000,131923000,856488000,850000,457187000,30480000,153901000,262580000,211945000,175786000,0,0,154000,0,-823503000,0,None,11007000,None,390910000,None,262580000,31224000,324571000,None,None,None,1547451000,1247398000,446886000,None,153988000,USD,30975000,-16692000,25451000,0,391431000,349049000,-49009000,-14034000,-32610000,354089000,-20411000,-6566000,18769000,0,6627000,7777000,-5713000,14624000,5524000,-5713000,None,354089000,7.3,3.99
8,2018-06-30,USD,208227000,105924000,123922000,84305000,-19561000,-21938000,56158000,0,-22100000,0,48086000,2058000,-21619000,0,2501000,None,None,None,0,1680000,0,-124000,-2149000,0,-21976000,-21938000,None,USD,940980000,71795000,None,46102000,303568000,637412000,31179000,54556000,153000,-790893000,62465000,179165000,11026000,63308000,241103000,None,None,-21984000,136769000,535639000,6586000,386452000,58860000,148026000,0,219343000,186547000,0,0,153000,0,-790893000,0,None,11026000,None,405341000,None,None,31286000,62465000,None,None,None,1450136000,940980000,122168000,None,152940000,USD,71058000,-6206000,57574000,6167000,-150000000,-150445000,-867000,-6295000,-21938000,-85880000,6991000,2060000,18328000,0,422000,-6374000,8913000,12208000,13484000,8913000,None,-85880000,9.93,7.3
9,2018-03-31,USD,202681000,106846000,120513000,82168000,-23275000,-26280000,58681000,0,-26958000,0,48328000,1403000,-24678000,0,3683000,None,None,None,0,-163000,0,-678000,-2134000,0,-26280000,-26280000,None,USD,1132657000,83958000,None,44362000,461448000,671209000,32579000,58460000,151000,-768955000,64378000,192562000,11335000,151436000,397070000,147946000,147946000,1313000,135196000,686113000,23493000,394689000,112886000,161541000,0,215888000,190664000,0,0,151000,0,-768955000,0,None,11335000,None,446544000,None,None,31799000,64378000,None,None,None,1438700000,1132657000,264322000,None,151163000,USD,47182000,18398000,39163000,3674000,-150000000,10547000,-97000,-10131000,-26280000,35601000,-14109000,-3950000,19994000,0,10644000,-2329000,-30928000,10986000,8019000,-30928000,None,35601000,10.86,9.93
10,2017-12-31,USD,195816000,117793000,148530000,47286000,-71347000,-73985000,55223000,0,-74976000,0,46464000,-840000,-70507000,0,3609000,None,None,None,0,16106000,0,-971000,-45898000,0,-74005000,-73985000,None,USD,1117670000,92188000,None,42596000,452305000,665365000,44111000,72421000,149000,-758081000,56020000,195615000,333791000,116889000,374676000,144928000,144928000,6254000,135942000,647937000,36129000,377562000,147596000,126152000,0,214704000,157327000,665365000,1417043000,149000,0,-758081000,0,None,9859000,None,469733000,None,None,33518000,77629000,None,None,None,1417043000,1117670000,264485000,None,149471000,USD,2940000,-18400000,-4947000,-93000,240220000,-71000,-71000,-22589000,-73985000,-6027000,-1009000,7172000,19653000,0,-471000,12328000,25849000,41452000,7794000,10771000,330000,-5697000,6.33,10.86
11,2017-09-30,USD,192580000,102074000,124754000,67826000,-33471000,-37231000,56616000,0,-37000000,0,45458000,777000,-34248000,0,3549000,None,None,None,0,16106000,0,211000,74000,0,-37211000,-37231000,None,USD,1191099000,99953000,None,50320000,459161000,731938000,45178000,65328000,149000,-684096000,54258000,197325000,360480000,122782000,381519000,141985000,141985000,8949000,143217000,687402000,54575000,434660000,134319000,137133000,0,242848000,174206000,0,0,149000,0,-684096000,0,None,8627000,None,503697000,None,None,32464000,77642000,None,None,None,1406936000,1191099000,257101000,None,149305000,USD,25105000,1169000,15473000,1415000,-150000000,6736000,-140000,-13493000,-37231000,1311000,-20898000,-7239000,19763000,0,6876000,3099000,15078000,12092000,11047000,-12551000,911000,2222000,8.87,6.33
12,2017-06-30,USD,176821000,105337000,111989000,64832000,-39895000,-42839000,57377000,0,-43351000,0,47960000,610000,-40505000,0,3456000,None,None,None,0,-32212000,0,-512000,-64000,0,-42839000,-42839000,None,USD,1192618000,102933000,None,42885000,455031000,737587000,47908000,64723000,148000,-646865000,56603000,189989000,378258000,121243000,374243000,139115000,139115000,-3741000,142424000,671936000,76105000,444665000,137929000,123903000,0,245976000,170405000,0,0,148000,0,-646865000,0,None,9231000,None,520682000,None,None,32880000,80788000,None,None,None,1388045000,1192618000,259172000,None,148189000,USD,12890000,21151000,-10219000,1348000,None,5755000,4448000,1562000,-42839000,-7512000,-3048000,-2360000,19585000,0,1307000,-12374000,27629000,12526000,24457000,1263000,1674000,-5838000,10.67,8.87
13,2017-03-31,USD,175522000,101883000,111466000,64056000,-37206000,-40451000,55083000,0,-40609000,0,46800000,621000,-37827000,0,3403000,None,None,None,0,16106000,0,-158000,-2782000,0,-40451000,-40451000,None,USD,1180363000,103673000,None,40133000,431601000,748762000,49081000,66364000,147000,-604026000,64641000,179670000,380361000,133566000,206299000,None,None,-22189000,129007000,670995000,87903000,465419000,139113000,124325000,136316000,233858000,139935000,0,0,147000,0,-604026000,0,None,9115000,None,509368000,None,136316000,39905000,225302000,None,None,None,1374830000,1180363000,272679000,None,146515000,USD,-37743000,-6662000,-50860000,1626000,None,9662000,325000,-5767000,-40451000,-38168000,3030000,-5767000,18801000,-471000,9337000,-326000,26366000,11069000,14743000,26366000,1185000,-36983000,10.23,10.67
14,2016-12-31,USD,181043000,114900000,112011000,69032000,-37036000,-36253000,67750000,0,-40279000,0,47150000,8832000,-45868000,0,3243000,None,None,None,0,16106000,0,-4026000,-13718000,0,-36253000,-36253000,None,USD,1198583000,108475000,None,34270000,436255000,762328000,44689000,58900000,145000,-563575000,60809000,176760000,343360000,171131000,216533000,133586000,133586000,-28324000,124800000,730423000,47779000,477093000,141697000,150370000,133586000,232955000,157633000,762328000,1354082000,145000,0,-563575000,0,None,10346000,None,468160000,None,133586000,41447000,219722000,None,None,None,1354082000,1198583000,312828000,None,145021000,USD,47767000,4672000,38176000,866000,240220000,932000,-230000,-16513000,-36253000,34081000,-5027000,-12859000,18531000,0,-15609000,-3017000,33895000,23048000,10457000,851000,-2436000,31645000,8.49,10.23
15,2016-09-30,USD,185452000,95461000,100850000,84602000,-10400000,-11172000,50855000,0,-13713000,-125000,44606000,459000,-10859000,0,3313000,None,None,None,0,0,0,-2416000,441000,0,-11297000,-11172000,None,USD,1236459000,133939000,None,30520000,428145000,808314000,49788000,38063000,145000,-527322000,59276000,187927000,424468000,140696000,206526000,None,None,-6010000,120137000,691854000,91939000,486448000,136643000,152467000,130924000,231528000,168463000,808314000,0,145000,0,-527322000,0,None,10663000,None,544605000,None,130924000,40907000,221619000,None,None,None,1341501000,1236459000,277339000,None,144536000,USD,-7126000,-21926000,-21616000,-4890000,None,9640000,18511000,None,-11297000,-6772000,5204000,-1297000,18662000,-16771000,-8871000,-29774000,33044000,10388000,9600000,40448000,-612000,-7384000,9.03,8.49
16,2016-06-30,USD,258822000,107664000,135076000,123746000,15963000,11483000,59541000,0,12787000,-171000,48123000,-119000,16082000,0,3176000,None,None,None,0,0,0,1475000,-448000,0,11312000,11483000,None,USD,1271774000,142108000,None,29210000,449513000,807729000,52935000,47277000,143000,-515915000,61105000,189982000,444083000,163322000,226816000,None,None,-1737000,120095000,707596000,102444000,475639000,119370000,193414000,128328000,202280000,179539000,822261000,0,143000,0,-515915000,0,None,9549000,None,564178000,None,128328000,41434000,222697000,None,None,None,1325238000,1271774000,282692000,None,143131000,USD,-31703000,12595000,-44167000,-30000,None,-24781000,-25580000,None,11312000,-40727000,28221000,-54000,18009000,0,799000,-15149000,7404000,11077000,12434000,-9569000,-867000,-41594000,11.28,9.03
17,2016-03-31,USD,244818000,101467000,128480000,116338000,15179000,12015000,54145000,0,12024000,-207000,47322000,308000,14871000,0,3155000,None,None,None,0,0,0,216000,-2847000,0,11808000,12015000,None,USD,1243364000,151311000,None,29689000,437361000,791300000,53827000,48285000,141000,-527398000,59255000,193498000,449160000,179974000,216874000,None,None,4774000,115372000,678832000,94988000,446491000,95116000,184309000,125796000,189744000,168589000,0,0,141000,0,-527398000,0,None,9363000,None,564532000,None,125796000,40864000,220487000,None,None,None,1313783000,1243364000,275090000,None,141425000,USD,26366000,-13168000,15492000,-30000,None,5343000,-2444000,None,11808000,30814000,9979000,-274000,17616000,0,7787000,-16155000,2165000,7987000,10844000,2165000,59000,30873000,16.06,11.28
18,2015-12-31,USD,260034000,101975000,144270000,115764000,14866000,12631000,52559000,0,11776000,-463000,49416000,1077000,13789000,0,3090000,None,None,None,0,16106000,0,-392000,-1804000,0,12168000,12631000,None,USD,1226294000,156319000,None,29511000,449233000,762151000,49612000,42977000,140000,-539413000,51019000,191560000,450318000,149101000,237043000,123327000,123327000,1123000,110861000,665115000,91007000,414272000,125561000,186243000,125440000,174699000,194066000,0,0,140000,0,-539413000,0,None,11432000,None,561179000,None,125440000,37138000,212190000,None,None,None,1300301000,1226294000,274662000,None,140197000,USD,67657000,38541000,-40580000,287710000,240220000,2593000,675000,5200000,12168000,-12171000,25816000,2810000,16603000,0,1918000,-8215000,-15971000,8718000,68728000,-44809000,169000,-12002000,18.12,16.06
19,2015-09-30,USD,232472000,88545000,129667000,102805000,11373000,8510000,45466000,0,8359000,0,43079000,-2887000,14260000,0,3014000,None,None,None,0,0,0,-151000,-8285000,0,8510000,8510000,None,USD,1159591000,162082000,None,31780000,406676000,737543000,54742000,31411000,140000,-552044000,87968000,190119000,430309000,161103000,195486000,None,None,360000,98720000,630562000,65922000,385342000,126218000,141586000,123222000,169875000,164075000,0,0,140000,0,-552044000,0,None,12186000,None,529029000,None,123222000,33226000,211190000,None,None,None,1289087000,1159591000,287321000,None,139785000,USD,78539000,16398000,-75628000,-143555000,None,6463000,-482000,None,8510000,-36675000,32490000,-4978000,12206000,0,6945000,3873000,28838000,12783000,10612000,-16302000,-240000,-36915000,19.55,18.12
