,fiscalDateEnding,reportedCurrency_x,totalRevenue,totalOperatingExpense,costOfRevenue,grossProfit,ebit,netIncome_x,researchAndDevelopment,effectOfAccountingCharges,incomeBeforeTax,minorityInterest,sellingGeneralAdministrative,otherNonOperatingIncome,operatingIncome,otherOperatingExpense,interestExpense,taxProvision,interestIncome,netInterestIncome,extraordinaryItems,nonRecurring,otherItems,incomeTaxExpense,totalOtherIncomeExpense,discontinuedOperations,netIncomeFromContinuingOperations,netIncomeApplicableToCommonShares,preferredStockAndOtherAdjustments,reportedCurrency_y,totalAssets,intangibleAssets,earningAssets,otherCurrentAssets,totalLiabilities,totalShareholderEquity,deferredLongTermLiabilities,otherCurrentLiabilities,commonStock,retainedEarnings,otherLiabilities,goodwill,otherAssets,cash,totalCurrentLiabilities,shortTermDebt,currentLongTermDebt,otherShareholderEquity,propertyPlantEquipment,totalCurrentAssets,longTermInvestments,netTangibleAssets,shortTermInvestments,netReceivables,longTermDebt,inventory,accountsPayable,totalPermanentEquity,additionalPaidInCapital,commonStockTotalEquity,preferredStockTotalEquity,retainedEarningsTotalEquity,treasuryStock,accumulatedAmortization,otherNonCurrrentAssets,deferredLongTermAssetCharges,totalNonCurrentAssets,capitalLeaseObligations,totalLongTermDebt,otherNonCurrentLiabilities,totalNonCurrentLiabilities,negativeGoodwill,warrants,preferredStockRedeemable,capitalSurplus,liabilitiesAndShareholderEquity,cashAndShortTermInvestments,accumulatedDepreciation,commonStockSharesOutstanding,reportedCurrency,investments,changeInLiabilities,cashflowFromInvestment,otherCashflowFromInvestment,netBorrowings,cashflowFromFinancing,otherCashflowFromFinancing,changeInOperatingActivities,netIncome_y,changeInCash,operatingCashflow,otherOperatingCashflow,depreciation,dividendPayout,stockSaleAndPurchase,changeInInventory,changeInAccountReceivables,changeInNetIncome,capitalExpenditures,changeInReceivables,changeInExchangeRate,changeInCashAndCashEquivalents,clossingVal,nextClossingVal
0,2020-06-30,USD,71691000,35100000,-38942000,32749000,3525000,2580000,3290000,None,3525000,None,31810000,5876000,-2351000,-32749000,None,945000,176000,176000,None,None,None,945000,5700000,None,2580000,2580000,None,USD,458121000,73253000,None,16544000,107007000,351114000,87000,8089000,22000,82425000,47700000,32957000,18162000,214086000,50614000,None,None,318000,21530000,302765000,None,244904000,4549000,31406000,None,36180000,42525000,None,None,22000,None,82425000,None,None,13848000,None,13768000,10516000,None,56306000,56393000,None,None,None,268349000,458121000,218635000,-45381000,22065961,USD,-4548000,-6069000,-8048000,-2650000,None,61000,-65000,-5435000,2580000,5543000,13530000,-1042000,4480000,None,126000,394000,9112000,4075000,850000,9112000,None,5543000,35.52,
1,2020-03-31,USD,88489000,40545000,-50123000,38366000,-1687000,-1589000,3605000,None,-1687000,None,36940000,492000,-2179000,-38366000,None,-98000,552000,552000,None,None,None,-98000,-60000,None,-1589000,-1589000,None,USD,459121000,75282000,None,13868000,111821000,347300000,85000,7820000,22000,79845000,46860000,32912000,20154000,208362000,55845000,None,None,422000,19667000,302989000,None,239106000,0,43159000,None,37600000,48025000,None,None,22000,None,79845000,None,None,13619000,14652000,156132000,10979000,None,55891000,55976000,None,None,None,267011000,459121000,208362000,-45824000,22044527,USD,11051000,5298000,8899000,-673000,None,975000,-173000,2187000,-1589000,10414000,540000,3851000,4462000,None,1148000,-3721000,-10511000,2750000,1479000,-10511000,None,10414000,51.66,35.52
2,2019-12-31,USD,78917000,39243000,-44995000,33922000,-4237000,-1375000,3628000,None,-4237000,None,35615000,1084000,-5321000,-33922000,None,-2862000,835000,835000,None,None,None,-2862000,249000,None,-1375000,-1375000,None,USD,447339000,77533000,None,10160000,102718000,344621000,87000,7492000,22000,81434000,47835000,32954000,19340000,198037000,50181000,None,None,-87000,19438000,292219000,None,234134000,11057000,37301000,None,35664000,42689000,None,None,22000,None,81434000,None,None,10743000,14452000,155120000,6716000,None,52450000,52537000,None,None,None,263252000,447339000,209094000,-44856000,22031410,USD,33445000,-527000,31452000,-1125000,None,982000,-91000,1446000,-1375000,41823000,9389000,5790000,4618000,None,1073000,-2400000,2402000,881000,868000,2402000,None,41823000,68.33,51.66
3,2019-09-30,USD,91761000,35208000,-48446000,43315000,8753000,6863000,2636000,None,8753000,None,32572000,646000,8107000,-43315000,None,1890000,1149000,1149000,None,None,None,1890000,-503000,None,6863000,6863000,None,USD,444732000,79536000,None,11072000,101586000,343146000,221000,8028000,22000,82809000,46420000,33277000,15840000,156131000,50043000,None,None,244000,19888000,289836000,None,230333000,44514000,44047000,None,34072000,42015000,None,None,22000,None,82809000,None,None,11019000,11176000,154896000,7316000,None,51322000,51543000,None,None,None,260071000,444732000,200645000,-43998000,21998374,USD,-2330000,3168000,-73677000,-71045000,None,1329000,-52000,230000,6863000,-57747000,14601000,5709000,3662000,None,1381000,-9472000,626000,4045000,302000,626000,None,-57747000,47.91,68.33
4,2019-06-30,USD,101063000,38070000,-50848000,50215000,13684000,10160000,1468000,None,13684000,None,36602000,1539000,12145000,-50215000,None,3524000,1394000,1394000,None,None,None,3524000,145000,None,10160000,10160000,None,USD,403773000,3127000,None,10621000,69975000,333798000,230000,7622000,22000,75946000,19157000,2242000,30856000,213947000,46362000,None,None,653000,21361000,340726000,None,328429000,42202000,49471000,None,24485000,38740000,None,None,22000,None,75946000,None,None,10254000,26063000,63047000,6462000,None,23383000,23613000,None,None,None,257177000,403773000,256149000,-43002000,21933669,USD,6832000,1625000,5116000,-676000,None,172000,-71000,-2786000,10160000,23715000,18427000,4089000,2760000,None,243000,4433000,-10218000,5578000,1040000,-10218000,None,23715000,66.76,47.91
5,2019-03-31,USD,90202000,39551000,-45793000,44409000,6072000,5302000,1669000,None,6072000,None,37882000,1214000,4858000,-44409000,None,770000,1334000,1334000,None,None,None,770000,-120000,None,5302000,5302000,None,USD,388195000,3411000,None,9609000,66301000,321894000,227000,7344000,22000,65786000,17629000,2212000,32882000,190236000,43752000,2061000,2061000,860000,21998000,321756000,None,316271000,49011000,44080000,4920000,28820000,36408000,None,None,22000,None,65786000,None,None,9522000,29296000,66439000,6981000,None,22322000,22549000,None,None,None,255226000,388195000,239247000,-42709000,21931342,USD,-5283000,-6655000,-6948000,-732000,None,2446000,-714000,-5766000,5302000,-6326000,-1824000,3704000,2794000,None,3160000,-2897000,-9517000,5445000,933000,-9517000,None,-6326000,95.37,66.76
6,2018-12-31,USD,86531000,38795000,-42961000,43570000,5823000,10045000,1742000,0,5823000,0,37053000,1048000,4775000,-43570000,0,None,None,None,0,0,0,-4222000,1048000,0,10045000,10045000,None,USD,375898000,3755000,None,7467000,65474000,310424000,232000,4451000,22000,60484000,18889000,2257000,32962000,196634000,46585000,None,None,724000,22341000,314583000,None,304412000,43715000,39696000,None,27071000,42134000,None,None,22000,None,60484000,None,None,2832000,30130000,61315000,None,None,18657000,18889000,None,None,None,249194000,375898000,240349000,-42293000,21778632,USD,3873000,-3755000,2000000,-1070000,None,6087000,-105000,184000,10045000,20424000,12337000,7543000,2774000,None,6192000,2856000,-6730000,-396000,803000,-6730000,None,20424000,124.17,95.37
7,2018-09-30,USD,95291000,38417000,-46478000,48813000,11299000,16432000,2096000,0,11299000,0,36321000,903000,10396000,-48813000,0,None,None,None,0,0,0,-5133000,903000,0,16432000,16432000,None,USD,357112000,4103000,None,8467000,65848000,291264000,338000,3549000,21000,50439000,19718000,2288000,28156000,176282000,46130000,None,None,703000,23015000,299550000,None,284873000,47574000,36606000,0,30621000,42581000,0,0,21000,0,50439000,0,None,1874000,26282000,57562000,None,None,19380000,19718000,None,None,None,240101000,357112000,223856000,-43661000,21503012,USD,-5503000,-622000,-9519000,-1317000,None,5006000,-801000,871000,16432000,9864000,14377000,2884000,2712000,0,5807000,-3758000,-1753000,-1518000,2699000,-1753000,None,9493000,244.12,124.17
8,2018-06-30,USD,97238000,34449000,-48768000,48470000,13646000,14610000,1775000,0,13646000,0,32674000,-375000,14021000,-48470000,0,None,None,None,0,0,0,-964000,-375000,0,14610000,14610000,None,USD,332636000,4093000,None,7048000,65730000,266906000,340000,3383000,21000,34007000,18498000,2304000,21273000,166344000,47232000,None,None,999000,21972000,282994000,None,260509000,42068000,40127000,0,27407000,43849000,0,0,21000,0,34007000,0,None,537000,20736000,49642000,None,None,18158000,18498000,None,None,None,231879000,332636000,208412000,-44343000,21321543,USD,-8037000,10158000,-11457000,-954000,None,2058000,None,1177000,14610000,11624000,21023000,2708000,2816000,0,2058000,-4743000,-8274000,3748000,2466000,-8274000,436000,12060000,186.33,244.12
9,2018-03-31,USD,79051000,29027000,-41324000,37727000,9687000,10758000,1416000,0,9687000,0,27611000,987000,8700000,-37727000,0,None,None,None,0,0,0,-1071000,987000,0,10758000,10758000,None,USD,299882000,4456000,None,4113000,53545000,246337000,10749000,3152000,21000,19397000,15878000,2430000,21044000,154284000,37667000,None,None,284000,20898000,251054000,None,239451000,34012000,35680000,0,22965000,34515000,0,0,21000,0,19397000,0,None,610000,20434000,48828000,None,None,5129000,15878000,None,None,None,226635000,299882000,188296000,-43909000,21214662,USD,-3040000,5284000,-5989000,-874000,None,5145000,-302000,-382000,10758000,11396000,12240000,4764000,2993000,0,5447000,-4327000,-9206000,1974000,2075000,-9206000,-65000,11331000,122.84,186.33
10,2017-12-31,USD,63787000,25566000,-33031000,30756000,5794000,-606000,1369000,0,5794000,0,24197000,604000,5190000,-30756000,0,None,None,None,0,0,0,6400000,511000,0,-606000,-606000,None,USD,275072000,4717000,None,2945000,48031000,227041000,9750000,3533000,21000,8639000,13797000,2363000,26481000,142953000,33886000,None,None,272000,20103000,228488000,None,219961000,30991000,32757000,0,18842000,30353000,0,0,21000,0,8639000,0,None,765000,18636000,46584000,None,None,4395000,14145000,None,None,None,218109000,275072000,173944000,-44465000,20976350,USD,2399000,-383000,-3041000,-4609000,None,3282000,None,3076000,-606000,13249000,13008000,4535000,3045000,0,3282000,-2413000,-18263000,10267000,831000,-1437000,11000,13260000,119.08,122.84
11,2017-09-30,USD,69030000,24838000,-35860000,33170000,8817000,7338000,1375000,0,8817000,0,23463000,485000,8332000,-33170000,0,None,None,None,0,0,0,1479000,-184000,0,7338000,7338000,None,USD,269841000,1650000,None,3544000,48555000,221286000,9036000,3646000,21000,9245000,12708000,2330000,29111000,129693000,35433000,None,None,203000,20951000,219779000,None,217306000,33395000,36292000,0,16855000,31787000,0,0,21000,0,9245000,0,None,512000,24619000,50062000,None,None,4086000,13122000,None,None,None,211817000,269841000,163088000,-44788000,20851696,USD,-3884000,5339000,-5828000,-830000,None,3411000,-302000,2514000,7338000,14958000,17375000,2617000,2936000,0,3411000,-1327000,16826000,4929000,1114000,-4457000,24000,14982000,95.1,119.08
12,2017-06-30,USD,64121000,23070000,-32554000,31567000,9166000,8338000,1260000,0,9166000,0,21810000,669000,8497000,-31567000,0,None,None,None,0,0,0,828000,361000,0,8338000,8338000,None,USD,251230000,1684000,None,2415000,43453000,207777000,8324000,3585000,21000,1907000,10863000,2253000,30422000,114711000,32190000,None,None,-34000,21961000,198847000,None,203840000,29498000,36303000,0,15920000,28605000,0,0,21000,0,1907000,0,None,493000,25992000,52383000,None,None,2939000,11263000,None,None,None,205883000,251230000,144209000,-43886000,20709797,USD,-6369000,7335000,-11796000,-5051000,None,4508000,-302000,1981000,8338000,9611000,16899000,3480000,3117000,0,4508000,-2203000,12369000,4186000,376000,-7354000,-5000,9606000,95.42,95.1
13,2017-03-31,USD,52500000,20173000,-26756000,25744000,5879000,5932000,1309000,0,5879000,0,18864000,308000,5571000,-25744000,0,None,None,None,0,0,0,-53000,308000,0,5932000,5932000,None,USD,227629000,214000,None,2814000,34854000,192775000,7142000,2760000,20000,-6431000,9565000,0,27327000,105105000,25289000,None,None,26000,23798000,176504000,None,192561000,23135000,31489000,0,13961000,22529000,0,0,20000,0,-6431000,0,None,405000,26708000,51125000,None,None,2423000,9565000,None,None,None,199160000,227629000,128240000,-42851000,20559077,USD,-2038000,2884000,-3765000,-1134000,None,2803000,None,-886000,5932000,12250000,13212000,2620000,3204000,0,2803000,49000,5015000,3538000,593000,-5015000,4000,12254000,77.56,95.42
14,2016-12-31,USD,50851000,18517000,-26163000,24688000,5834000,9557000,1216000,0,5834000,0,17301000,-337000,6171000,-24688000,-7000,None,None,None,0,0,0,-3723000,1935000,0,9557000,9557000,None,USD,214049000,241000,None,2057000,31961000,182088000,7042000,2239000,20000,-12363000,9116000,0,27305000,92851000,22845000,None,None,-35000,25199000,161545000,None,181847000,21033000,31261000,0,14343000,20606000,0,0,20000,0,-12363000,0,None,410000,26654000,52504000,None,None,2074000,9116000,None,None,None,194466000,214049000,113884000,-42016000,20389860,USD,1223000,-6640000,-550000,-6126000,-80000,2294000,None,1514000,9557000,6926000,5182000,4247000,3268000,0,2374000,1762000,-32738000,-86000,4353000,-6926000,-84000,6842000,67.17,77.56
15,2016-09-30,USD,54422000,19731000,-29294000,25128000,5450000,3455000,1350000,0,5449000,0,18381000,53000,5397000,-25128000,1000,None,None,None,0,0,0,1994000,29000,0,3455000,3455000,None,USD,194791000,268000,None,1909000,38709000,156082000,6343000,2035000,20000,-34146000,8481000,0,9879000,86009000,30228000,80000,80000,6000,26835000,158077000,None,155814000,22331000,31329000,0,16499000,28113000,0,0,20000,0,-34146000,0,None,97000,9514000,36714000,None,None,2138000,8481000,None,None,None,190202000,194791000,108340000,-40485000,20244243,USD,-8719000,3511000,-10689000,-82000,-79000,3084000,None,573000,3455000,1450000,9055000,3913000,3416000,0,3163000,-4240000,25812000,6376000,1888000,-7376000,59000,1509000,59.9,67.17
16,2016-06-30,USD,54567000,18196000,-28352000,26215000,8044000,5142000,1379000,0,8042000,0,16817000,25000,8019000,-26215000,2000,None,None,None,0,0,0,2900000,-100000,0,5142000,5142000,None,USD,182786000,184000,None,2866000,35283000,147503000,5619000,2318000,20000,-37601000,7306000,0,11785000,84500000,27977000,159000,159000,-2000,28440000,142561000,None,147319000,13616000,29065000,0,12514000,25500000,0,0,20000,0,-37601000,0,None,97000,11504000,40225000,None,None,1687000,7306000,None,None,None,185086000,182786000,98116000,-39456000,20068955,USD,87000,5196000,-1630000,1752000,-79000,1821000,None,-231000,5142000,12211000,12020000,5197000,3426000,0,1900000,-2810000,18436000,4819000,3469000,-8950000,-111000,12100000,50.11,59.9
17,2016-03-31,USD,42989000,18002000,-21710000,21279000,3403000,2365000,1168000,0,3400000,0,16834000,126000,3277000,-21279000,3000,None,None,None,0,0,0,1035000,123000,0,2365000,2365000,None,USD,168400000,206000,None,1705000,30211000,138189000,4768000,2212000,20000,-42743000,6167000,0,14776000,72400000,24044000,238000,None,-118000,29644000,123980000,None,137983000,13694000,25906000,0,10275000,21594000,0,0,20000,0,-42743000,0,None,96000,14474000,44420000,None,None,1399000,6167000,None,None,None,181030000,168400000,86094000,-37542000,19877486,USD,3110000,2899000,942000,-1454000,-77000,515000,None,None,2365000,6234000,4777000,-138000,3448000,0,592000,-2170000,9486000,7859000,714000,-9486000,60000,6294000,44.98,50.11
18,2015-12-31,USD,40446000,16564000,-55866000,20038000,3321000,3858000,1226000,0,3317000,0,15338000,-153000,3474000,-36061000,4000,None,None,None,0,0,0,-541000,-319000,0,3858000,3858000,None,USD,161314000,229000,None,1267000,27296000,134018000,4199000,2323000,20000,-45108000,5283000,0,15790000,66106000,22013000,315000,315000,-37000,30680000,114844000,None,133789000,16793000,22030000,0,8648000,19375000,0,0,20000,0,-45108000,0,None,97000,15464000,46470000,None,None,1084000,5283000,None,None,None,179143000,161314000,82899000,-35593000,19782403,USD,2212000,-189000,-476000,-2307000,-76000,-1098000,-4329000,2395000,3858000,10983000,12557000,1431000,3544000,0,619000,597000,-16699000,6764000,381000,-3448000,33000,11016000,40.09,44.98
19,2015-09-30,USD,40778000,15661000,-21403000,19375000,3683000,2696000,1116000,0,3678000,0,14545000,-31000,3714000,-19375000,5000,None,None,None,0,0,0,982000,-74000,0,2696000,2696000,None,USD,157471000,227000,None,2370000,27549000,129922000,3695000,2412000,19000,-48966000,4632000,0,11326000,55090000,22837000,311000,None,None,31709000,114436000,None,129695000,19028000,28591000,80000,9357000,20114000,0,0,19000,0,-48966000,0,None,97000,11002000,43035000,None,80000,937000,4712000,None,None,None,178869000,157471000,74118000,-33875000,19586673,USD,-4788000,-1673000,-6818000,-1478000,-60000,-1767000,None,None,2696000,3268000,11853000,-2647000,3560000,0,981000,-1362000,13251000,12419000,552000,-1140000,None,3268000,48.55,40.09
