,fiscalDateEnding,reportedCurrency_x,totalRevenue,totalOperatingExpense,costOfRevenue,grossProfit,ebit,netIncome_x,researchAndDevelopment,effectOfAccountingCharges,incomeBeforeTax,minorityInterest,sellingGeneralAdministrative,otherNonOperatingIncome,operatingIncome,otherOperatingExpense,interestExpense,taxProvision,interestIncome,netInterestIncome,extraordinaryItems,nonRecurring,otherItems,incomeTaxExpense,totalOtherIncomeExpense,discontinuedOperations,netIncomeFromContinuingOperations,netIncomeApplicableToCommonShares,preferredStockAndOtherAdjustments,reportedCurrency_y,totalAssets,intangibleAssets,earningAssets,otherCurrentAssets,totalLiabilities,totalShareholderEquity,deferredLongTermLiabilities,otherCurrentLiabilities,commonStock,retainedEarnings,otherLiabilities,goodwill,otherAssets,cash,totalCurrentLiabilities,shortTermDebt,currentLongTermDebt,otherShareholderEquity,propertyPlantEquipment,totalCurrentAssets,longTermInvestments,netTangibleAssets,shortTermInvestments,netReceivables,longTermDebt,inventory,accountsPayable,totalPermanentEquity,additionalPaidInCapital,commonStockTotalEquity,preferredStockTotalEquity,retainedEarningsTotalEquity,treasuryStock,accumulatedAmortization,otherNonCurrrentAssets,deferredLongTermAssetCharges,totalNonCurrentAssets,capitalLeaseObligations,totalLongTermDebt,otherNonCurrentLiabilities,totalNonCurrentLiabilities,negativeGoodwill,warrants,preferredStockRedeemable,capitalSurplus,liabilitiesAndShareholderEquity,cashAndShortTermInvestments,accumulatedDepreciation,commonStockSharesOutstanding,reportedCurrency,investments,changeInLiabilities,cashflowFromInvestment,otherCashflowFromInvestment,netBorrowings,cashflowFromFinancing,otherCashflowFromFinancing,changeInOperatingActivities,netIncome_y,changeInCash,operatingCashflow,otherOperatingCashflow,depreciation,dividendPayout,stockSaleAndPurchase,changeInInventory,changeInAccountReceivables,changeInNetIncome,capitalExpenditures,changeInReceivables,changeInExchangeRate,changeInCashAndCashEquivalents,clossingVal,nextClossingVal
0,2020-06-30,USD,267187,33448085,None,267187,-126801283,-128703059,22376575,None,-128270709,-469407,11071510,-93620385,-33180898,None,2846641,0,1067399,-1779242,None,None,None,None,-93310569,None,-128270709,-128703059,None,USD,443185402,3420311,None,6403106,256824933,186264200,32046,20253147,158756,-901029768,120018816,10513371,2555782,215432713,37981975,None,None,-610030,11323531,382062453,2717241,172330518,156231102,3995532,199358788,None,17728828,None,None,158756,None,-901029768,None,None,33148495,None,61122949,21461813,199358788,19452124,218842958,None,None,None,1087745242,443185402,371663815,None,158756411,USD,-39575189,6948994,-42385622,-2774851,171620,126522757,-3736,-1496073,-129172466,56985648,-27151487,1265396,935271,None,126354873,None,-2871516,100624940,35582,-2703530,None,56985648,26.95,
1,2020-03-31,USD,1327274,26559542,None,1327274,-38463176,-32541054,19111188,None,-33135404,-594350,7448354,-13230908,-25232268,None,2803755,0,416569,-2387186,None,None,None,None,-5515950,None,-33135404,-32541054,None,USD,338920684,3557081,None,4269813,151066581,184324904,32046,21011604,145915,-772326709,22381844,10513371,2480087,158447065,32294642,None,None,-1456930,12104410,275543609,21210745,170254452,111550890,1275841,98596325,None,11283038,None,None,145915,None,-772326709,None,None,37202213,None,63377075,21966815,98596325,20143798,118772169,None,None,None,957962628,338920684,269997955,None,145915100,USD,-51667993,-7647448,-51808945,-51667990,171620,213512634,-2072831,-913147,-33135404,136250968,-25452721,-9335145,946329,None,215585465,None,58430,17912579,140952,756276,None,136250968,7.44,26.95
2,2019-12-31,USD,279489,30700541,22003955,279489,-33295212,-37662038,22003956,None,-38235146,-485344,8696585,-2874160,-30421052,None,3258533,-87764,587679,-2081158,None,None,None,-130429,-5732935,None,-38104717,-37662038,None,USD,143951597,3693851,None,2634738,138546739,3435099,None,110691740,101361,-739785655,9124579,10513371,2672024,22196097,31989321,8819023,None,472608,12773017,94200969,6315356,-10772123,67338017,2032117,77022917,None,19035976,None,None,101361,None,-739785655,None,None,22770389,None,49750628,22484764,77022920,36943,106557418,None,None,None,742646785,143951597,89534114,None,101361034,USD,10549218,9877893,10434776,-8057070,4017644,9645432,20250,-893026,-38147382,6342861,-13737347,4923976,1120493,None,5607538,None,76222,8764951,114442,-277278,None,6342861,3.3,7.44
3,2019-09-30,USD,866863,24818650,17237209,866863,-20621940,-23090693,19137209,None,-23536452,-445759,5681441,3329847,-23951787,None,2428671,0,637438,-1791233,None,None,None,None,2206568,None,-23536452,-23090693,None,USD,151533430,3960457,None,3258713,115414698,33693570,26649,4799395,99046,-702123617,4840015,10513371,2731055,15853236,19546853,None,None,700398,13516389,98812541,7996757,19219742,77945753,1754839,74578440,None,14747458,None,None,99046,None,-702123617,None,None,24730672,None,52720889,22964316,74578440,21262756,95867845,None,None,None,735017743,151533430,93798989,None,99046158,USD,8403415,-3932939,8269739,-18606290,14452263,15581012,-3314757,299452,-23536452,-3882707,-27733458,-2757369,1149800,None,1128749,None,-646065,1971175,133676,-627673,None,-3882707,2.05,3.3
4,2019-06-30,USD,135673,28336367,22486266,135673,-27317852,-29387226,22486266,None,-29685847,-191850,5850101,882842,-28200694,None,2194783,-106771,755330,-1439453,None,None,None,-106771,-45700,None,-29579076,-29387226,None,USD,165073296,4227019,None,3410108,108595223,53616904,26649,5399350,98584,-679032924,275041,10513371,2853089,19735943,24079328,None,None,731855,14265951,110509032,6324766,38876514,86235815,1127166,62757286,None,18679978,None,None,98584,None,-679032924,None,None,19233157,None,54564264,23432284,62757286,21732392,84516327,None,None,None,731819389,165073296,105971758,None,98584371,USD,21668694,-5382464,21587617,-27009700,17767020,1294158,-81259,-3635729,-29579076,-1043209,-23924984,3659757,1198881,None,1375417,None,2653034,3226083,81077,2951835,None,-1043209,2.94,2.05
5,2019-03-31,USD,2829905,31364917,24389888,2829905,-28535012,-29219262,24389888,None,-29351667,-69605,6975029,None,-28535012,None,66552,-62800,-780820,-66552,None,None,None,-62800,-750103,None,-29288867,-29219262,None,USD,191165508,4493582,None,2828347,110199257,77909480,24766,3295607,97934,-649645698,230826,10513371,2981270,20779152,27415047,1888804,1888804,290310,15185998,134902998,6430383,62902527,107216498,4079001,60562503,None,24119636,None,None,97934,None,-649645698,None,None,19639176,None,56262510,23879685,60562503,22196941,82784210,None,None,None,727166934,191165508,127995650,None,97934010,USD,-48678396,-5196889,-49337127,-48678400,75658953,78876993,-719397,715791,-29288867,-2914481,-32454347,-2610639,1197470,None,3937437,None,533097,3468635,658731,-24057,None,-2914481,3.73,2.94
6,2018-12-31,USD,2502624,32001788,26365647,2502624,-29668464,-32962394,26365647,0,-32962205,96269,5636141,-169300,-29499164,0,-656000,None,None,None,0,0,0,189,-3463041,0,-32962394,-32962394,None,USD,131113265,4760145,None,2527395,44080858,86936138,None,14184470,97226,-620426436,8781099,10513371,2669998,23693633,35299759,None,None,-528867,15949014,87814824,6381926,71662622,57538852,4054944,None,None,29809055,None,None,97226,None,-620426436,None,None,5693985,None,43298441,None,None,87333,87333,None,None,None,707794215,131113265,81232485,None,97225810,USD,7525624,4031767,7182557,44504930,75658953,14394272,89759,-954665,-32962205,4295811,-17281018,8512349,1318211,None,14304513,None,344398,1474462,343067,344398,None,4295811,4.0,3.73
7,2018-09-30,USD,2000868,28643551,21851858,2000868,-26033031,-25015672,21851858,0,-25015672,96269,6791693,609652,-26642683,0,-656000,None,None,None,0,0,0,0,1627011,0,-25015672,-25015672,None,USD,140696347,5026708,None,28750270,36987173,103612905,0,11493944,94472,-587130576,8989158,10513371,2625659,19397822,27998015,None,None,-281760,16228171,93602784,12699654,103612905,66096567,7025001,0,0,25393560,103709174,0,94472,0,-587130576,0,None,3198516,None,19426687,None,None,99669,99669,None,None,None,690930769,140696347,85494389,None,94472389,USD,14545222,1738889,14418034,0,75658953,14565009,1615147,-2945106,-25015672,4312179,-24670864,-3296377,1194033,0,12949862,0,-1725927,2434648,127188,-1725927,None,4312179,5.56,4.0
8,2018-06-30,USD,24448761,29651930,22462620,24448761,-4546517,-6639125,22462620,0,-6639125,96269,7189310,656652,-5203169,0,-656000,None,None,None,0,0,0,-2169811,-1435956,0,-6639125,-6639125,None,USD,148923066,5293271,None,28393510,37431246,111395551,0,13835948,91474,-562114904,9024975,10513371,2724376,15085643,28406271,None,None,-598386,16868953,101840800,11682295,111395551,80509364,5397791,0,0,23595298,111491820,0,91474,0,-562114904,0,None,2667805,None,19536758,None,None,None,None,None,None,None,674017367,148923066,95595007,None,91474395,USD,-5523268,-25008949,-5984570,0,75658953,2584424,611023,1498536,-6639125,-22423220,-19023074,4032599,1255313,0,1973401,0,4717005,2619625,461302,4717005,None,-22423220,3.92,5.56
9,2018-03-31,USD,1529644,34275766,24577751,1529644,-32561440,-32350828,24577751,0,-30181017,96269,9698015,184682,-32746122,0,0,None,None,None,0,0,0,2169811,2565105,0,-32350828,-32350828,None,USD,173664840,5605667,None,30263745,60570277,112998294,203322,34992682,90705,-555475779,9194934,10513371,2448628,37508863,51375343,None,None,-461136,17486103,123836168,13774903,112998294,75259889,9839048,0,0,25577595,113094563,0,90705,0,-555475779,0,None,3307192,None,20793295,None,None,None,None,None,None,None,668844504,173664840,112768752,None,90704931,USD,27957352,16986754,26803887,0,None,-506403,-506403,1038957,-32350828,13722284,-12575200,-1354360,1301771,0,0,0,-900596,3742059,1153465,-900596,None,13722284,4.71,3.92
10,2017-12-31,USD,8787234,31675023,32201000,8787234,-21798977,-21506179,24641124,0,-28781641,-288807,8033899,1088812,-22887789,-1000000,0,None,None,None,0,0,0,0,-3562871,0,-28781641,-21506179,None,USD,187239270,6009729,None,4446913,44750461,142392540,215853,11908062,90358,-523356317,9320000,10513371,30556000,23786579,35405426,None,None,-117005,18320176,138362160,9069401,125869440,103638844,6489824,0,0,32842399,142488809,665775504,90358,0,-523356317,0,None,4964433,None,48877110,None,None,None,None,None,None,None,665775504,187239270,127425423,None,90357644,USD,14459337,3593047,14581271,1000000,None,-124677,1342250,4140747,-21506179,508187,-13948407,-305484,794285,0,-1466927,0,10080000,2803993,878066,671931,None,508187,4.13,4.71
11,2017-09-30,USD,2644543,31830014,30667000,2644543,-28298829,-34134570,25510239,0,-28298829,673883,6319775,886642,-29185471,0,0,None,None,None,0,0,0,0,0,0,-28298829,-34134570,None,USD,203680028,16927000,None,31239822,41560848,162022911,164604,10155646,90295,-501850138,8022000,10513000,30621000,23278392,33363572,None,None,559660,18471231,154587804,None,162022911,118611601,9358937,0,0,31405202,162119180,0,90295,0,-501850138,0,None,2720045,None,21191276,None,None,None,None,None,None,None,663223094,203680028,141889993,None,90294937,USD,-50569809,5681115,-54157508,0,None,70888796,-506403,838801,-34134570,-582245,-17313533,5574803,1163383,0,70848992,0,9408000,2851643,3587699,1550093,None,-582245,6.34,4.13
12,2017-06-30,USD,20412124,30047857,29145000,20412124,-9648212,-9479116,23878751,0,-9648212,-385076,6169106,-12479,-9635733,0,0,None,None,None,0,0,0,0,0,0,-9648212,-9479116,None,USD,158853213,17331000,None,38110064,35323596,123433348,205938,10634870,77634,-467715568,7766000,10513000,36957000,23860637,27381998,None,None,1180662,15017992,106877598,None,123433348,68138619,10386099,0,0,24688726,123529617,0,77634,0,-467715568,0,None,3339802,None,18357794,None,None,None,None,None,None,None,589890620,158853213,91999256,None,77633816,USD,-1383811,-13598107,-6422691,0,None,24099616,-506403,986183,-9479116,957384,-16719541,-172488,902621,0,24139420,0,7858000,3241592,5038880,1901407,None,957384,7.84,6.34
13,2017-03-31,USD,10376185,32310093,31381000,10376185,-21477090,-23085907,24542504,0,-21477090,96269,7767589,456818,-21933908,0,0,None,None,None,0,0,0,0,0,0,-21477090,-23085907,None,USD,153314029,17735000,None,38201610,47368703,105849057,227481,26289083,74627,-458236452,7191000,10513000,36731000,22903253,40002563,None,None,781547,9803457,106779155,None,105849057,66755201,12622959,0,0,21079620,105945326,0,74627,0,-458236452,0,None,3027549,None,12831006,None,None,None,None,None,None,None,563229335,153314029,89658454,None,74627013,USD,18957041,-4437703,18167784,0,None,826437,None,-2173420,-23085907,3766781,-15227440,-737076,928597,0,826437,0,5472000,6632588,789257,5956611,None,3766781,6.62,7.84
14,2016-12-31,USD,8513952,30877248,30052000,8513952,-21526948,-26233470,23911731,0,-19458020,-1089892,6965517,836348,-22363296,-1000000,0,None,None,None,0,0,0,0,3495598,0,-19458020,-26233470,None,USD,173707166,18141000,None,37455313,50328746,123282151,317808,23115198,74062,-434838235,6331000,10513000,40084000,19136472,43823027,None,None,1327968,9025446,124597233,19829575,123282151,85629412,18683013,0,0,27213548,123378420,556718356,74062,0,-434838235,0,None,3777510,None,12802956,None,None,None,None,None,None,None,556718356,173707166,104765884,None,74062370,USD,9984571,3035357,9918336,0,None,870313,1491181,575290,-26233470,-4114290,-14902939,3070935,1090558,0,-812143,0,-9236807,3248425,66235,885242,None,-4114290,6.94,6.62
15,2016-09-30,USD,12540463,32735946,31859000,12540463,-19801197,-20759338,26980343,0,-20759338,2073204,5755603,394286,-20195483,0,0,None,None,None,0,0,0,0,0,0,-20759338,-20759338,None,USD,194549293,18550000,None,42397297,47571147,146881877,365687,23501843,73967,-408604765,6020000,10513000,45328000,23250762,41374540,None,None,2659354,8990714,140229920,None,146881877,96435585,18937174,0,0,24069304,146978146,0,73967,0,-408604765,0,None,4537761,None,13528475,None,None,None,None,None,None,None,552753321,194549293,119686347,None,73966730,USD,9548503,5617188,9073164,0,None,4369407,None,-174065,-20759338,-5199611,-18642182,716726,877369,0,4411123,0,10122049,1994599,475339,-7089158,None,-5199611,9.32,6.94
16,2016-06-30,USD,6203791,24430331,24644000,6203791,-17999184,-18704711,19630801,0,-17999184,-1132871,5799530,227356,-18226540,0,0,None,None,None,0,-1000000,0,0,0,0,-17999184,-18704711,None,USD,203985449,18962000,None,43749704,41895516,161993664,374043,23404864,73483,-387845427,6224000,10513000,47314000,28450373,35494684,None,None,3514362,8700628,147969611,None,161993664,106082989,11692267,0,0,18490652,162089933,0,73483,0,-387845427,0,None,5309488,None,14010116,None,None,None,None,None,None,None,546251246,203985449,134533362,None,73482859,USD,-665702,2527215,-2381457,-200000,None,2477738,-149559,-703293,-18704711,-13173672,-13269953,186492,786460,-149559,2477738,0,3032891,1147770,1515755,786809,None,-13173672,9.24,9.32
17,2016-03-31,USD,8110155,23560773,22963000,8110155,-15523797,-8042820,18189160,0,-15523797,245828,5371613,-73179,-15450618,0,0,None,None,None,0,0,0,0,0,0,-15523797,-8042820,None,USD,211288392,13810000,None,38893214,40070679,170971885,0,23434705,72268,-369140716,6496000,10114000,42294000,41624045,33398804,None,None,2909023,8393322,160601456,None,170971885,105163382,12187512,0,0,16635974,0,0,72268,0,-369140716,0,None,5026917,None,13420239,None,None,None,None,None,None,None,537131310,211288392,146787427,None,72268183,USD,342987,1391329,-338154,0,None,69484,-149559,-1494431,-8042820,-16008648,-15739978,-8937809,597867,0,69484,0,3819700,3071613,681141,-3819700,None,-16008648,8.71,9.24
18,2015-12-31,USD,5936000,20461977,19935000,5935562,-15011250,-17952045,15602000,0,-11751729,245828,4860086,-484835,-14526415,-1000000,0,None,None,None,0,0,0,-308520,4083099,0,-11443209,-17952045,None,USD,213841000,14019000,None,30494387,37908000,175687000,0,21901735,72000,-361097896,6266000,10113000,34683000,57633000,31466000,None,None,2708339,7307000,171850938,19993162,161667994,105357000,7333059,0,0,16006071,0,0,72218,0,-361097896,0,None,5045915,None,12352610,None,None,None,None,None,None,None,534004564,213840859,162989970,None,68000000,USD,-20395650,1641655,-21221573,1000000,None,159409,2449356,1049225,-17952045,-27836103,-6773939,3669301,875425,0,-2439506,0,-4528852,1359511,825923,3632214,None,-27836103,6.72,8.71
19,2015-09-30,USD,24183234,20452817,19955000,24183234,4464276,5594468,16075201,0,3805222,-86000,4377616,733859,3730417,0,0,None,None,None,0,0,0,-1789246,0,0,5594468,5594468,None,USD,230771526,14231000,None,41624858,37385946,193139752,0,20607026,72181,-343145851,18604000,10113000,40240000,85468796,18277872,None,None,3654180,6458900,184073414,None,193139752,85313556,11905416,0,0,16778920,0,0,72181,0,-343145851,0,None,None,None,6458900,None,None,None,None,None,None,None,532559242,230771526,170782352,None,72180794,USD,-1198426,15209066,-1981023,1000000,None,1727268,None,None,5594468,15171222,15424977,-1723877,497770,-149559,1727268,0,8161066,1203978,782597,-5356428,None,15171222,5.78,6.72
