,fiscalDateEnding,reportedCurrency_x,totalRevenue,totalOperatingExpense,costOfRevenue,grossProfit,ebit,netIncome_x,researchAndDevelopment,effectOfAccountingCharges,incomeBeforeTax,minorityInterest,sellingGeneralAdministrative,otherNonOperatingIncome,operatingIncome,otherOperatingExpense,interestExpense,taxProvision,interestIncome,netInterestIncome,extraordinaryItems,nonRecurring,otherItems,incomeTaxExpense,totalOtherIncomeExpense,discontinuedOperations,netIncomeFromContinuingOperations,netIncomeApplicableToCommonShares,preferredStockAndOtherAdjustments,reportedCurrency_y,totalAssets,intangibleAssets,earningAssets,otherCurrentAssets,totalLiabilities,totalShareholderEquity,deferredLongTermLiabilities,otherCurrentLiabilities,commonStock,retainedEarnings,otherLiabilities,goodwill,otherAssets,cash,totalCurrentLiabilities,shortTermDebt,currentLongTermDebt,otherShareholderEquity,propertyPlantEquipment,totalCurrentAssets,longTermInvestments,netTangibleAssets,shortTermInvestments,netReceivables,longTermDebt,inventory,accountsPayable,totalPermanentEquity,additionalPaidInCapital,commonStockTotalEquity,preferredStockTotalEquity,retainedEarningsTotalEquity,treasuryStock,accumulatedAmortization,otherNonCurrrentAssets,deferredLongTermAssetCharges,totalNonCurrentAssets,capitalLeaseObligations,totalLongTermDebt,otherNonCurrentLiabilities,totalNonCurrentLiabilities,negativeGoodwill,warrants,preferredStockRedeemable,capitalSurplus,liabilitiesAndShareholderEquity,cashAndShortTermInvestments,accumulatedDepreciation,commonStockSharesOutstanding,reportedCurrency,investments,changeInLiabilities,cashflowFromInvestment,otherCashflowFromInvestment,netBorrowings,cashflowFromFinancing,otherCashflowFromFinancing,changeInOperatingActivities,netIncome_y,changeInCash,operatingCashflow,otherOperatingCashflow,depreciation,dividendPayout,stockSaleAndPurchase,changeInInventory,changeInAccountReceivables,changeInNetIncome,capitalExpenditures,changeInReceivables,changeInExchangeRate,changeInCashAndCashEquivalents,clossingVal,nextClossingVal
0,2020-06-30,USD,1076000,6870000,305000,771000,-5646000,-7323000,1278000,None,-7304000,34000,3944000,None,-5794000,None,777000,None,None,-777000,None,None,None,None,-733000,None,-7304000,-7323000,None,USD,56812000,10619000,None,None,13085000,43693000,None,2950000,40000,-165242000,7000,2318000,105000,39458000,12455000,None,5523000,-199000,1313000,42457000,None,30756000,None,1155000,None,378000,630000,None,None,None,None,None,None,None,105000,None,14355000,1212000,None,7000,630000,None,None,None,None,None,None,None,None,USD,-263000,-897000,-263000,None,-835000,39433000,-1086000,-1651000,-7323000,33348000,-5834000,None,881000,None,None,-7000,None,1810000,263000,None,None,None,1.37,
1,2020-03-31,USD,1804000,6860000,510000,1294000,-5634000,-6158000,1334000,None,-6255000,-10000,4482000,-68000,-5566000,1016000,621000,-87000,-707000,-621000,None,28000,None,-87000,-96000,None,-6168000,-6158000,None,USD,20938000,8409000,None,334000,15823000,5100000,None,2013000,7000,-157920000,507000,1921000,739000,6111000,14548000,9028000,9028000,-517000,119000,8375000,632000,-5230000,None,1560000,None,370000,3507000,None,None,7000,None,-157920000,-695000,None,1482000,None,12563000,1402000,None,1275000,1275000,None,None,None,164225000,20938000,6111000,None,7068489,USD,-209000,-537000,-209000,-193000,4851000,6104000,1000,-105000,-6168000,1360000,-4535000,None,1383000,None,1252000,29000,None,1633000,16000,None,-27000,1333000,1.19,1.37
2,2019-12-31,USD,1913000,6952000,499000,1414000,-17351000,-17022000,1215000,None,-17573000,26000,4652000,-11813000,-5538000,1028000,222000,-549000,-330000,-224000,None,57000,None,-551000,-1239000,None,-17022000,-17022000,None,USD,21219000,9944000,None,406000,15171000,6022000,87000,2190000,4000,-151763000,594000,2070000,710000,4777000,13740000,7304000,7304000,94000,145000,6765000,616000,-5992000,None,1182000,None,400000,4246000,None,None,4000,None,-151763000,-695000,None,1679000,None,14454000,1613000,None,1344000,1431000,None,None,None,158382000,21219000,4777000,None,4234922,USD,-224000,-89000,-224000,-193000,641000,6088000,-487000,689000,-17022000,4256000,-1608000,None,1475000,None,5934000,365000,1287000,15414000,31000,None,104000,4360000,0.109,1.19
3,2019-09-30,USD,1534000,6836000,382000,1152000,-5422000,-6584000,926000,None,-6612000,5000,4368000,262000,-5684000,969000,1190000,-33000,-1217000,-1190000,None,573000,None,-33000,-311000,None,-6579000,-6584000,None,USD,30491000,10904000,None,607000,19006000,11459000,1696000,2443000,51000,-134741000,2453000,3097000,11081000,494000,16236000,10059000,10059000,-10000,138000,4535000,10967000,-2542000,None,2670000,None,764000,3734000,None,None,51000,None,-134741000,-695000,None,850000,None,25956000,757000,None,1074000,2770000,None,None,None,146854000,30491000,494000,None,50518500,USD,-250000,706000,-3921000,-3657000,2440000,5245000,-1127000,267000,-6580000,-1165000,-2489000,None,1388000,None,3932000,-85000,-43000,4091000,14000,None,-67000,-1232000,0.1164,0.109
4,2019-06-30,USD,1491000,5825000,391000,1100000,-4722000,-5240000,796000,None,-5231000,9000,3699000,3000,-4725000,820000,509000,None,-669000,-509000,None,510000,None,None,-507000,None,-5231000,-5240000,None,USD,23886000,7250000,None,444000,12143000,11721000,None,937000,13000,-128157000,1241000,634000,10232000,1651000,10609000,7094000,7094000,57000,138000,5159000,10031000,3837000,None,2384000,73000,680000,2578000,None,None,13000,None,-128157000,-695000,None,674000,None,18727000,502000,73000,1461000,1534000,None,None,None,140503000,23886000,1651000,None,12791429,USD,-708000,139000,-708000,-680000,4500000,1495000,-3005000,-173000,-5230000,-2288000,-3075000,None,1214000,None,10859000,21000,-559000,2155000,28000,None,39000,-2249000,0.6337,0.1164
5,2019-03-31,USD,1363000,5889000,337000,1026000,-4794000,-5145000,956000,None,-5150000,-5000,3984000,69000,-4863000,812000,356000,None,-356000,-356000,None,137000,None,None,-68000,None,-5150000,-6395000,None,USD,20122000,5402000,None,436000,7214000,12895000,None,504000,7000,-122917000,None,None,218000,3830000,6873000,3970000,3970000,18000,133000,6780000,7026000,7493000,None,1816000,73000,698000,2399000,None,None,7000,None,-122917000,-695000,None,781000,None,13342000,599000,73000,268000,341000,None,None,None,136482000,20122000,3830000,None,6987937,USD,-255000,-74000,-255000,-239000,-24000,6578000,-4257000,33000,-5150000,2830000,-3493000,None,231000,None,10859000,-130000,-639000,1657000,16000,None,-8000,2822000,0.8148,0.6337
6,2018-12-31,USD,-1107000,2820000,-898000,-209000,-4766000,-7287000,253000,0,-4290000,4000,2143000,-1737000,-3029000,-226000,-476000,None,None,None,0,650000,0,0,-1110000,1785000,-4290000,-16104000,None,USD,12178000,6199000,None,496000,7375000,4785000,None,234000,2000,-117772000,19000,None,2421000,1008000,7282000,4127000,4104000,26000,202000,3356000,2204000,-1414000,None,1284000,74000,568000,2921000,None,None,2000,None,-117772000,-695000,None,217000,None,8822000,None,74000,19000,93000,None,None,None,123224000,12178000,1008000,None,1581880,USD,None,534000,-192000,-143000,-46000,3039000,2086000,1940000,-7283000,-533000,-3380000,None,-152000,None,999000,241000,537000,3903000,49000,None,10000,-523000,3.19,0.8148
7,2018-09-30,USD,940000,3959000,298000,642000,-3317000,-5184000,296000,0,-3395000,4000,2773000,None,-3317000,812000,78000,None,None,None,0,78000,0,0,-156000,-1785000,-3395000,-5184000,None,USD,12991000,7001000,None,923000,3964000,9014000,0,52000,51000,-110482000,29000,636000,249000,1461000,3793000,1815000,1815000,16000,219000,4886000,None,1377000,0,1692000,142000,810000,1926000,0,120124000,51000,0,-110482000,-695000,None,249000,None,8105000,None,142000,29000,171000,None,None,None,120124000,12991000,1461000,None,1281113,USD,None,-1851000,-659000,-659000,3494000,-750000,-750000,557000,-5179000,-6865000,-5456000,None,1453000,0,0,43000,-534000,-277000,49000,None,-10000,-6875000,0.2013,3.19
8,2018-06-30,USD,1828000,7460000,817000,1011000,-5499000,-5858000,321000,0,-5855000,3000,5816000,950000,-6449000,1323000,356000,None,None,None,0,-16000,0,0,652000,-1785000,-5855000,-15585000,None,USD,24892000,11775000,None,1056000,22274000,2609000,0,109000,38000,-105299000,137000,636000,375000,8336000,21995000,1815000,1815000,26000,331000,11775000,None,-9802000,0,1531000,142000,852000,20071000,0,108539000,38000,0,-105299000,-695000,None,375000,None,13117000,None,142000,137000,279000,None,None,None,108539000,24892000,8336000,None,38252389,USD,None,0,-411000,-383000,-13000,9004000,-750000,557000,-5856000,1640000,-6953000,None,1453000,0,9017000,43000,-534000,-1097000,28000,None,2000,1642000,0.1617,0.2013
9,2018-03-31,USD,2095000,6843000,859000,1236000,-4960000,-6243000,361000,0,-6243000,6000,5143000,647000,-5607000,1323000,1283000,None,None,None,0,16000,0,0,-652000,-1785000,-6243000,-7751000,None,USD,25152000,13127000,None,1643000,26269000,-1123000,0,27000,10000,-99441000,528000,636000,350000,6694000,25599000,1828000,1815000,24000,419000,10620000,None,-14886000,0,1420000,142000,863000,23744000,0,98979000,10000,0,-99441000,-695000,None,350000,None,14532000,None,142000,528000,670000,None,None,None,98979000,25152000,6694000,None,9339296,USD,None,-11900000,-167000,-156000,-1241000,17703000,-750000,2525000,-6243000,6560000,-10976000,None,1836000,0,18944000,-72000,958000,-4733000,11000,None,-7000,6553000,1.075,0.1617
10,2017-12-31,USD,4633000,6206000,2734000,1899000,-7894000,-7897000,354000,0,-7894000,-5000,4932000,-3587000,-4307000,920000,1100000,None,None,None,0,2000,0,0,-3650000,-16940000,-7894000,-8653000,None,USD,27691000,14695000,None,5784000,46544000,-16847000,2636000,7670000,1000,-94486000,3746000,636000,17963000,141000,42031000,3106000,1917000,31000,520000,9208000,None,-32178000,70000,2493000,767000,790000,31255000,0,78302000,1000,0,-94486000,-695000,None,2632000,None,18483000,None,767000,1110000,4513000,None,None,None,78302000,27691000,141000,None,961666,USD,None,7220000,-164000,-154000,-2265000,-1897000,-96000,13822000,-7901000,40000,2101000,None,5694000,0,464000,270000,8706000,10002000,10000,None,-6000,34000,0.21,1.075
11,2017-09-30,USD,11924000,16845000,9673000,2251000,-14632000,-14637000,447000,0,-14632000,-4000,6679000,-38000,-14594000,1327000,252000,None,None,None,0,8392000,0,0,0,-27000,-14632000,-14637000,None,USD,35205000,15846000,None,7081000,51670000,-14457000,3440000,8912000,15000,-86588000,4658000,636000,20174000,107000,44931000,3869000,5600000,-629000,896000,14135000,None,-30939000,0,6157000,2081000,790000,32150000,0,73440000,15000,0,-86588000,-695000,None,3692000,None,21070000,None,2081000,1218000,6739000,None,None,None,73440000,35205000,107000,None,15397847,USD,None,5206000,-350000,-345000,997000,1744000,200000,4860000,-14641000,69000,-1325000,None,0,0,547000,270000,5223000,13316000,5000,None,-4000,65000,0.337,0.21
12,2017-06-30,USD,15096000,8614000,11712000,3384000,-6422000,-6427000,454000,0,-6422000,-4000,6776000,-1192000,-5230000,1382000,1065000,None,None,None,0,2000,0,0,0,27000,-6422000,-6427000,None,USD,49704000,17193000,None,10325000,56132000,-4424000,4346000,12682000,4000,-71952000,6253000,9028000,30978000,42000,48293000,6298000,4109000,883000,1105000,17621000,None,-30645000,0,6461000,1586000,793000,29313000,0,67336000,4000,1508000,-71952000,-695000,None,4757000,None,32083000,None,1586000,1907000,7839000,None,None,None,67336000,49704000,42000,None,4293209,USD,None,2324000,-371000,-367000,-2758000,-238000,-3050000,1641000,-6432000,-674000,-65000,None,0,0,5570000,267000,5691000,6367000,4000,None,-22000,-696000,0.6728,0.337
13,2017-03-31,USD,13481000,8642000,10193000,3288000,-6047000,-6052000,558000,0,-6047000,-4000,6698000,-693000,-5354000,1383000,0,None,None,None,0,3000,0,0,0,-9000,-6047000,-6052000,None,USD,54577000,18491000,None,12277000,57060000,-484000,4932000,14428000,2000,-65525000,6864000,9028000,32743000,738000,45854000,4618000,4618000,-603000,1278000,20556000,None,-29343000,0,6759000,4342000,782000,26808000,0,64997000,2000,1340000,-65525000,-695000,None,5224000,None,34021000,None,4342000,1932000,11206000,None,None,None,64997000,54577000,738000,None,2181745,USD,None,-4102000,-433000,-351000,-2269000,-2269000,None,3718000,-6056000,-1094000,1608000,None,0,0,0,278000,5392000,7664000,82000,None,11000,-1083000,3.11,0.6728
14,2016-12-31,USD,14508000,15889000,10070000,4438000,-13544000,-13925000,566000,0,-13544000,-377000,5940000,-2093000,-11451000,1159000,706000,None,None,None,0,8224000,0,0,-11298000,-758000,-13544000,-13925000,None,USD,66473000,19749000,None,15112000,63760000,4708000,5960000,17084000,33000,-59473000,8546000,9028000,34944000,1821000,51167000,6887000,170000,-614000,1385000,30144000,None,-25409000,70000,12150000,4047000,1061000,27196000,0,64117000,33000,1340000,-59473000,-695000,None,6167000,None,36329000,None,4047000,2586000,12593000,None,None,None,64117000,66473000,1821000,None,2155964,USD,None,7530000,-1044000,-980000,2288000,4022000,-3000,-283000,-14302000,1329000,-1649000,None,4871000,0,1734000,-305000,2968000,12653000,64000,None,-13000,1316000,0.244,3.11
15,2016-09-30,USD,11240000,7240000,8142000,3098000,-4720000,-4716000,587000,0,-4720000,-4000,5575000,-578000,-4142000,1056000,639000,None,None,None,0,22000,0,0,0,0,-4720000,-4716000,None,USD,57020000,15938000,None,9737000,41941000,16697000,6764000,13949000,27000,-45548000,7672000,13166000,35405000,505000,30516000,4611000,None,-601000,1442000,20173000,None,-13747000,0,9079000,3753000,852000,11956000,0,62174000,27000,1340000,-45548000,-695000,None,6301000,None,36847000,None,3753000,908000,11425000,None,None,None,62174000,57020000,505000,None,26709460,USD,None,None,-658000,-343000,1808000,1808000,None,None,-4720000,132000,-1018000,None,0,0,0,0,4016000,3702000,315000,None,15000,147000,0.358,0.244
16,2016-06-30,USD,13332000,7392000,9888000,3444000,-4175000,-4171000,537000,0,-4175000,-4000,5788000,-227000,-3948000,1057000,255000,None,None,None,0,10000,0,0,0,0,-4175000,-4171000,None,USD,63347000,16855000,None,9781000,48142000,16819000,7288000,14988000,25000,-40832000,11139000,13166000,36914000,358000,36110000,7112000,None,-616000,1271000,25162000,None,-13202000,0,14114000,893000,909000,14010000,0,58937000,25000,0,-40832000,-695000,None,6893000,None,38185000,None,893000,3851000,12032000,None,None,None,58937000,63347000,358000,None,25146035,USD,None,1698000,-501000,-403000,-1879000,-1882000,-3000,None,-4175000,-2497000,-114000,None,0,0,0,0,0,4061000,98000,None,2000,-2495000,0.526,0.358
17,2016-03-31,USD,14087000,8129000,10140000,3947000,-4306000,-4302000,587000,0,-4306000,-4000,6466000,-124000,-4182000,1056000,143000,None,None,None,0,20000,0,0,0,0,-4306000,-4302000,None,USD,65134000,17670000,None,10061000,46103000,20641000,7140000,15022000,25000,-36661000,11050000,13166000,37541000,2853000,33994000,8828000,None,-618000,1306000,26287000,None,-10195000,0,12551000,1059000,822000,10144000,0,0,25000,0,-36661000,-695000,None,6705000,None,38847000,None,1059000,3910000,12109000,None,None,None,58590000,65134000,2853000,None,25116035,USD,None,None,-462000,-414000,-758000,-758000,None,None,-4306000,-1224000,-4000,None,0,0,0,0,787000,4302000,48000,None,17000,-1207000,0.6,0.526
18,2015-12-31,USD,20263000,9010000,14858000,5198000,-3867000,-3953000,15000,0,-3956000,-3000,7802000,-55000,-3812000,1056000,108000,None,None,None,0,154000,0,0,-652000,-20000,-3956000,-3953000,None,USD,68715000,18442000,None,10178000,45759000,24562000,7666000,11121000,25000,-32359000,11683000,13166000,38711000,4060000,32850000,9417000,837000,-635000,1392000,28612000,None,-7046000,70000,13549000,1226000,755000,12312000,0,0,25000,0,-32359000,-695000,None,7103000,None,40103000,None,1226000,4017000,12909000,None,None,None,58226000,68715000,4060000,None,None,USD,None,2530000,-659000,-558000,3594000,3594000,4684000,-746000,-3958000,-1374000,-4309000,None,4474000,0,0,-145000,-5066000,-351000,101000,None,71000,-1303000,0.57,0.6
19,2015-09-30,USD,14874000,7511000,10486000,4388000,-3172000,-3168000,207000,0,-3172000,-4000,6235000,-49000,-3123000,1056000,120000,None,None,None,0,13000,0,0,0,0,-3172000,-3168000,None,USD,66753000,19017000,None,9244000,39768000,28588000,7032000,12705000,25000,-28404000,7629000,13166000,39557000,5363000,30646000,6279000,None,-706000,1436000,25760000,None,-3595000,0,10584000,1493000,569000,11662000,0,0,25000,0,-28404000,0,None,7374000,None,40993000,None,1493000,597000,9122000,None,None,None,57673000,66753000,5363000,None,25118648,USD,None,894000,-330000,-244000,-1526000,3159000,1000,None,-3171000,3139000,310000,None,0,0,4684000,41000,0,3481000,86000,None,-18000,3121000,1.01,0.57
