,fiscalDateEnding,reportedCurrency_x,totalRevenue,totalOperatingExpense,costOfRevenue,grossProfit,ebit,netIncome_x,researchAndDevelopment,effectOfAccountingCharges,incomeBeforeTax,minorityInterest,sellingGeneralAdministrative,otherNonOperatingIncome,operatingIncome,otherOperatingExpense,interestExpense,taxProvision,interestIncome,netInterestIncome,extraordinaryItems,nonRecurring,otherItems,incomeTaxExpense,totalOtherIncomeExpense,discontinuedOperations,netIncomeFromContinuingOperations,netIncomeApplicableToCommonShares,preferredStockAndOtherAdjustments,reportedCurrency_y,totalAssets,intangibleAssets,earningAssets,otherCurrentAssets,totalLiabilities,totalShareholderEquity,deferredLongTermLiabilities,otherCurrentLiabilities,commonStock,retainedEarnings,otherLiabilities,goodwill,otherAssets,cash,totalCurrentLiabilities,shortTermDebt,currentLongTermDebt,otherShareholderEquity,propertyPlantEquipment,totalCurrentAssets,longTermInvestments,netTangibleAssets,shortTermInvestments,netReceivables,longTermDebt,inventory,accountsPayable,totalPermanentEquity,additionalPaidInCapital,commonStockTotalEquity,preferredStockTotalEquity,retainedEarningsTotalEquity,treasuryStock,accumulatedAmortization,otherNonCurrrentAssets,deferredLongTermAssetCharges,totalNonCurrentAssets,capitalLeaseObligations,totalLongTermDebt,otherNonCurrentLiabilities,totalNonCurrentLiabilities,negativeGoodwill,warrants,preferredStockRedeemable,capitalSurplus,liabilitiesAndShareholderEquity,cashAndShortTermInvestments,accumulatedDepreciation,commonStockSharesOutstanding,reportedCurrency,investments,changeInLiabilities,cashflowFromInvestment,otherCashflowFromInvestment,netBorrowings,cashflowFromFinancing,otherCashflowFromFinancing,changeInOperatingActivities,netIncome_y,changeInCash,operatingCashflow,otherOperatingCashflow,depreciation,dividendPayout,stockSaleAndPurchase,changeInInventory,changeInAccountReceivables,changeInNetIncome,capitalExpenditures,changeInReceivables,changeInExchangeRate,changeInCashAndCashEquivalents,clossingVal,nextClossingVal
0,2020-06-30,USD,42495000,86659000,9950000,32545000,-53957000,-61854000,35748000,None,-61426000,None,49663000,157000,-54114000,1248000,7469000,428000,None,-7469000,None,None,None,428000,157000,None,-61854000,-61854000,None,USD,885365000,51185000,None,14755000,480047000,405318000,49714000,8804000,1014000,-1664717000,11338000,None,73319000,641911000,78754000,None,None,-98000,56826000,707312000,None,354133000,None,15173000,346001000,35473000,69950000,None,None,1014000,None,-1664717000,None,None,70042000,None,178053000,52758000,346001000,55292000,401293000,None,None,None,2069119000,885365000,641911000,None,101434104,USD,-1881000,6706000,-1881000,None,-298000,250756000,-298000,-1900000,-61854000,212922000,-35953000,8709000,3865000,None,251054000,-4828000,1981000,9468000,1881000,1981000,None,212922000,27.54,
1,2020-03-31,USD,36860000,88779000,8438000,28422000,-58917000,-66364000,36184000,None,-66328000,None,51346000,1440000,-60357000,1249000,7411000,36000,-6007000,-7411000,None,None,None,36000,1440000,None,-66364000,-66364000,None,USD,676525000,52433000,None,15769000,469824000,206701000,50926000,11708000,899000,-1602863000,10960000,None,72837000,428942000,71532000,None,None,-47000,58638000,492510000,None,154268000,None,17154000,340939000,30645000,59824000,None,None,899000,None,-1602863000,None,None,72944000,None,184015000,58023000,340939000,57353000,398292000,None,None,None,1808712000,676525000,428942000,None,89859549,USD,-2679000,-13502000,-2679000,None,-292000,2134000,-292000,-14898000,-66364000,-58480000,-57935000,9319000,3864000,None,2426000,-2332000,2078000,9002000,2679000,2078000,None,-58480000,16.03,27.54
2,2019-12-31,USD,45708000,84084000,8706000,37002000,-45316000,-52988000,32630000,None,-52664000,None,50206000,1766000,-47082000,1248000,7348000,324000,-5306000,-7348000,None,None,None,324000,1766000,None,-52988000,-52988000,None,USD,742299000,53682000,None,20220000,480625000,261674000,52139000,12541000,897000,-1536499000,10608000,None,72453000,487429000,85240000,None,None,-10000,60180000,555194000,None,207992000,None,19232000,335940000,28313000,72699000,None,None,897000,None,-1536499000,None,None,73243000,None,187105000,61098000,335940000,59445000,395385000,None,None,None,1797286000,742299000,487429000,None,89682387,USD,-13038000,-7400000,-13038000,None,-292000,9238000,4503000,-289000,-52988000,-48204000,-44404000,15445000,3537000,None,4735000,-5000000,-3886000,5888000,13038000,-3886000,1000,-48203000,23.88,16.03
3,2019-09-30,USD,38885000,88936000,6437000,32448000,-53688000,-60682000,34340000,None,-60534000,None,53347000,2800000,-56488000,1249000,6846000,148000,-3961000,-6846000,None,None,None,148000,2800000,None,-60682000,-60682000,None,USD,763117000,54930000,None,21313000,459076000,304041000,53351000,12115000,893000,-1483511000,11264000,None,72994000,535632000,85392000,None,None,-8000,52991000,595604000,None,249111000,None,15346000,331003000,23313000,73277000,None,None,893000,None,-1483511000,None,None,59592000,None,167513000,43402000,331003000,42681000,373684000,None,None,None,1786667000,763117000,535632000,None,89310684,USD,-14592000,10039000,-14592000,None,-292000,1358000,4503000,-1441000,-60682000,-65602000,-52368000,-4260000,2602000,None,1358000,-3153000,-3708000,6794000,14592000,-3708000,-26000,-65628000,17.64,23.88
4,2019-06-30,USD,29972000,87219000,4919000,25053000,-59639000,-66514000,33538000,None,-66424000,None,52433000,2527000,-62166000,1248000,6785000,90000,-4207000,-6785000,None,None,None,90000,2527000,None,-66514000,-66514000,None,USD,802783000,56179000,None,15856000,446210000,356573000,54563000,9418000,892000,-1422829000,522000,None,71024000,601260000,86030000,None,None,-7000,38913000,648914000,None,300394000,None,11638000,326128000,20160000,76612000,None,None,892000,None,-1422829000,None,None,58777000,None,153869000,42714000,326128000,34052000,360180000,None,None,None,1778517000,802783000,601260000,None,89207455,USD,-10610000,-9769000,-10610000,None,-292000,271633000,4503000,-7556000,-66514000,180993000,-80030000,302000,-1633000,None,271633000,-7478000,-2291000,7353000,10610000,-2291000,36000,181029000,25.6,17.64
5,2019-03-31,USD,21902000,87261000,4150000,17752000,-67212000,-74153000,31203000,None,-73938000,None,54810000,2297000,-69509000,1248000,6726000,215000,-4310000,-6726000,None,None,None,215000,2297000,None,-74153000,-74153000,None,USD,595915000,57427000,None,12372000,451778000,144137000,55776000,9441000,776000,-1356315000,504000,None,11314000,420231000,94252000,9359000,9359000,30000,27933000,454632000,None,86710000,None,9347000,321313000,12682000,84811000,None,None,776000,None,-1356315000,None,None,55923000,None,141283000,45068000,321313000,36213000,357526000,None,None,None,1499646000,595915000,420231000,None,77596384,USD,-4028000,3885000,-4028000,None,None,3049000,4503000,-13719000,-74153000,-74826000,-73847000,-8105000,7072000,None,3049000,-5650000,-3832000,6936000,4028000,-3832000,-15000,-74841000,29.07,25.6
6,2018-12-31,USD,9835000,95134000,2423000,7412000,-84839000,-91597000,39925000,0,-91506000,0,53960000,2883000,-87722000,1249000,6667000,None,None,None,0,0,0,67000,-3784000,0,-91573000,-91573000,None,USD,604556000,58675000,None,11327000,396290000,208266000,56988000,1529000,773000,-1282162000,None,None,61287000,495072000,79732000,None,None,-9000,22636000,518946000,None,149591000,None,5515000,316558000,7032000,78203000,None,None,773000,None,-1282162000,None,None,4299000,None,85610000,None,316558000,None,316558000,None,None,None,1489664000,604556000,495072000,None,77307521,USD,None,20665000,-4751000,-1724000,-628000,1797000,-628000,18132000,-91573000,-72492000,-69538000,-1199000,6872000,None,2425000,-7032000,-5515000,8244000,3027000,-5515000,-10000,-72502000,13.12,29.07
7,2018-09-30,USD,0,83983000,24146000,-24146000,-81022000,-87743000,39538000,0,-87697000,0,44445000,2961000,-83983000,0,6675000,None,None,None,0,0,0,46000,-3714000,0,-87743000,-87743000,None,USD,661513000,59941000,None,9921000,370106000,291407000,58200000,472000,771000,-1190589000,826000,None,62751000,567574000,57419000,None,None,20000,19526000,577495000,None,231466000,None,None,311861000,None,56947000,None,None,771000,None,-1190589000,None,None,4551000,None,84018000,None,311861000,826000,312687000,None,None,None,1481205000,661513000,567574000,None,77085715,USD,None,9357000,-1851000,-1724000,-2835000,605000,-628000,8140000,-87704000,-66734000,-65488000,-662000,5658000,None,605000,-7032000,-5515000,7902000,1851000,None,-21000,-66755000,20.22,13.12
8,2018-06-30,USD,0,72882000,21395000,-21395000,-69909000,-76437000,35722000,0,-76397000,0,37160000,2973000,-72882000,0,6488000,None,None,None,0,0,0,40000,-3515000,0,-76437000,-76437000,None,USD,724244000,58200000,None,10929000,353603000,370641000,58200000,630000,770000,-1102846000,805000,0,61105000,634329000,45642000,307156000,307156000,18000,17881000,645258000,None,312441000,0,None,307156000,0,45012000,0,0,770000,0,-1102846000,0,None,2905000,None,78986000,None,307156000,805000,307961000,None,None,None,1472699000,724244000,634329000,None,77038788,USD,None,10886000,-2847000,-1724000,-94000,5549000,-94000,6641000,-76500000,-52210000,-54912000,-1436000,5446000,0,5643000,-7032000,-5515000,6629000,2847000,None,-42000,-52252000,23.65,20.22
9,2018-03-31,USD,0,62751000,17382000,-17382000,-62834000,-68500000,30098000,0,-68476000,0,32653000,-83000,-62751000,0,5642000,None,None,None,0,0,0,48000,-5725000,0,-68524000,-68524000,None,USD,773153000,58200000,None,9832000,338297000,434856000,58200000,556000,766000,-1026409000,785000,0,60924000,686581000,34806000,302706000,302706000,39000,15816000,696413000,None,376656000,0,None,302706000,0,34250000,0,0,766000,0,-1026409000,0,None,2724000,None,76740000,None,302706000,785000,303491000,None,None,None,1460460000,773153000,686581000,None,76623136,USD,None,-7111000,-5365000,-1724000,378650000,378792000,-16350000,-8500000,-68500000,305388000,-68039000,-2217000,4139000,0,142000,-7032000,-5515000,5674000,5365000,None,28000,305416000,22.52,23.65
10,2017-12-31,USD,0,65353000,64620000,-67627000,-64284000,-65384000,33949000,0,-65750000,0,31404000,1069000,-65353000,0,1466000,None,None,None,0,0,0,-366000,-4001000,0,-65384000,-65384000,None,USD,462047000,58200000,None,8279000,100988000,361059000,58200000,646000,766000,-957885000,765000,0,60171000,381165000,44656000,55567000,55567000,-3000,12432000,389444000,None,302859000,0,None,55567000,0,44010000,0,0,766000,0,-957885000,0,None,1971000,None,72603000,None,55567000,765000,56332000,None,None,None,1318181000,462047000,381165000,None,76610508,USD,None,13241000,-1700000,0,None,433000,None,7678000,-65384000,-49488000,-48221000,-1731000,912000,0,433000,0,0,4741000,1700000,None,-25000,-49513000,31.18,22.52
11,2017-09-30,USD,0,44083000,43369000,0,-43656000,-45179000,26675000,0,-45152000,0,17408000,427000,-44083000,0,1496000,None,None,None,0,0,0,27000,0,0,-45179000,-45179000,None,USD,506206000,58200000,None,6802000,84901000,421305000,0,616000,766000,-892501000,747000,0,59751000,430678000,28766000,55388000,55388000,34000,8975000,437480000,None,363105000,0,None,55388000,0,28150000,0,0,766000,0,-892501000,0,None,1551000,None,68726000,None,55388000,747000,56135000,None,None,None,1313006000,506206000,430678000,None,76568368,USD,None,2472000,-447000,0,395000000,378222000,-16350000,2980000,-45179000,339537000,-38238000,-1180000,908000,0,378222000,0,0,4741000,447000,None,77000,339614000,31.21,31.18
12,2017-06-30,USD,0,43515000,42777000,0,-43146000,-44672000,26871000,0,-44635000,0,16644000,369000,-43515000,0,1489000,None,None,None,0,0,0,37000,0,0,-44672000,-44672000,None,USD,165640000,58200000,None,5470000,82195000,83445000,0,694000,624000,-847322000,729000,0,59872000,91064000,26272000,55194000,55194000,-42000,9234000,96534000,None,25245000,0,None,55194000,0,25578000,0,0,624000,0,-847322000,0,None,1672000,None,69106000,None,55194000,729000,55923000,None,None,None,930185000,165640000,91064000,None,62376416,USD,None,3152000,-437000,0,395000000,1869000,-16350000,135000,-44672000,-34814000,-36246000,-224000,939000,0,1869000,0,0,4559000,437000,None,39000,-34775000,17.16,31.21
13,2017-03-31,USD,0,35969000,35253000,0,-35910000,-37414000,22254000,0,-37384000,0,13715000,59000,-35969000,0,1474000,None,None,None,0,0,0,30000,0,0,-37414000,-37414000,None,USD,200659000,58200000,None,5785000,78975000,121684000,0,674000,621000,-802650000,711000,0,59228000,125839000,23271000,None,None,-47000,9807000,131624000,None,63484000,0,None,54993000,0,22597000,0,0,621000,0,-802650000,0,None,1028000,None,69035000,None,54993000,711000,55704000,None,None,None,923760000,200659000,125839000,None,62087828,USD,None,-4800000,-417000,0,None,565000,None,352000,-37414000,-36764000,-36912000,352000,918000,0,565000,0,0,4032000,417000,None,12000,-36752000,17.51,17.16
14,2016-12-31,USD,0,67051000,66369000,-87267000,-66892000,-68402000,54870000,0,-68375000,0,12181000,159000,-67051000,0,1483000,None,None,None,0,0,0,27000,-2775000,0,-68402000,-68402000,None,USD,237956000,58200000,None,5816000,83473000,154483000,58200000,728000,620000,-765236000,693000,0,59529000,162591000,27989000,54791000,54791000,-65000,10020000,168407000,None,96283000,0,None,54791000,0,27261000,0,0,620000,0,-765236000,0,None,1329000,None,69549000,None,54791000,693000,55484000,None,None,None,919164000,237956000,162591000,None,62019889,USD,None,4975000,-772000,0,19897000,20853000,-411000,5869000,-68402000,-37881000,-57962000,421000,884000,0,956000,0,0,4160000,772000,None,-46000,-37927000,13.23,17.51
15,2016-09-30,USD,0,37149000,36475000,0,-36966000,-37760000,23433000,0,-37735000,0,13716000,183000,-37149000,0,769000,None,None,None,0,0,0,25000,0,0,-37760000,-37760000,None,USD,276644000,58200000,None,5778000,58815000,217829000,0,647000,619000,-696834000,676000,0,60074000,200518000,23458000,None,None,-5000,10274000,206296000,None,159629000,0,None,34681000,0,22811000,0,0,619000,0,-696834000,0,None,1874000,None,70348000,None,34681000,676000,35357000,None,None,None,914049000,276644000,200518000,None,61877905,USD,None,-61000,-1300000,0,9692000,9692000,None,946000,-37760000,-22589000,-30981000,946000,849000,0,0,0,0,5045000,1300000,None,-2000,-22591000,14.52,13.23
16,2016-06-30,USD,0,36133000,35565000,0,-35937000,-36579000,23871000,0,-36561000,0,12262000,196000,-36133000,0,624000,None,None,None,0,0,0,18000,0,0,-36579000,-36579000,None,USD,299677000,58200000,None,6201000,49116000,250561000,0,716000,619000,-659074000,660000,0,60574000,223109000,32320000,8689000,8689000,12000,9793000,229310000,None,192361000,0,None,16136000,0,22915000,0,0,619000,0,-659074000,0,None,2374000,None,70367000,None,16136000,660000,16796000,None,None,None,909004000,299677000,223109000,None,61877905,USD,None,3982000,-1540000,0,20000000,47000,None,-860000,-36579000,-29730000,-28237000,-860000,605000,0,47000,0,0,4615000,1540000,None,-33000,-29763000,9.86,14.52
17,2016-03-31,USD,0,33067000,32553000,0,-32882000,-33532000,20547000,0,-33504000,0,12520000,185000,-33067000,0,622000,None,None,None,0,0,0,28000,0,0,-33532000,-33532000,None,USD,327706000,58200000,None,5618000,45243000,282463000,0,686000,619000,-622495000,586000,0,60317000,252872000,25543000,5674000,None,-3000,8899000,258490000,None,224263000,0,None,19114000,0,19183000,0,0,619000,0,-622495000,0,None,2117000,None,69216000,None,19114000,586000,19700000,None,None,None,904342000,327706000,252872000,None,61872863,USD,None,-451000,-588000,0,None,81000,None,None,-33532000,-30035000,-29528000,-316000,552000,0,81000,0,0,4219000,588000,None,31000,-30004000,12.67,9.86
18,2015-12-31,USD,0,32590000,31950000,-51266000,-32492000,-31245000,19646000,0,-33216000,0,12944000,98000,-32590000,0,724000,None,None,None,0,0,0,-1971000,-2661000,0,-31245000,-31245000,None,USD,356556000,58200000,None,5242000,44858000,311698000,58200000,683000,618000,-588963000,572000,0,60346000,282876000,22259000,3113000,3113000,-65000,8092000,288118000,None,253498000,0,None,22027000,0,18463000,0,0,618000,0,-588963000,0,None,2146000,None,68438000,None,22027000,572000,22599000,None,None,None,900043000,356556000,282876000,None,61813995,USD,None,-2041000,-407000,0,-250000,-139000,-250000,1158000,-31245000,-28093000,-27547000,1132000,774000,0,111000,0,0,3833000,407000,None,None,-28093000,18.15,12.67
19,2015-09-30,USD,0,30245000,29782000,0,-30237000,-30962000,19221000,0,-30962000,0,11024000,8000,-30245000,0,725000,None,None,None,0,0,0,0,0,0,-30962000,-30962000,None,USD,385741000,58200000,None,8289000,46742000,338999000,0,682000,618000,-557718000,44000,0,58431000,310969000,46698000,25256000,None,None,8052000,319258000,None,280799000,0,None,0,0,20760000,0,0,618000,0,-557718000,0,None,231000,None,66483000,None,None,44000,44000,None,None,None,896099000,385741000,310969000,None,61803749,USD,None,3767000,-853000,0,None,825000,None,None,-30962000,-24058000,-24030000,-1227000,596000,0,825000,0,0,3796000,853000,None,None,-24058000,18.57,18.15
