,fiscalDateEnding,reportedCurrency_x,totalRevenue,totalOperatingExpense,costOfRevenue,grossProfit,ebit,netIncome_x,researchAndDevelopment,effectOfAccountingCharges,incomeBeforeTax,minorityInterest,sellingGeneralAdministrative,otherNonOperatingIncome,operatingIncome,otherOperatingExpense,interestExpense,taxProvision,interestIncome,netInterestIncome,extraordinaryItems,nonRecurring,otherItems,incomeTaxExpense,totalOtherIncomeExpense,discontinuedOperations,netIncomeFromContinuingOperations,netIncomeApplicableToCommonShares,preferredStockAndOtherAdjustments,reportedCurrency_y,totalAssets,intangibleAssets,earningAssets,otherCurrentAssets,totalLiabilities,totalShareholderEquity,deferredLongTermLiabilities,otherCurrentLiabilities,commonStock,retainedEarnings,otherLiabilities,goodwill,otherAssets,cash,totalCurrentLiabilities,shortTermDebt,currentLongTermDebt,otherShareholderEquity,propertyPlantEquipment,totalCurrentAssets,longTermInvestments,netTangibleAssets,shortTermInvestments,netReceivables,longTermDebt,inventory,accountsPayable,totalPermanentEquity,additionalPaidInCapital,commonStockTotalEquity,preferredStockTotalEquity,retainedEarningsTotalEquity,treasuryStock,accumulatedAmortization,otherNonCurrrentAssets,deferredLongTermAssetCharges,totalNonCurrentAssets,capitalLeaseObligations,totalLongTermDebt,otherNonCurrentLiabilities,totalNonCurrentLiabilities,negativeGoodwill,warrants,preferredStockRedeemable,capitalSurplus,liabilitiesAndShareholderEquity,cashAndShortTermInvestments,accumulatedDepreciation,commonStockSharesOutstanding,reportedCurrency,investments,changeInLiabilities,cashflowFromInvestment,otherCashflowFromInvestment,netBorrowings,cashflowFromFinancing,otherCashflowFromFinancing,changeInOperatingActivities,netIncome_y,changeInCash,operatingCashflow,otherOperatingCashflow,depreciation,dividendPayout,stockSaleAndPurchase,changeInInventory,changeInAccountReceivables,changeInNetIncome,capitalExpenditures,changeInReceivables,changeInExchangeRate,changeInCashAndCashEquivalents,clossingVal,nextClossingVal
0,2020-06-30,USD,19728000000,4810000000,9221000000,10507000000,5668000000,5105000000,3354000000,None,5935000000,None,1447000000,-29000000,5697000000,None,186000000,830000000,83000000,-103000000,None,9000000,None,830000000,332000000,None,5105000000,5105000000,None,USD,152539000000,10303000000,None,2165000000,69200000000,82010000000,2723000000,12349000000,25516000000,57646000000,11955000000,26943000000,6082000000,8736000000,22481000000,2254000000,2254000000,-1152000000,58036000000,44390000000,2884000000,46093000000,17079000000,7441000000,36093000000,8969000000,7878000000,None,None,25516000000,None,57646000000,None,None,9983000000,None,108149000000,None,36093000000,7903000000,46719000000,None,None,None,None,152539000000,25815000000,None,4253000000,USD,-6963000000,17000000,-10610000000,-239000000,-1700000000,-3191000000,-97000000,959000000,5105000000,-2644000000,11157000000,None,3063000000,-1403000000,9000000,277000000,1020000000,6052000000,3408000000,None,None,-2644000000,59.83,
1,2020-03-31,USD,19828000000,4978000000,7812000000,12016000000,6725000000,5661000000,3275000000,None,6614000000,None,1541000000,-313000000,7038000000,None,135000000,953000000,93000000,-42000000,None,162000000,None,953000000,-544000000,None,5661000000,5661000000,None,USD,147710000000,10429000000,None,2997000000,70003000000,76354000000,2027000000,13435000000,25251000000,52644000000,11006000000,26276000000,5911000000,11380000000,23895000000,3464000000,3464000000,-1541000000,56770000000,41501000000,2943000000,41002000000,9423000000,8455000000,36455000000,9246000000,6996000000,None,None,25251000000,None,52644000000,None,None,9791000000,None,106209000000,None,36455000000,7626000000,46108000000,None,None,None,None,147710000000,20803000000,None,4234000000,USD,-105000000,30000000,-3736000000,-363000000,9172000000,4764000000,726000000,-2575000000,5661000000,7186000000,6158000000,None,3050000000,-1408000000,-3726000000,-548000000,-796000000,497000000,3268000000,None,None,7186000000,54.12,59.83
2,2019-12-31,USD,20209000000,5081000000,8331000000,11878000000,8068000000,6905000000,3384000000,None,8068000000,None,1542000000,1271000000,6797000000,50000000,108000000,1163000000,109000000,1000000,None,105000000,None,1163000000,1165000000,None,6905000000,6905000000,None,USD,136524000000,10827000000,None,46977000000,57497000000,77504000000,2044000000,10636000000,25261000000,53523000000,11027000000,26276000000,4925000000,3276000000,22310000000,3693000000,3693000000,-1280000000,55386000000,31239000000,7243000000,79027000000,8929000000,13212000000,25308000000,8744000000,7981000000,None,None,25261000000,None,53523000000,None,None,2149000000,None,55386000000,None,25308000000,7835000000,35187000000,None,155000000,None,None,136524000000,12205000000,None,4290000000,USD,-62000000,1672000000,-4485000000,243000000,758000000,-5144000000,-1017000000,1361000000,6905000000,259000000,9888000000,1000000000,10826000000,-1362000000,-3523000000,-1481000000,-779000000,-8099000000,4666000000,-935000000,None,259000000,59.85,54.12
3,2019-09-30,USD,19190000000,4848000000,7895000000,11295000000,6719000000,5990000000,3208000000,None,6719000000,None,1486000000,272000000,6447000000,50000000,107000000,729000000,114000000,7000000,None,104000000,None,729000000,161000000,None,5990000000,5990000000,None,USD,133768000000,11019000000,None,2414000000,57947000000,74242000000,1696000000,11835000000,25290000000,49674000000,10356000000,24727000000,5603000000,3935000000,25064000000,5200000000,5200000000,-722000000,53563000000,29957000000,3428000000,40075000000,8090000000,6880000000,23707000000,8638000000,8029000000,None,None,25290000000,None,49674000000,None,None,11074000000,None,103811000000,None,23707000000,7480000000,32883000000,None,166000000,None,None,133768000000,12025000000,None,4350000000,USD,1379000000,67000000,-3910000000,-617000000,-557000000,-5733000000,239000000,1968000000,5990000000,1068000000,10711000000,None,2679000000,-1386000000,-4029000000,67000000,-646000000,4721000000,4672000000,None,None,1068000000,51.53,59.85
4,2019-06-30,USD,16505000000,5261000000,6627000000,9878000000,4724000000,4179000000,3438000000,None,4724000000,None,1589000000,107000000,4617000000,50000000,135000000,545000000,125000000,-10000000,None,184000000,None,545000000,-67000000,None,4179000000,4179000000,None,USD,130759000000,11249000000,None,2366000000,54007000000,74947000000,1783000000,8743000000,25140000000,50429000000,10592000000,24583000000,5421000000,2867000000,19705000000,3726000000,3726000000,-622000000,51377000000,29239000000,3577000000,40920000000,9077000000,6233000000,25089000000,8696000000,7236000000,None,None,25140000000,None,50429000000,None,None,10734000000,None,101520000000,None,25089000000,7430000000,34302000000,None,247000000,None,None,130759000000,11944000000,None,4430000000,USD,-7000000,19000000,-3288000000,273000000,-257000000,-4586000000,119000000,852000000,4179000000,-287000000,7587000000,None,2554000000,-1414000000,-3034000000,-931000000,725000000,3408000000,3554000000,None,None,-287000000,47.87,51.53
5,2019-03-31,USD,16061000000,4915000000,6972000000,9089000000,4547000000,3974000000,3332000000,None,4547000000,None,1533000000,373000000,4174000000,50000000,138000000,573000000,135000000,-3000000,None,None,None,573000000,376000000,None,3974000000,3974000000,None,USD,129458000000,11457000000,None,2305000000,53747000000,73661000000,1521000000,10118000000,25346000000,49128000000,10711000000,24521000000,4965000000,3154000000,18911000000,2750000000,2750000000,-813000000,50040000000,29060000000,3465000000,39733000000,8879000000,6957000000,25737000000,7765000000,6043000000,None,None,25346000000,None,49128000000,None,None,10915000000,None,100398000000,None,25737000000,7578000000,34836000000,None,275000000,None,None,129458000000,12033000000,None,4477000000,USD,830000000,-32000000,-2722000000,-231000000,821000000,-2102000000,731000000,-1416000000,3974000000,135000000,4959000000,None,2625000000,-1414000000,-2240000000,-512000000,-235000000,985000000,3321000000,None,None,135000000,53.7,47.87
6,2018-12-31,USD,18657000000,5003000000,7430000000,11227000000,5635000000,5195000000,3433000000,0,5635000000,0,1520000000,-589000000,6224000000,50000000,-122000000,None,None,None,6000000,0,0,440000000,-589000000,0,5195000000,5195000000,None,USD,127963000000,11836000000,None,45553000000,50932000000,74563000000,1665000000,7919000000,25365000000,50172000000,11676000000,24513000000,4421000000,6407000000,16626000000,1261000000,761000000,-974000000,48976000000,28787000000,9430000000,77031000000,8631000000,11143000000,25098000000,7253000000,7446000000,None,None,25365000000,419000000,50172000000,None,None,None,None,48976000000,None,25098000000,7543000000,34306000000,None,419000000,None,None,127963000000,15038000000,None,4516000000,USD,2211000000,99000000,-1820000000,-141000000,-2345000000,-5468000000,501000000,321000000,5195000000,-388000000,6900000000,1563000000,9085000000,-1368000000,-2256000000,-214000000,-1265000000,1265000000,3890000000,-1714000000,None,-388000000,46.93,53.7
7,2018-09-30,USD,19163000000,5011000000,6803000000,12360000000,7142000000,6398000000,3428000000,0,7142000000,0,1605000000,-207000000,7349000000,50000000,-109000000,None,None,None,0,-72000000,0,744000000,-135000000,0,6398000000,6398000000,None,USD,128242000000,12007000000,None,3546000000,54024000000,71483000000,1485000000,9835000000,25492000000,47094000000,12362000000,24506000000,3955000000,3407000000,19574000000,3051000000,None,-1103000000,47071000000,29590000000,3562000000,37705000000,9779000000,5457000000,24823000000,7401000000,6688000000,0,0,25492000000,515000000,47094000000,0,None,11506000000,None,98652000000,None,24823000000,8142000000,34450000000,None,515000000,None,None,128242000000,13186000000,None,4564000000,USD,692000000,48000000,-3435000000,-276000000,-620000000,-4607000000,-182000000,250000000,6398000000,793000000,8835000000,None,2274000000,-1373000000,-2432000000,-59000000,-818000000,2437000000,3851000000,None,None,793000000,47.29,46.93
8,2018-06-30,USD,16962000000,5146000000,6543000000,10419000000,5529000000,5006000000,3371000000,0,5529000000,0,1725000000,256000000,5273000000,50000000,-116000000,None,None,None,0,0,0,523000000,256000000,0,5006000000,5006000000,None,USD,125972000000,12098000000,None,3398000000,52878000000,70047000000,1666000000,7317000000,25470000000,45666000000,13722000000,24351000000,3690000000,2614000000,17571000000,3510000000,28142000000,-1089000000,45914000000,27603000000,3071000000,36645000000,9611000000,4636000000,24632000000,7344000000,6744000000,0,0,25470000000,654000000,45666000000,0,None,12935000000,None,98369000000,None,24632000000,9009000000,35307000000,None,654000000,None,None,125972000000,12225000000,None,4611000000,USD,2557000000,182000000,-1193000000,780000000,-993000000,-7160000000,-905000000,1339000000,5006000000,-940000000,7413000000,None,2122000000,-1400000000,-3862000000,-207000000,267000000,2407000000,4530000000,None,None,-940000000,49.71,47.29
9,2018-03-31,USD,16066000000,5261000000,6335000000,9731000000,5011000000,4454000000,3311000000,0,5011000000,0,1900000000,541000000,4470000000,50000000,225000000,None,None,None,0,0,0,557000000,541000000,0,4454000000,4454000000,None,USD,128596000000,12355000000,None,3408000000,55151000000,70165000000,1564000000,9586000000,26430000000,44418000000,11335000000,24346000000,53231000000,3554000000,19961000000,3842000000,28612000000,-683000000,43735000000,31630000000,3435000000,36744000000,12643000000,4879000000,24770000000,7146000000,6533000000,0,0,26430000000,801000000,44418000000,0,None,13095000000,None,96966000000,None,24770000000,8856000000,35190000000,None,801000000,None,None,128596000000,16197000000,None,4660000000,USD,-1604000000,1672000000,-4791000000,-277000000,1815000000,-1372000000,-162000000,-2129000000,4454000000,121000000,6284000000,None,2196000000,-1400000000,-1625000000,-96000000,102000000,1830000000,2910000000,None,None,121000000,52.08,49.71
10,2017-12-31,USD,17053000000,5372000000,6286000000,10767000000,6035000000,-687000000,3274000000,0,6035000000,0,1850000000,640000000,5395000000,53000000,254000000,None,None,None,0,195000000,0,6722000000,1641000000,0,-687000000,-687000000,None,USD,123249000000,37134000000,None,44234000000,53364000000,69019000000,3046000000,9191000000,26074000000,42083000000,7860000000,24389000000,52640000000,7145000000,17421000000,1776000000,1739000000,862000000,41109000000,29500000000,12291000000,69885000000,10569000000,13209000000,25037000000,6983000000,6454000000,0,0,26074000000,866000000,42083000000,0,None,None,None,41109000000,None,25037000000,7860000000,35943000000,None,866000000,None,None,123249000000,17714000000,None,4687000000,USD,-834000000,5348000000,-5230000000,-327000000,-6573000000,-7653000000,69000000,-477000000,-687000000,-5642000000,7241000000,317000000,8129000000,-1278000000,129000000,-1300000000,-781000000,8724000000,4069000000,-781000000,None,-5642000000,46.16,52.08
11,2017-09-30,USD,16149000000,4942000000,6092000000,10057000000,5930000000,4516000000,3223000000,0,5930000000,0,1666000000,815000000,5115000000,49000000,267000000,None,None,None,0,4000000,0,1414000000,336000000,0,4516000000,4516000000,None,USD,127088000000,13058000000,None,2767000000,55282000000,70936000000,2943000000,9296000000,26547000000,42779000000,4152000000,24389000000,54462000000,9075000000,20689000000,4142000000,4121000000,1610000000,39472000000,33154000000,9903000000,34359000000,8429000000,5954000000,27498000000,6929000000,7251000000,0,0,26547000000,870000000,42779000000,0,None,7112000000,None,93934000000,None,27498000000,4152000000,34593000000,None,870000000,None,None,127088000000,17504000000,None,4680000000,USD,8017000000,-254000000,-6316000000,-11354000000,-357000000,-2560000000,-63000000,1279000000,4516000000,-2612000000,6264000000,None,0,-1278000000,-862000000,1245000000,1128000000,1748000000,2979000000,None,None,-2612000000,38.08,46.16
12,2017-06-30,USD,14763000000,5271000000,5665000000,9098000000,4572000000,2808000000,3275000000,0,4572000000,0,1854000000,745000000,3827000000,37000000,225000000,None,None,None,0,105000000,0,1764000000,0,0,2808000000,2808000000,None,USD,122107000000,8867000000,None,2967000000,52608000000,68625000000,2502000000,7814000000,25781000000,41670000000,3469000000,14102000000,43360000000,11687000000,18782000000,4130000000,31985000000,1174000000,38130000000,40617000000,10385000000,46530000000,14242000000,5397000000,27855000000,6324000000,6838000000,0,0,25781000000,874000000,41670000000,0,None,10006000000,None,81490000000,None,27855000000,3469000000,33826000000,None,874000000,None,None,122107000000,25929000000,None,4699000000,USD,263000000,237000000,-1438000000,1077000000,6131000000,3484000000,-161000000,214000000,2808000000,6753000000,4707000000,None,0,-1287000000,-1199000000,760000000,618000000,1899000000,2778000000,None,None,6753000000,33.74,38.08
13,2017-03-31,USD,14796000000,5548000000,5649000000,9147000000,3815000000,2964000000,3326000000,0,3815000000,0,2104000000,216000000,3599000000,38000000,213000000,None,None,None,0,80000000,0,851000000,0,0,2964000000,2964000000,None,USD,115648000000,9157000000,None,8041000000,47926000000,66844000000,2285000000,10094000000,25890000000,40091000000,3658000000,14099000000,42679000000,4934000000,21305000000,5073000000,5073000000,863000000,36911000000,36058000000,11980000000,44466000000,12361000000,4921000000,20678000000,5801000000,6138000000,0,0,25890000000,878000000,40091000000,0,None,7443000000,None,79590000000,None,20678000000,3658000000,26621000000,None,878000000,None,None,115648000000,17295000000,None,4709000000,USD,-871000000,-662000000,-2778000000,45000000,435000000,-1746000000,-39000000,-452000000,2964000000,-626000000,3898000000,None,0,-1229000000,-913000000,232000000,105000000,934000000,1952000000,None,None,-626000000,36.07,33.74
14,2016-12-31,USD,16374000000,5579000000,6269000000,10105000000,4732000000,3562000000,3280000000,0,4440000000,0,2158000000,206000000,4526000000,41000000,211000000,None,None,None,0,100000000,0,878000000,-2069000000,0,3562000000,3562000000,None,USD,113327000000,9494000000,None,8166000000,46219000000,66226000000,1730000000,8918000000,25373000000,40747000000,3538000000,14099000000,41648000000,5560000000,20302000000,4634000000,4609000000,106000000,36171000000,35508000000,10896000000,43515000000,11539000000,4690000000,20649000000,5553000000,6750000000,0,0,25373000000,882000000,40747000000,0,None,7159000000,None,77819000000,None,20649000000,3538000000,25917000000,None,882000000,None,None,113327000000,17099000000,None,4730000000,USD,164000000,-31000000,-3444000000,-78000000,-1941000000,-3898000000,-275000000,685000000,3562000000,808000000,8150000000,83000000,7790000000,-1233000000,-449000000,119000000,65000000,8054000000,3530000000,65000000,None,808000000,36.27,36.07
15,2016-09-30,USD,15778000000,5521000000,5795000000,9983000000,4318000000,3378000000,3069000000,0,4318000000,0,2006000000,-144000000,4462000000,74000000,216000000,None,None,None,0,372000000,0,940000000,0,0,3378000000,3378000000,None,USD,112217000000,9524000000,None,7712000000,48216000000,63115000000,1211000000,9409000000,25070000000,37645000000,2869000000,13868000000,41294000000,4752000000,20093000000,3573000000,3573000000,400000000,34707000000,36216000000,10211000000,40609000000,13017000000,4952000000,24043000000,5783000000,7111000000,0,0,25070000000,886000000,37645000000,0,None,7691000000,None,76001000000,None,24043000000,2869000000,28123000000,None,886000000,None,None,112217000000,17769000000,None,4739000000,USD,-713000000,638000000,-2683000000,493000000,-990000000,-2208000000,-27000000,324000000,3378000000,867000000,5758000000,None,0,-1231000000,40000000,118000000,100000000,2380000000,2463000000,None,None,867000000,37.75,36.27
16,2016-06-30,USD,13533000000,6655000000,5560000000,7973000000,1318000000,1330000000,3145000000,0,1670000000,0,2007000000,None,1318000000,89000000,211000000,None,None,None,0,1414000000,0,340000000,0,0,1330000000,1330000000,None,USD,109831000000,10821000000,None,3273000000,47574000000,61367000000,1293000000,7186000000,24317000000,37130000000,3517000000,16992000000,44839000000,3885000000,18711000000,4560000000,4560000000,-80000000,33804000000,31188000000,8961000000,34444000000,13804000000,4426000000,24053000000,5800000000,6965000000,0,0,24317000000,890000000,37130000000,0,None,8065000000,None,78643000000,None,24053000000,3517000000,28863000000,None,890000000,None,None,109831000000,17689000000,None,4728000000,USD,-1434000000,-987000000,-4170000000,-450000000,3194000000,1149000000,-192000000,440000000,1330000000,824000000,3845000000,None,0,-1233000000,-620000000,104000000,734000000,2515000000,2286000000,None,None,824000000,32.8,37.75
17,2016-03-31,USD,13702000000,5562000000,5572000000,8130000000,2568000000,2046000000,3246000000,0,2508000000,0,2226000000,None,2568000000,90000000,230000000,None,None,None,0,0,0,462000000,0,0,2046000000,2046000000,None,USD,105467000000,11140000000,None,2339000000,43399000000,61174000000,1247000000,8115000000,24088000000,36526000000,2851000000,16942000000,45426000000,3061000000,17526000000,3594000000,None,560000000,32644000000,27397000000,9474000000,33986000000,12030000000,4216000000,21775000000,5751000000,5817000000,0,0,24088000000,894000000,36526000000,0,None,7870000000,None,78070000000,None,21775000000,2851000000,25873000000,None,894000000,None,None,105467000000,15091000000,None,4716000000,USD,-73000000,None,-15520000000,-14101000000,956000000,-782000000,-60000000,None,2046000000,-12247000000,4055000000,None,0,-1228000000,-450000000,0,942000000,2009000000,1346000000,None,None,-12247000000,32.35,32.8
18,2015-12-31,USD,14914000000,5291000000,5324000000,9590000000,4299000000,3613000000,9109000000,0,4303000000,0,6024000000,None,4299000000,380000000,182000000,None,None,None,0,197000000,0,690000000,-144000000,0,3613000000,3613000000,None,USD,103065000000,3933000000,None,3053000000,41083000000,61085000000,2539000000,6872000000,23411000000,37614000000,2841000000,11332000000,30851000000,15308000000,15667000000,2634000000,2593000000,60000000,31858000000,40356000000,7851000000,46717000000,10005000000,6823000000,20036000000,5167000000,6161000000,0,0,23411000000,897000000,37614000000,0,None,7735000000,None,62709000000,None,20036000000,2841000000,25416000000,None,897000000,None,None,103065000000,25313000000,None,4725000000,USD,3693000000,-312000000,2728000000,1363000000,1489000000,88000000,87000000,-194000000,3613000000,8243000000,5427000000,None,8711000000,-1133000000,-355000000,-764000000,-355000000,1814000000,2328000000,None,None,8243000000,34.45,32.35
19,2015-09-30,USD,14465000000,4919000000,5354000000,9111000000,4192000000,3109000000,2927000000,0,4253000000,0,1910000000,None,4192000000,68000000,168000000,None,None,None,0,14000000,0,1144000000,0,0,3109000000,3109000000,None,USD,98552000000,4022000000,None,4304000000,40550000000,57097000000,2502000000,7742000000,23001000000,34431000000,2909000000,11026000000,30750000000,7065000000,15080000000,1129000000,None,-335000000,31597000000,36205000000,7447000000,42954000000,13778000000,6093000000,20059000000,4965000000,6209000000,0,0,23001000000,905000000,34431000000,0,None,8255000000,None,62347000000,None,20059000000,2909000000,25470000000,None,905000000,None,None,98552000000,20843000000,None,4730000000,USD,-4834000000,None,-9167000000,-3127000000,8005000000,6043000000,-15000000,None,3109000000,2611000000,5735000000,None,0,-1140000000,-807000000,640000000,332000000,2626000000,1206000000,None,None,2611000000,30.115,34.45
