,fiscalDateEnding,reportedCurrency_x,totalRevenue,totalOperatingExpense,costOfRevenue,grossProfit,ebit,netIncome_x,researchAndDevelopment,effectOfAccountingCharges,incomeBeforeTax,minorityInterest,sellingGeneralAdministrative,otherNonOperatingIncome,operatingIncome,otherOperatingExpense,interestExpense,taxProvision,interestIncome,netInterestIncome,extraordinaryItems,nonRecurring,otherItems,incomeTaxExpense,totalOtherIncomeExpense,discontinuedOperations,netIncomeFromContinuingOperations,netIncomeApplicableToCommonShares,preferredStockAndOtherAdjustments,reportedCurrency_y,totalAssets,intangibleAssets,earningAssets,otherCurrentAssets,totalLiabilities,totalShareholderEquity,deferredLongTermLiabilities,otherCurrentLiabilities,commonStock,retainedEarnings,otherLiabilities,goodwill,otherAssets,cash,totalCurrentLiabilities,shortTermDebt,currentLongTermDebt,otherShareholderEquity,propertyPlantEquipment,totalCurrentAssets,longTermInvestments,netTangibleAssets,shortTermInvestments,netReceivables,longTermDebt,inventory,accountsPayable,totalPermanentEquity,additionalPaidInCapital,commonStockTotalEquity,preferredStockTotalEquity,retainedEarningsTotalEquity,treasuryStock,accumulatedAmortization,otherNonCurrrentAssets,deferredLongTermAssetCharges,totalNonCurrentAssets,capitalLeaseObligations,totalLongTermDebt,otherNonCurrentLiabilities,totalNonCurrentLiabilities,negativeGoodwill,warrants,preferredStockRedeemable,capitalSurplus,liabilitiesAndShareholderEquity,cashAndShortTermInvestments,accumulatedDepreciation,commonStockSharesOutstanding,reportedCurrency,investments,changeInLiabilities,cashflowFromInvestment,otherCashflowFromInvestment,netBorrowings,cashflowFromFinancing,otherCashflowFromFinancing,changeInOperatingActivities,netIncome_y,changeInCash,operatingCashflow,otherOperatingCashflow,depreciation,dividendPayout,stockSaleAndPurchase,changeInInventory,changeInAccountReceivables,changeInNetIncome,capitalExpenditures,changeInReceivables,changeInExchangeRate,changeInCashAndCashEquivalents,clossingVal,nextClossingVal
0,2020-03-31,USD,982300,2411301,173480,808820,-1337237,-1492100,None,None,-1428340,None,2185820,None,-1429000,None,0,-5910,660,664,-69670,None,None,-5909,None,-69665,-1422431,-1492100,None,USD,6781400,508090,None,57300,4163010,2618390,None,322709,109210,-90163360,215345,339450,3658770,1555200,3947660,None,None,84120,68050,2207040,None,1770856,None,287350,None,None,983713,None,None,None,None,None,-37120,None,3643736,None,4574359,60910,None,None,215345,None,None,None,92625540,None,1555200,None,9000000,USD,-4705,37740,-4710,-170,None,1500000,None,-132284,-1422430,921590,-558310,None,52000,None,1500000,None,433396,503836,4530,None,None,None,0.91,
1,2019-12-31,USD,1004450,573804,185470,818980,-131119,-1136850,None,None,-130510,None,441360,None,430650,None,None,-64770,-573680,-359835,-1071110,None,None,-64768,-201319,-1071111,-65738,-1136850,None,USD,6591620,548270,None,109250,4039690,2551940,None,564044,89290,-88671260,221254,339450,3885080,633620,3818430,None,None,44240,114440,1704380,None,1664215,None,720750,None,None,796137,None,None,None,None,None,-37120,None,3870049,None,4887241,105083,None,None,221254,None,None,None,91126780,None,633620,None,7000000,USD,55608,275473,54800,57850,-279916,6903560,288630,-147873,-2792130,527950,-6473330,None,703720,None,6614930,None,-295308,-1681375,3050,None,None,None,0.91,0.91
2,2019-09-30,USD,1348020,2457179,271370,1076650,-803719,-777010,None,None,-884650,-3723,1965130,None,-1109160,None,0,-45460,219810,4705,62180,None,None,-45458,219807,62182,-839193,-777010,None,USD,9296700,592740,None,32430,5735060,3561630,None,1783788,89210,-87534410,82081,1823320,848120,4861610,5656170,279920,279916,-38250,227540,5804990,None,1145579,None,550890,None,None,832974,None,None,None,None,None,-37120,None,760849,None,3491710,190083,None,None,82617,None,None,None,91082200,None,4861610,None,7000000,USD,22241,-581485,-810,1690,79916,6894840,288632,126991,-2726390,3420000,-3421860,None,663640,None,6614930,None,4460,-463762,2500,None,None,None,1.41,0.91
3,2019-06-30,USD,1326470,2442058,239950,1086520,-430661,-771230,0,0,-744310,-3723,1980570,374807,-1115590,221541,6049,-1640,370020,371280,-28570,0,0,-1642,371280,-28565,-742669,-771230,0,USD,4347810,801320,None,48370,5080040,-732230,115728,299372,58610,-86757400,116770,339450,866750,1184330,4947260,200000,200000,-10650,321200,2019090,0,-1873000,0,431830,0,0,1120948,0,0,58609,0,-86757400,-37120,0,760849,0,2328717,270151,0,1042,132786,0,0,0,86014330,4347811,1184330,0,5000000,USD,-19712,-305455,-23050,-20550,200000,1797820,288632,130563,-1887200,-257280,-2036700,-560872,442960,0,1597820,0,16021,-376228,2500,-49867,0,-909483,2.5083,1.41
4,2019-03-31,USD,1307330,2548306,183660,1123670,-894303,-1159370,0,0,-869770,-3723,1773670,0,-867180,221422,8133,-65630,-2580,-8133,-355240,0,0,-65633,-8133,-14840,-1144529,-1159370,0,USD,4416840,1007400,None,74690,6282770,-1865940,122824,303794,50600,-85986160,122908,339450,851420,793860,6098950,500000,500000,-1310,420760,1797800,0,-3212787,0,445820,60910,0,1676620,0,0,50602,0,-85986164,-37120,0,760849,0,2619032,361366,0,84,183818,0,0,0,84108050,4416836,793860,0,5000000,USD,-3340,-190334,-3640,-3640,200000,372900,288632,-82168,-804130,-72370,-462280,-1423917,217180,0,372900,0,370877,-15818,3336,436765,-45418,647745,3.21,2.5083
5,2018-12-31,USD,891206,4960075,371219,519987,-4440088,-3801668,0,0,-4719070,-3723,1556506,0,-4440088,607178,-24912,-791120,None,None,-83900,2796391,0,-1001297,-2830577,-83895,-3717773,-3801668,0,USD,5238100,1215775,None,497973,6348888,-1110788,208528,2806964,48562,-84826796,208610,339451,842988,1441607,6140278,0,0,-24340,83608,2756278,0,-2666014,0,816698,0,0,3333314,0,0,48562,0,-84826796,-37117,0,842988,0,2481822,0,0,82,208610,0,0,0,83728903,5238100,1441607,0,5000000,USD,0,582079,-31648,-30918,500000,499999,0,277676,-3801668,-256809,-725160,-5175737,605169,0,-1,0,-390625,2182531,731,-390625,45268,211542,1.0,3.21
6,2018-09-30,USD,1894622,9006830,291685,1602937,-7408261,-7229497,0,0,-7378712,0,2763556,-4368,-7403893,650103,29549,None,None,None,-40740,5593171,0,-189950,-5567990,-40735,-7188762,-7229497,0,USD,8725645,4596192,None,656140,6186486,2539159,1251898,2675254,48562,-81025128,1259660,339451,835437,1653149,4926826,0,0,-13383,96553,2858012,0,-2396484,0,527565,0,0,2251572,0,0,48562,0,-81025128,-37117,0,835437,0,5867633,0,0,7762,1259660,0,0,0,83566225,8725645,1653149,0,5000000,USD,0,1524814,-34805,-31165,500000,499999,0,340990,-7229497,-1013683,-902246,-6937278,629112,0,2921870,0,-125610,5579737,3639,-125610,-76632,1013683,2.85,1.0
7,2018-06-30,USD,2118583,3746535,339911,1778672,-1967863,-2015434,0,0,-1964086,0,3087392,3777,-1967863,659143,-4637,None,None,None,0,0,0,-123415,3777,-174763,-1840671,-2015434,0,USD,16556827,5203603,None,1488836,6930944,9625883,1659092,3281447,48407,-73795632,1659092,5590150,1077493,2666832,5271852,0,0,15097,105834,4579747,0,-1167870,0,424079,0,0,1990405,0,0,48407,0,-73795632,-37117,0,1077493,0,11977080,0,0,0,1659092,0,0,0,83395128,16556827,2666832,0,4000000,USD,0,-573741,166669,170236,500000,1434914,0,340990,-2015434,114551,-1487032,-3626102,629112,0,1434914,0,-125610,163246,3567,-122519,-98065,534998,3.82,2.85
8,2018-03-31,USD,3548216,5280120,610043,2938173,-2097150,-2034412,0,0,-2318499,0,4578770,23448,-2341947,701350,-4637,None,None,None,0,0,0,-284086,23448,-209760,-2034413,-2034412,None,USD,17393861,5912732,None,13127547,7444411,9949450,48121,3398905,43442,-71780198,1593714,5590150,988300,2738185,5850697,None,None,105556,139960,4762719,None,9949450,0,1388169,0,0,3997385,0,0,43442,0,-71780198,-37117,None,None,None,139960,None,None,None,48121,None,None,None,81617767,17393861,2738185,None,4000000,USD,None,-975045,-28077,-28077,500000,1486954,None,-339049,-2034412,-362648,-1821525,-16529,682303,0,1486954,0,602537,-99425,3639,602537,86906,-275742,2.81,3.82
9,2017-12-31,USD,6733000,10167135,1775000,4958833,-5208016,-4622939,0,0,-4208016,0,4723000,286,-5208302,753680,-228180,None,None,None,0,4690735,0,-585077,-14546438,-299393,-3622939,-4622939,None,USD,18989000,12129000,None,13739975,8687000,10302000,0,4004015,40000,69745785,108000,5590000,13116000,3014000,6775000,None,None,28848,237000,5635581,None,10301803,0,1997983,0,0,4627022,0,0,39639,0,69745785,-37117,None,None,None,237037,None,None,56082,56082,None,None,None,80016218,18988922,3013927,None,4000000,USD,None,-239228,-48806,-49473,500000,83518,20000,912784,-4622939,157562,122850,104211,753680,0,63518,0,5000,4341910,667,-214784,34636,192198,4.09,2.81
10,2017-09-30,USD,4422191,6474547,658297,3763894,-2701218,-2488085,0,0,-2701218,0,5512433,9435,-2710653,806898,215003,None,None,None,0,155216,0,-213133,-214372,-209760,-2488085,-2488085,None,USD,24122000,17457000,None,19209321,9460000,14662000,0,4422715,39000,-65122846,139000,10281000,18477000,2822000,6828000,None,None,-1435,292000,5352558,None,14661900,0,1799013,0,0,4976263,0,0,39329,0,-65122846,-37117,None,None,None,291774,None,None,60959,60959,None,None,None,79783969,24121837,2821729,None,4000000,USD,None,-900916,-177676,-77219,None,3502000,502000,325187,-2488085,-2130120,-1946656,324631,806898,0,0,0,219000,-23828,100457,334088,-5788,-2130120,3.82,4.09
11,2017-06-30,USD,5264057,16856677,834281,4429776,-12419962,-12074944,0,0,-12419962,0,6135589,6939,-12426901,800783,-11222,None,None,None,0,9920305,0,-345018,-2002,0,-12074944,-12074944,None,USD,27526000,18161000,None,20200864,10519000,17007000,0,5034798,39000,-62634761,55000,10281000,19156000,4952000,7801000,None,None,1621,242000,8127941,None,17006981,0,2130885,0,0,5433771,0,0,39329,0,-62634761,-37117,None,None,None,242270,None,None,50318,50318,None,None,None,79637909,27525868,4951849,None,4000000,USD,None,-100154,-109943,-97668,None,646078,646078,190713,-12074944,-610388,-1151592,36855,800783,0,0,0,-737670,9663448,12275,522420,5069,-610388,6.88,3.82
12,2017-03-31,USD,5634481,8625229,700646,4933835,-3691468,-3101581,0,0,-3703867,0,7789399,-74,-3691394,835830,12000,None,None,None,0,9920305,0,-602286,743,0,-3101581,-3101581,None,USD,39964000,28776000,None,31464077,10954000,29010000,0,5431317,39000,-50559817,73000,20201000,30378000,5562000,7882000,None,None,-112,276000,9309830,None,29010441,0,2661755,0,0,5468055,0,0,39329,0,-50559817,-37117,None,None,None,276019,None,None,54275,54275,None,None,None,79568158,39964088,5562237,None,4000000,USD,None,-752409,-6876,35000,None,2856000,646078,292882,-3101581,-506736,-3355748,292882,867010,0,2856000,0,-743108,6647,41563,-637117,-112,-506736,9.59,6.88
13,2016-12-31,USD,5673000,4490288,648000,5023811,689366,-589461,0,0,-661003,0,4905010,155843,533523,-414722,1350000,None,None,None,0,14611040,0,-71542,-586882,-509153,-589461,-589461,None,USD,41138000,29557000,None,32585841,12362000,28776000,0,5541317,36000,-47458236,89000,20201000,31240000,6069000,8620000,None,None,None,278000,9619665,None,28775623,0,2170529,0,0,6820937,0,0,36204,0,-47458236,-37117,None,None,None,277534,None,None,None,None,None,None,None,76234772,41137877,6068973,None,2000000,USD,500000,-2935880,-36671,-31379,-2498757,10004000,1049026,224370,-589461,5553010,-4175484,-602574,2196653,0,11214896,0,340000,-1913167,5292,-331055,None,5553010,10.92,9.59
14,2016-09-30,USD,6360000,6895210,746000,5615008,-1681052,-1273134,0,0,-1896833,0,6074000,-400850,-1280202,819894,216000,None,None,None,0,0,0,-623699,37859,0,-1273134,-1273134,None,USD,36454000,30342000,None,31308872,18386000,18068000,3780250,6406542,18000,-43349734,102000,20202000,33007000,516000,13730000,445000,None,None,314000,3132742,None,18068404,0,1839474,828000,0,6878642,0,0,18097,0,-46868775,-37117,None,2475953,None,2789575,None,827679,47367,4655296,None,None,None,64956199,36453884,515963,None,2000000,USD,None,-38118,187695,194000,340522,-708504,-1049026,None,-1273134,-776281,-255472,250888,925684,0,0,0,671000,-104982,0,-66614,None,-776281,8.19,10.92
15,2016-06-30,USD,6851000,6988561,803000,6047382,-941660,-778279,0,0,-942438,0,6602000,-481,-941179,811232,778,None,None,None,0,0,0,-136169,-22353,0,-806269,-806269,None,USD,37370000,31121000,None,32524356,16467000,20903000,4401255,5122268,145000,-40890017,114000,20201000,32925000,1292000,11674000,825000,None,None,354000,4090603,None,20902538,0,1772860,331000,0,5727109,0,0,144749,0,-43135924,-37117,None,1426927,None,1780848,None,330563,61575,4793393,None,None,None,63930830,37370308,1292244,None,2000000,USD,250000,-1598937,266155,16155,1114021,1113784,-237,None,-778279,-408282,-1788221,-95286,870273,0,0,0,738000,-93523,0,-5438,None,-408282,0.4,8.19
16,2016-03-31,USD,7343000,8357003,885000,6458398,-1897473,-1439638,0,0,-1897862,0,6990000,1132,-1898605,867010,389,None,None,None,0,0,0,-458224,0,0,-1439638,-1439638,None,USD,39231000,31883000,None,33684018,17968000,21263000,4533633,6681315,145000,-42329655,417000,20201000,33703000,1701000,13066000,445000,None,None,403000,5124618,None,21262703,250000,1767422,0,0,5940626,0,0,144749,0,-42329655,-37117,None,1426690,None,1829507,None,None,368196,4901829,None,None,None,63484726,39231473,1950526,None,2000000,USD,250000,-303209,241000,-9439,None,-165841,-165841,None,-1439638,-370167,-444887,88882,867010,0,0,0,743000,-401040,0,743108,None,-370167,0.35,0.4
17,2015-12-31,USD,8171000,10668572,929000,7240981,-3406459,-3816950,0,0,-3406848,0,9351330,21132,-3427591,919867,389,None,None,None,0,397375,0,410000,-27516715,-509153,-3816950,-3816950,None,USD,41428000,32709000,None,35902195,18783000,22645000,0,7664831,145000,-43349734,472000,20201000,34354000,2071000,13368000,445000,445000,None,445000,6629231,None,22645157,500000,2510530,0,0,11117828,0,0,144749,0,-40890017,-37117,None,None,None,444398,None,None,None,None,None,None,None,63427542,41427816,2570693,None,2000000,USD,250000,-823450,204921,-14438,-42191,-58056,-670877,446185,-3816950,-1810524,-1957389,649159,919867,0,655012,0,836000,1164858,30641,-50873,None,-1810524,0.5,0.35
18,2015-09-30,USD,9221000,34555705,1464000,7879098,-26672001,-29657447,0,0,-26681230,0,8879000,4606,-26676607,925684,9000,None,None,None,0,24749806,0,2977000,0,0,-29657447,-29657447,None,USD,45780000,33950000,None,37914623,19397000,26383000,0,8814474,144000,-37073067,89000,20598000,35597000,3881000,14737000,62357,None,None,666000,9517310,None,26382532,750000,2568457,0,0,10520641,0,0,144338,0,-37073067,-37117,None,None,None,665707,None,None,None,None,None,None,None,63348378,45780004,4631217,None,2000000,USD,340000,-133503,178508,-172050,-22747,-236173,None,None,-29657447,-1448224,-1390559,-622342,934524,0,-213426,0,887000,27838097,10558,250112,None,-1448224,0.74,0.5
19,2015-06-30,USD,10087000,10251461,1471000,8927069,-1245996,-778279,0,0,-1275475,0,9382000,78396,-1324392,870273,29000,None,None,None,0,0,0,-497196,0,0,-778279,-778279,None,USD,72615000,59242000,None,62607296,16476000,56139000,0,10697000,145000,-7415620,66000,45180000,60879000,5329000,14815000,87328,None,None,764000,10972055,None,56139107,1096000,2818569,0,0,6331977,0,0,144731,0,-7415620,-37117,None,None,None,763514,None,None,None,None,None,None,None,63447113,72615054,6425675,None,2000000,USD,1153000,-2092712,946399,-168850,-1287238,3199745,-94890,None,-778279,1794650,-2351494,-128154,900883,0,4581873,0,637000,-454167,37751,200935,None,1794650,2.07,0.74
