,fiscalDateEnding,reportedCurrency_x,totalRevenue,totalOperatingExpense,costOfRevenue,grossProfit,ebit,netIncome_x,researchAndDevelopment,effectOfAccountingCharges,incomeBeforeTax,minorityInterest,sellingGeneralAdministrative,otherNonOperatingIncome,operatingIncome,otherOperatingExpense,interestExpense,taxProvision,interestIncome,netInterestIncome,extraordinaryItems,nonRecurring,otherItems,incomeTaxExpense,totalOtherIncomeExpense,discontinuedOperations,netIncomeFromContinuingOperations,netIncomeApplicableToCommonShares,preferredStockAndOtherAdjustments,reportedCurrency_y,totalAssets,intangibleAssets,earningAssets,otherCurrentAssets,totalLiabilities,totalShareholderEquity,deferredLongTermLiabilities,otherCurrentLiabilities,commonStock,retainedEarnings,otherLiabilities,goodwill,otherAssets,cash,totalCurrentLiabilities,shortTermDebt,currentLongTermDebt,otherShareholderEquity,propertyPlantEquipment,totalCurrentAssets,longTermInvestments,netTangibleAssets,shortTermInvestments,netReceivables,longTermDebt,inventory,accountsPayable,totalPermanentEquity,additionalPaidInCapital,commonStockTotalEquity,preferredStockTotalEquity,retainedEarningsTotalEquity,treasuryStock,accumulatedAmortization,otherNonCurrrentAssets,deferredLongTermAssetCharges,totalNonCurrentAssets,capitalLeaseObligations,totalLongTermDebt,otherNonCurrentLiabilities,totalNonCurrentLiabilities,negativeGoodwill,warrants,preferredStockRedeemable,capitalSurplus,liabilitiesAndShareholderEquity,cashAndShortTermInvestments,accumulatedDepreciation,commonStockSharesOutstanding,reportedCurrency,investments,changeInLiabilities,cashflowFromInvestment,otherCashflowFromInvestment,netBorrowings,cashflowFromFinancing,otherCashflowFromFinancing,changeInOperatingActivities,netIncome_y,changeInCash,operatingCashflow,otherOperatingCashflow,depreciation,dividendPayout,stockSaleAndPurchase,changeInInventory,changeInAccountReceivables,changeInNetIncome,capitalExpenditures,changeInReceivables,changeInExchangeRate,changeInCashAndCashEquivalents,clossingVal,nextClossingVal
0,2020-06-30,USD,6515,838718,6515,0,-803068,-833258,316325,None,-833258,None,515878,None,-832203,None,None,None,None,-1055,None,None,None,None,None,None,-833258,-833258,None,USD,3829432,1594085,None,None,1251974,2577458,None,None,2353,-69105673,603917,None,None,1793582,551650,None,None,None,217927,2017420,None,983373,None,None,96407,None,47333,None,None,None,None,None,None,None,None,None,1812012,176989,None,603917,700324,None,None,None,None,None,None,None,None,USD,-9903,-91587,-9903,None,96407,None,None,46418,-833258,-426410,-688730,None,29135,None,None,None,None,160562,9903,None,None,None,6.53,
1,2020-03-31,USD,0,930434,0,0,-930434,-900000,350664,None,-930501,None,579770,None,-930434,None,67,None,-70,-67,None,None,None,None,None,None,-930501,-900000,None,USD,4368618,1608121,None,253902,1293389,3075229,None,835127,2101,-68272415,613300,None,17920,2219992,646940,None,None,None,52165,2473894,None,1467108,None,None,None,None,458262,None,None,2101,None,-68272415,-13210,None,234438,None,1894724,221827,None,613300,646449,None,None,None,71358753,4368618,2219992,None,2099951,USD,-24063,-39326,-24063,-13385,96407,None,None,-1044,-930501,-837690,-813627,-936255,28113,None,None,None,None,133841,10678,None,None,-837690,1.94,6.53
2,2019-12-31,USD,0,790197,0,0,-790197,-822370,245410,None,-791392,None,544787,None,-790197,None,1195,None,-1200,-1195,-30980,None,None,None,-1195,-30978,-791392,-822370,None,USD,5265740,1634378,None,248148,1376507,3889233,None,874416,2101,-67341914,609242,None,17920,3057682,685210,None,None,None,47302,3305830,None,2254855,None,None,None,None,502091,None,None,2101,None,-67341914,-13210,None,278230,None,1959910,265174,None,609242,691297,None,None,None,71242256,5265740,3057682,None,2099951,USD,-25503,186036,-25503,-25503,96407,3098773,None,-20181,-822370,2418827,-654443,-910193,27550,None,3098773,None,None,-88814,25503,None,None,2418827,2.3,1.94
3,2019-09-30,USD,-9107,722045,0,-9107,-722045,-812711,250773,None,-724808,None,471272,None,-722045,None,2763,None,-2760,-2763,-87900,None,None,None,-2763,-87903,-724808,-812711,None,USD,2918780,1645555,None,129347,1333407,1585373,None,959147,1475,-66519544,651483,None,17920,769833,551929,None,None,None,52879,899180,None,-60992,None,None,None,None,374260,None,None,1475,810,-66519544,-13210,None,321166,None,2019600,307664,None,651483,781478,None,None,None,68115842,2918780,769833,None,1474001,USD,896,12425,-22691,3955,96407,0,None,106107,-812711,-599783,-577092,-632625,26416,None,None,None,None,-75076,3059,None,None,-599783,2.79,2.3
4,2019-06-30,USD,0,916415,0,0,-916415,-1251682,335752,None,-909606,None,580663,None,-916415,None,-6809,None,6810,6809,-342080,None,None,None,6809,-342076,-909606,-1251682,None,USD,4118158,1647477,None,614938,1736766,2381392,None,1470166,14736,-65706833,647164,None,17920,1437797,912613,None,None,None,54682,2052735,None,733105,None,None,None,None,266600,None,None,14736,810,-65706833,-13210,None,363264,None,2065423,349316,None,647164,824153,None,None,None,68085889,4118158,1437797,None,14722840,USD,-23387,-56187,-23387,-23387,None,3098773,None,88533,-1251682,-735406,-712019,-798303,28902,None,None,None,None,58108,23387,None,None,-735406,0.31,2.79
5,2019-03-31,USD,0,686606,0,0,-686606,-1040899,218216,None,-693724,None,468390,None,-686606,None,7118,None,-7120,-7118,-347180,None,None,None,-7118,-347175,-693724,-1040899,None,USD,5160847,1411263,None,1060776,1629616,3531231,None,1321332,14736,-64455151,430978,None,17920,2228664,976810,167090,167090,None,55600,3289440,None,2119158,None,4961,221828,None,308284,None,None,14736,810,-64455151,-13210,None,404544,None,1871407,388918,None,430978,652806,None,None,None,67984046,5160847,2228664,None,14722840,USD,-32517,51435,-32517,-31323,None,3098773,None,16226,-693720,-619546,-587029,-692680,27595,None,None,None,-4961,-383246,1194,None,None,-619546,0.35,0.31
6,2018-12-31,USD,342661,-1425937,-552127,209466,1753724,-1876458,-1645946,0,1756928,0,220009,None,1753724,0,-3204,None,None,None,-3633390,0,0,0,311537,-347175,1756928,-1876458,None,USD,6165820,1396409,None,2826609,1567876,4597944,None,877755,14028,-63414252,428163,None,17920,3258077,1139713,None,None,None,63214,4688277,None,4596426,None,17920,None,None,261958,None,None,14028,1518,-63414252,-13210,None,None,None,63214,None,None,428163,428163,None,None,None,68009860,6165820,3258077,None,14014410,USD,None,-710940,2716,-93893,None,-3105,-3105,16226,-4271600,511353,511742,-4517476,-159498,None,None,None,5618,-2755905,18525,-34844,None,511353,0.2475,0.35
7,2018-09-30,USD,342661,2040345,552127,-209466,-2249811,-2249923,854364,0,-2249923,0,1185981,None,-2249811,0,112,None,None,None,0,0,0,0,-112,-347175,-2249923,-2249923,None,USD,8657468,2109981,None,83382,2270682,6386786,0,432117,14004,-61537794,465181,0,55420,5538765,1805501,None,None,None,458856,6033211,None,4275287,0,279299,0,131765,1805501,0,0,14004,1518,-61537794,-10105,None,55420,None,2624257,None,None,465181,465181,None,None,None,67919163,8657468,5538765,None,13999756,USD,None,140830,-39152,-38064,None,-428,-428,341943,-2249923,-1441448,-1401868,420426,80087,0,0,45585,-108167,269294,1088,-108167,None,-1441448,0.637,0.2475
8,2018-06-30,USD,619942,1793202,584800,35142,-1758060,-1722446,905541,0,-1722446,0,887661,None,-1758060,0,-35614,None,None,None,0,0,0,0,370123,-347175,-1722446,-1722446,None,USD,10559485,2096692,None,503808,2129852,8429633,0,492132,14004,-59287871,462199,0,55420,6980213,1667653,None,None,None,513153,7894220,None,6331423,0,170792,0,239407,1667653,0,0,14004,1518,-59287871,-9677,None,55420,None,2665265,None,None,462199,462199,None,None,None,67711659,10559485,6980213,None,14000342,USD,None,362757,-56107,-37582,None,-2188,-2188,-125865,-1722446,-1173055,-1114760,-270582,103112,0,0,-18743,98496,332646,18525,98496,None,-1173055,1.06,0.637
9,2018-03-31,USD,181500,1904014,334963,-153463,-2057477,-2056162,757783,0,-2056162,0,1146231,None,-2057477,0,-1315,None,None,None,0,0,0,0,1315,0,-2056162,-2056162,None,USD,11483089,2088428,None,251146,1767095,9715994,0,478521,13998,-57565425,459216,0,37500,8153268,1307879,None,None,None,573026,8784135,None,7626048,0,152716,0,227005,1307879,0,0,13998,1518,-57565425,-7489,None,37500,None,2698954,None,None,459216,459216,None,None,None,67273392,11483089,8153268,None,13998465,USD,None,-219769,-41606,-41606,None,-2188,None,-37962,-2056162,-1868979,-1827373,32062,113808,0,0,25241,50133,227314,18525,50133,None,-1868979,1.14,1.06
10,2017-12-31,USD,238590,1831915,347614,-109024,-1940939,-1938791,810519,0,-1938791,0,1021396,None,-1940939,0,-2148,None,None,None,0,0,0,0,17588,-6225036,-1938791,-1938791,None,USD,13566987,2082014,None,283208,1986864,11580123,0,1081000,13998,-55509263,456000,0,2119000,10022247,1530630,None,None,None,669571,10777902,None,9496591,0,221084,0,251363,1530630,0,0,13998,1518,-55509263,-7489,None,37500,None,2789085,None,None,None,456234,None,None,None,67081359,13566987,10022247,None,13996121,USD,None,-43822,-168346,-57552,None,13667000,-5721,-35486,-1938791,-1659640,-1491294,-149561,112054,0,0,18533,-5618,310432,110794,199861,None,-1659640,1.42,1.14
11,2017-09-30,USD,444640,2247575,418529,26111,-2221464,-2217599,1075849,0,-2217599,0,1171726,None,-2221464,0,-3865,None,None,None,0,0,0,0,0,0,-2217599,-2217599,None,USD,15274878,2059645,None,171147,2030686,13244192,0,1251000,13998,-53570472,493000,0,2059000,11681887,1537598,None,None,None,647657,12567576,None,11183029,0,387081,0,327461,287114,0,0,13998,1518,-53570472,-7489,None,None,None,2707302,None,None,493088,493088,None,None,None,66806637,15274878,11681887,None,13996121,USD,None,147479,-76404,-49731,None,-1574,-1574,154734,-2217599,-1654021,-1576043,81385,114567,0,13657331,47937,234980,384453,26673,-134265,None,-1654021,2.59,1.42
12,2017-06-30,USD,253370,2706119,764609,-511239,-3217358,-3210324,1108368,0,-3210324,0,1597751,None,-3217358,0,-7034,None,None,None,0,0,0,0,0,0,-3210324,-3210324,None,USD,17010941,2099182,None,252532,1883207,15127734,0,1180000,13998,-51352873,490000,0,2099000,13335908,1393266,None,None,None,751138,14160621,None,13027034,0,205646,0,366535,212984,0,0,13998,1518,-51352873,-5915,None,None,None,2850320,None,None,489941,489941,None,None,None,66471006,17010941,13335908,None,13996782,USD,None,-39328,-112526,-98758,None,13668000,-1574,181222,-3210324,-2015007,-1902481,70201,111858,0,13657331,122038,100715,896277,13768,146797,None,-2015007,2.1,2.59
13,2017-03-31,USD,275670,2637665,710930,-435260,-3072925,-3068384,1190169,0,-3068384,0,1447496,None,-3072925,0,-4541,None,None,None,0,0,0,0,0,0,-3068384,-3068384,None,USD,19885613,1959498,None,304813,1661232,18224381,0,1031000,13998,-48142549,267000,0,1978000,15350915,1394294,None,None,None,835137,17073058,None,16263365,0,565467,0,851863,363333,0,0,13998,1518,-48142549,-5915,None,17920,None,2812555,None,None,266938,266938,None,None,None,66357329,19885613,15350915,None,13996782,USD,None,-100082,-76754,-72376,None,13668474,11143,7780,-3068384,11145999,-2445721,7780,113068,0,13657331,44491,247512,804918,4378,-247512,None,11145999,3.25,2.1
14,2016-12-31,USD,370710,2760895,408084,-37374,-2798269,-2789001,1310804,0,-2789001,0,1450091,None,-2798269,0,-9268,None,None,None,0,0,0,0,-80923,-6225036,-2789001,-2789001,None,USD,9001276,1905556,None,312593,1761314,7239962,0,1149000,9561,-45074165,265000,0,1924000,4204916,1495896,None,None,None,936486,6141314,None,5334406,0,378658,0,1245147,1495896,0,0,9561,0,-45074165,-5915,None,17920,None,2859962,None,None,None,265418,None,None,None,52310481,9001276,4204916,None,9559213,USD,None,-196470,-122922,-60764,None,-3261,-3261,-101260,-2789001,-2608522,-2482339,-163299,116165,0,0,9861,409000,469044,62158,71361,None,-2608522,3.3,3.25
15,2016-09-30,USD,439270,2635153,737937,-298667,-2933820,-2922266,1231024,0,-2922266,0,1404129,None,-2933820,0,-11554,None,None,None,0,0,0,0,0,0,-2922266,-2922266,None,USD,11607471,1908531,None,149294,1957784,9649687,0,1085000,9558,-42285164,263000,0,1926000,6813438,1694148,None,None,None,1005459,8675561,None,7741156,0,450019,0,1262810,1694148,0,0,9558,0,-42285164,-2657,None,17920,None,2931910,None,None,None,263636,None,None,None,51927950,11607471,6813438,None,9557747,USD,None,-240366,-127475,-95640,None,36000,None,None,-2922266,-2738414,-2610939,86634,106195,0,0,-62204,337000,529849,31835,-108781,None,-2738414,5.17,3.3
16,2016-06-30,USD,322116,2497271,298937,23179,-2474092,-2467477,1203179,0,-2467477,0,1294092,None,-2474092,0,-6615,None,None,None,0,0,0,0,0,0,-2467477,-2467477,None,USD,14398421,1851947,None,235928,2198150,12200271,0,832000,9558,-39362898,262000,0,1869000,9551852,1936297,None,None,None,1066567,11461987,None,10348324,0,411138,0,1263069,1936297,0,0,9558,0,-39362898,-2657,None,17920,None,2936434,None,None,None,261853,None,None,None,51556268,14398421,9551852,None,9557747,USD,None,-12333,-297102,-100389,None,36000,None,None,-2467477,-2726606,-2429504,54841,97280,0,0,-550849,446000,427876,196713,21158,None,-2726606,4.93,5.17
17,2016-03-31,USD,496644,2812846,494754,1890,-2810956,-2802347,1479985,0,-2802347,0,1332861,None,-2810956,0,-8609,None,None,None,0,0,0,0,0,0,-2802347,-2802347,None,USD,16498421,1791283,None,290769,2210483,14287938,0,1187000,9558,-36895421,259000,0,1808000,12278458,1951007,None,None,None,951652,13737566,None,12496655,0,447771,0,720568,1951007,0,0,9558,0,-36895421,-2657,None,17920,None,2760855,None,None,None,259476,None,None,None,51176458,16498421,12278458,None,9557747,USD,None,-627914,-203493,-103111,None,35536,35536,None,-2802347,-2743828,-2575871,5586,86999,0,0,-76801,425000,413503,100382,425103,None,-2743828,4.52,4.93
18,2015-12-31,USD,967391,3060159,954608,12783,-3047376,-3037056,1712028,0,-3037056,0,1348131,None,-3047376,0,-10320,None,None,None,0,0,0,0,31472,-6225036,-3037056,-3037056,None,USD,19250154,1466811,None,296355,2578921,16671233,0,1240000,9550,-34093074,None,0,1484000,15022286,2578921,None,None,None,925899,16839524,None,15204422,0,872874,0,648009,2578921,0,0,9550,0,-34093074,-2657,None,17920,None,2410630,None,None,None,None,None,None,None,50757414,19250154,15022286,None,9549544,USD,None,451704,-382555,-227691,None,419943,419943,434224,-3037056,-2304302,-2341690,-129721,88018,0,0,-64021,-523697,469254,154864,-119868,None,-2304302,8.0,4.52
19,2015-09-30,USD,895490,2983292,842425,53065,-2930227,-2918199,1716782,0,-2918199,0,1266510,None,-2930227,0,-12028,None,None,None,0,0,0,0,0,0,-2918199,-2918199,None,USD,21035135,1288010,None,166634,2127217,18907918,0,1093000,9380,-31056018,None,0,1306000,17326588,2127217,None,None,None,854280,18874925,None,17619908,0,795559,0,586144,2127217,0,0,9380,0,-31056018,-2657,None,17920,None,2160210,None,None,None,None,None,None,None,49957213,21035135,17326588,None,9379939,USD,None,91373,-500600,-207067,None,84993,84993,None,-2918199,-2639203,-2223596,119734,63894,0,0,75063,0,382634,293533,-38095,None,-2639203,6.61,8.0
