,fiscalDateEnding,reportedCurrency_x,totalRevenue,totalOperatingExpense,costOfRevenue,grossProfit,ebit,netIncome_x,researchAndDevelopment,effectOfAccountingCharges,incomeBeforeTax,minorityInterest,sellingGeneralAdministrative,otherNonOperatingIncome,operatingIncome,otherOperatingExpense,interestExpense,taxProvision,interestIncome,netInterestIncome,extraordinaryItems,nonRecurring,otherItems,incomeTaxExpense,totalOtherIncomeExpense,discontinuedOperations,netIncomeFromContinuingOperations,netIncomeApplicableToCommonShares,preferredStockAndOtherAdjustments,reportedCurrency_y,totalAssets,intangibleAssets,earningAssets,otherCurrentAssets,totalLiabilities,totalShareholderEquity,deferredLongTermLiabilities,otherCurrentLiabilities,commonStock,retainedEarnings,otherLiabilities,goodwill,otherAssets,cash,totalCurrentLiabilities,shortTermDebt,currentLongTermDebt,otherShareholderEquity,propertyPlantEquipment,totalCurrentAssets,longTermInvestments,netTangibleAssets,shortTermInvestments,netReceivables,longTermDebt,inventory,accountsPayable,totalPermanentEquity,additionalPaidInCapital,commonStockTotalEquity,preferredStockTotalEquity,retainedEarningsTotalEquity,treasuryStock,accumulatedAmortization,otherNonCurrrentAssets,deferredLongTermAssetCharges,totalNonCurrentAssets,capitalLeaseObligations,totalLongTermDebt,otherNonCurrentLiabilities,totalNonCurrentLiabilities,negativeGoodwill,warrants,preferredStockRedeemable,capitalSurplus,liabilitiesAndShareholderEquity,cashAndShortTermInvestments,accumulatedDepreciation,commonStockSharesOutstanding,reportedCurrency,investments,changeInLiabilities,cashflowFromInvestment,otherCashflowFromInvestment,netBorrowings,cashflowFromFinancing,otherCashflowFromFinancing,changeInOperatingActivities,netIncome_y,changeInCash,operatingCashflow,otherOperatingCashflow,depreciation,dividendPayout,stockSaleAndPurchase,changeInInventory,changeInAccountReceivables,changeInNetIncome,capitalExpenditures,changeInReceivables,changeInExchangeRate,changeInCashAndCashEquivalents,clossingVal,nextClossingVal
0,2020-06-30,USD,279883000,209600000,101871000,178012000,80608000,58616000,36557000,None,69899000,None,70918000,-384000,70283000,-254000,None,11283000,None,None,None,None,None,11283000,-384000,None,58616000,58616000,None,USD,920768000,10424000,None,92555000,238706000,682062000,None,3512000,280000,492802000,13108000,119521000,48475000,230734000,172779000,None,None,4544000,124410000,596238000,None,552117000,11560000,128334000,None,133055000,95522000,None,None,280000,None,492802000,None,None,30938000,None,324530000,59493000,None,12066000,65927000,None,None,None,184436000,920768000,242294000,None,27998000,USD,-8723000,20864000,-8723000,-565000,None,2756000,None,-36345000,58616000,-18034000,-12577000,-52201000,10325000,None,0,14289000,-90934000,10608000,11658000,-90934000,510000,-18034000,83.9,
1,2020-03-31,USD,192535000,212760000,114580000,77955000,-12766000,-18135000,36759000,None,-20244000,None,61167000,-19000,-20225000,-254000,None,-2109000,None,None,None,None,None,-2109000,-19000,None,-18135000,-18135000,None,USD,820033000,11787000,None,41743000,203494000,616539000,None,5320000,616539000,434186000,12112000,118377000,74849000,248768000,138338000,None,None,6284000,125488000,489532000,None,486375000,14759000,37013000,None,147249000,77217000,None,None,279000,None,434186000,None,None,33778000,None,330501000,59994000,None,11058000,65156000,None,None,None,175790000,820033000,263527000,None,27876000,USD,-5370000,-41440000,-5370000,-1560000,None,-25882000,-1816000,-32017000,-18135000,9376000,40734000,-5612000,7459000,None,-25000000,9848000,108825000,6194000,7310000,108825000,-106000,9376000,40.9,83.9
2,2019-12-31,USD,426778000,410228000,257408000,169370000,25965000,20041000,37287000,None,25052000,None,115278000,12215000,16550000,659413000,None,5011000,None,None,None,None,None,5011000,8502000,None,20041000,20041000,None,USD,920753000,12352000,None,34285000,268684000,652069000,912000,4549000,284000,452321000,11254000,118732000,50986000,239392000,202502000,None,None,3009000,123466000,594217000,21000000,520985000,17032000,146161000,None,157347000,116185000,None,None,284000,None,452321000,None,None,30195000,None,326536000,61771000,None,10342000,66182000,None,None,None,196455000,920753000,256424000,None,28352390,USD,4930000,6720000,4930000,-100000,None,2166000,-7277000,16375000,20041000,168850000,161631000,4845000,9415000,None,0,91170000,24012000,-6102000,8257000,24012000,123000,168850000,50.63,40.9
3,2019-09-30,USD,289399000,246844000,152558000,136841000,52394000,35532000,33401000,None,43455000,None,60629000,None,42555000,None,None,7923000,None,None,None,None,None,7923000,900000,None,35532000,35532000,None,USD,873664000,14931000,None,39112000,250779000,622885000,None,4902000,282000,432280000,10619000,117537000,46780000,70542000,183819000,None,None,1055000,123967000,548049000,22400000,490417000,20530000,169562000,None,248303000,108331000,None,None,282000,None,432280000,None,None,32003000,37177000,325615000,62648000,None,9059000,66960000,None,None,None,189268000,873664000,91072000,None,28245000,USD,-9670000,25579000,-9670000,-795000,None,301000,-7277000,12218000,35532000,-62253000,-52882000,6091000,9839000,None,0,-56751000,-78756000,-543000,12375000,-78756000,-2000,-62253000,61.67,50.63
4,2019-06-30,USD,260172000,254922000,142002000,118170000,14431000,7207000,35650000,None,6783000,None,77001000,None,5250000,None,None,-424000,None,None,None,None,None,424000,1533000,None,7207000,7207000,None,USD,801015000,18636000,None,41960000,221439000,579576000,None,2101000,281000,396748000,10793000,120538000,37316000,132795000,152578000,None,None,-2116000,71728000,481150000,21645000,440402000,23984000,90401000,58068000,192010000,86848000,None,None,281000,None,396748000,None,None,25099000,33862000,319865000,63590000,None,8683000,68861000,None,None,None,184663000,801015000,156779000,None,28123000,USD,-10582000,4593000,-10582000,-5381000,None,2052000,-65000,-6649000,7207000,-40299000,-31400000,-11333000,9181000,None,2117000,-10249000,-38753000,7954000,8701000,-38753000,-369000,-40299000,91.64,61.67
5,2019-03-31,USD,237661000,-97283000,-3077000,119546000,22263000,22520000,-35269000,None,23543000,None,-38836000,None,22263000,None,None,1023000,None,None,None,None,None,-1023000,1280000,None,24566000,22520000,None,USD,779102000,20689000,None,30526000,216479000,562623000,None,5267000,280000,389541000,11848000,117546000,56226000,173094000,144826000,5521000,5521000,-2198000,66616000,466607000,19000000,424388000,27363000,54496000,59805000,181128000,139559000,None,None,280000,None,389541000,None,None,74723000,32921000,312495000,65326000,None,71653000,71653000,None,None,None,175000000,779102000,200457000,None,28038000,USD,2380000,-75471000,-5601000,-1977000,None,-4649000,-7212000,-25640000,22520000,42453000,52703000,-2913000,8724000,None,2563000,-16863000,106561000,10145000,6004000,106561000,268000,42721000,117.69,91.64
6,2018-12-31,USD,384665000,156724000,-857614000,186511000,30224000,25191000,37451000,0,30224000,0,119013000,437000,29787000,518872000,0,None,None,None,-2127000,0,0,5033000,437000,0,25191000,25191000,None,USD,766961000,24273000,None,25660000,231639000,535322000,4005000,5756000,278000,367021000,17882000,118896000,37229000,130373000,213757000,None,None,-4748000,57026000,514437000,15100000,392153000,31605000,162166000,None,164633000,208001000,None,None,278000,None,367021000,None,None,15350000,None,36979000,None,None,17882000,17882000,None,None,None,172771000,766961000,161978000,None,27788272,USD,3500000,45431000,-3738000,-100000,None,2418000,-3532000,18506000,25191000,30072000,31392000,9885000,9497000,None,2418000,-3927000,-55850000,1165000,7138000,-55850000,179000,30251000,83.74,117.69
7,2018-09-30,USD,264534000,97931000,129328000,135206000,37612000,31929000,35309000,0,37612000,0,62359000,337000,37275000,263000,0,None,None,None,0,0,0,5683000,337000,0,31929000,31929000,None,USD,691603000,29385000,None,36332000,188025000,503578000,5720000,4719000,277000,341829000,17312000,118805000,31832000,100122000,170713000,None,None,-2031000,54198000,441783000,15600000,355388000,34994000,109583000,0,160752000,165994000,0,0,277000,0,341829000,0,None,15647000,31785000,249820000,None,None,17312000,23032000,None,None,None,163503000,691603000,135116000,None,27671324,USD,3500000,49624000,-7699000,-199000,None,5343000,None,5429000,31929000,11618000,13974000,-5654000,9415000,0,5343000,-44316000,-34155000,7131000,11000000,-34155000,-279000,11339000,109.92,83.74
8,2018-06-30,USD,226317000,104571000,108391000,117926000,14862000,10471000,34924000,0,14862000,0,69378000,1507000,13355000,269000,0,None,None,None,0,0,0,4391000,1507000,0,10471000,10471000,None,USD,596781000,34079000,None,30608000,138740000,458041000,7190000,2223000,274000,309901000,18017000,118319000,48685000,88783000,120723000,None,None,-3690000,47252000,348446000,None,305643000,38551000,75127000,0,115377000,118500000,0,0,274000,0,309901000,0,None,15531000,33154000,248335000,None,None,18017000,25207000,None,None,None,151556000,596781000,127334000,None,27402313,USD,3500000,-6699000,-3654000,-1587000,None,-47848000,-54000,-9838000,10471000,-54973000,-3471000,-6650000,8915000,0,-47794000,-6080000,-7557000,4129000,5567000,-7557000,-745000,-55718000,75.77,109.92
9,2018-03-31,USD,217068000,90380000,101283000,115785000,25924000,20401000,32945000,0,25924000,0,57162000,519000,25405000,273000,0,None,None,None,0,0,0,5523000,519000,0,20401000,20401000,None,USD,649437000,40613000,None,24584000,152809000,496628000,8349000,6271000,280000,299430000,12963000,123218000,211526000,144501000,131497000,None,None,5897000,47223000,390688000,14800000,332797000,39960000,69532000,0,112111000,125226000,0,0,280000,0,299430000,0,None,15005000,32690000,258749000,None,None,21312000,29661000,None,None,None,191021000,649437000,184461000,None,28073120,USD,-2938000,-67031000,-11276000,379000,None,-3079000,-3478000,-26167000,20401000,15435000,29790000,-6114000,8747000,0,399000,-4223000,73642000,4368000,8717000,73642000,431000,15866000,64.19,75.77
10,2017-12-31,USD,326897000,130470000,173355000,153542000,22458000,4620000,32631000,0,22458000,0,97400000,-614000,23072000,439000,0,None,None,None,0,0,0,17838000,1075000,0,4620000,4620000,None,USD,691522000,44712000,None,19105000,221195000,470327000,0,7761000,279000,277989000,13932000,121440000,212217000,128635000,197724000,None,None,1992000,44579000,434726000,14200000,304175000,37225000,142829000,0,106932000,189963000,0,0,279000,0,277989000,0,None,14534000,None,31531000,None,None,23471000,23471000,None,None,None,190067000,691522000,165860000,None,27945144,USD,-978000,19356000,-139917000,-132198000,None,1574000,-9000,17594000,4621000,-113126000,25217000,-730000,10976000,0,1583000,22474000,-53251000,10814000,6741000,-42294000,-25000,-113151000,76.7,64.19
11,2017-09-30,USD,205399000,78491000,103016000,102383000,26493000,22082000,28843000,0,26493000,0,49648000,2601000,23892000,1317000,0,None,None,None,0,0,0,4411000,915000,0,22082000,22082000,None,USD,610661000,15315000,None,18395000,154169000,456492000,0,4607000,279000,273368000,8042000,41041000,105508000,241786000,146127000,None,None,59000,37093000,468060000,None,400136000,36442000,78624000,0,92813000,141520000,0,0,279000,0,273368000,0,None,14064000,35088000,142601000,None,None,None,8042000,None,None,None,182786000,610661000,278228000,None,27874351,USD,3500000,34457000,-321000,-463000,None,3625000,-9000,7149000,22081000,21612000,18308000,-3621000,5708000,0,3625000,-13124000,9429000,2253000,3358000,-29446000,1000,21613000,77.06,76.7
12,2017-06-30,USD,183148000,85803000,93257000,89891000,5774000,7903000,26167000,0,5774000,0,59636000,1686000,4088000,-1317000,0,None,None,None,0,0,0,-2129000,1683000,0,7903000,7903000,None,USD,544791000,17645000,None,14211000,118994000,425797000,0,3069000,276000,251286000,6282000,41332000,108441000,220173000,112712000,None,None,113000,37108000,399242000,None,366820000,39939000,41672000,0,83247000,109643000,0,0,276000,0,251286000,0,None,13611000,35853000,145549000,None,None,None,6282000,None,None,None,174122000,544791000,260112000,None,27644426,USD,-36000,8471000,-26175000,-15875000,None,4447000,-196000,1256000,7903000,-15697000,6031000,-5733000,5329000,0,4643000,-4274000,18489000,1001000,10264000,-6666000,142000,-15555000,84.14,77.06
13,2017-03-31,USD,168467000,65705000,81124000,87343000,21641000,16359000,25508000,0,21641000,0,40197000,3000,21638000,439000,0,None,None,None,0,0,0,5282000,3000,0,16359000,16359000,None,USD,514281000,11343000,None,7317000,105834000,408447000,0,4202000,274000,243384000,5764000,41041000,97027000,235728000,100070000,None,None,-168000,29250000,388004000,None,356063000,39942000,47892000,0,57125000,95868000,0,0,274000,0,243384000,0,None,13214000,31429000,126277000,None,None,None,5764000,None,None,None,164957000,514281000,275670000,None,27409706,USD,2000,-14522000,-3510000,-504000,None,-2056000,-2778000,-1745000,16359000,21193000,26759000,-1745000,3486000,0,722000,-6546000,25155000,4572000,3008000,25155000,12000,21205000,66.14,84.14
14,2016-12-31,USD,212494000,87923000,105852000,106642000,20381000,13681000,21861000,0,20381000,0,66062000,1662000,18719000,439000,0,None,None,None,0,0,0,6700000,3281000,0,13681000,13681000,None,USD,507912000,12207000,None,5591000,118956000,388956000,0,4486000,272000,226950000,6320000,41041000,96710000,214523000,112636000,None,None,-151000,27532000,383670000,12877000,335708000,39930000,73048000,0,50578000,108150000,0,0,272000,0,226950000,0,None,12877000,30585000,124242000,None,None,None,6320000,None,None,None,161885000,507912000,254453000,None,27237870,USD,-1366000,24067000,-6123000,-2292000,None,6704000,1856000,12460000,13681000,49971000,49390000,4766000,3435000,0,4848000,10491000,25682000,-1753000,2465000,-5297000,None,49971000,58.45,66.14
15,2016-09-30,USD,168610000,53609000,87550000,81060000,27974000,19512000,19672000,0,27974000,0,33937000,523000,27451000,0,0,None,None,None,0,0,0,8462000,-1096000,0,19512000,19512000,None,USD,458626000,13071000,None,10357000,94109000,364517000,0,1297000,270000,213269000,4231000,41041000,89973000,164552000,89878000,None,None,-20000,26745000,341908000,None,310405000,38179000,67751000,0,61069000,88581000,0,0,270000,0,213269000,0,None,9843000,26018000,116718000,None,None,None,4231000,None,None,None,150998000,458626000,202731000,None,26970474,USD,-3502000,16879000,-6980000,-7000,None,1656000,303000,5853000,19512000,26086000,31410000,5853000,3442000,0,1353000,-14170000,30979000,8315000,3471000,-8421000,None,26086000,43.98,58.45
16,2016-06-30,USD,148696000,63794000,75690000,69652000,7277000,4814000,18544000,0,7277000,0,45250000,1419000,5858000,0,0,None,None,None,0,0,0,2463000,1619000,0,4814000,4814000,None,USD,416813000,13936000,None,16210000,77272000,339541000,0,1279000,272000,193803000,7392000,41041000,95248000,138466000,69880000,None,None,46000,25833000,295732000,None,284564000,34827000,59330000,0,46899000,68601000,0,0,272000,0,193757000,0,None,9836000,30435000,121081000,None,None,None,7392000,None,None,None,145466000,416813000,173293000,None,None,USD,-4052000,3821000,17293000,23092000,None,-82231000,463000,-4447000,4814000,-77524000,-12999000,-4447000,3354000,0,-82694000,5865000,39400000,4258000,2491000,-30664000,None,-77524000,35.08,43.98
17,2016-03-31,USD,130804000,56432000,68843000,61961000,5729000,3932000,19728000,0,5729000,0,36704000,200000,5529000,0,0,None,None,None,0,0,0,1797000,0,0,3932000,3932000,None,USD,490803000,14800000,None,31736000,77619000,413184000,0,7243000,289000,188943000,7231000,48751000,105331000,215990000,70388000,None,None,1000,25600000,359872000,None,349633000,30746000,28636000,0,52764000,63145000,0,0,289000,0,188943000,0,None,9931000,31849000,130931000,None,None,None,7231000,None,None,None,223951000,490803000,246736000,None,28908411,USD,2500000,-26207000,-413000,-523000,None,-12135000,-951000,None,3932000,36075000,48623000,-2985000,3375000,0,-11184000,-3167000,70064000,3611000,2390000,70064000,None,36075000,35.3,35.08
18,2015-12-31,USD,206420000,87923000,106572000,106642000,20381000,13681000,20185000,0,20381000,0,66062000,1662000,18719000,925000,0,None,None,None,0,0,0,6966000,2446000,0,13681000,13681000,None,USD,521743000,12207000,None,5591000,118956000,417411000,0,4486000,291000,226950000,7706000,41041000,105544000,214523000,112636000,None,None,-151000,26850000,389349000,9408000,352996000,39930000,73048000,0,50578000,108150000,0,0,291000,0,226950000,0,None,12877000,31721000,132394000,None,None,None,6320000,None,None,None,161885000,521743000,254453000,None,None,USD,-1366000,24067000,-6123000,-2292000,None,6704000,1856000,922000,13681000,49971000,49390000,4766000,3435000,0,4848000,10491000,-31461000,-1753000,2465000,-5297000,None,49971000,35.4,35.3
19,2015-09-30,USD,143609000,51202000,73751000,69858000,18563000,12793000,18122000,0,18563000,0,33080000,-93000,18656000,0,0,None,None,None,0,0,0,5770000,-32000,0,12793000,12793000,None,USD,489813000,16529000,None,8408000,86707000,403106000,0,2279000,292000,165680000,3033000,48751000,84734000,176430000,83674000,None,None,-126000,28553000,376526000,None,337826000,35791000,97232000,0,58665000,81395000,0,0,292000,0,165680000,0,None,11766000,7688000,113287000,None,None,None,3033000,None,None,None,237260000,489813000,212221000,None,28247802,USD,1425000,7381000,-593000,0,None,-17812000,43000,None,12793000,-10186000,8219000,2083000,3558000,0,-17855000,-12688000,5258000,5508000,2018000,-10416000,None,-10186000,29.14,35.4
