,fiscalDateEnding,reportedCurrency_x,totalRevenue,totalOperatingExpense,costOfRevenue,grossProfit,ebit,netIncome_x,researchAndDevelopment,effectOfAccountingCharges,incomeBeforeTax,minorityInterest,sellingGeneralAdministrative,otherNonOperatingIncome,operatingIncome,otherOperatingExpense,interestExpense,taxProvision,interestIncome,netInterestIncome,extraordinaryItems,nonRecurring,otherItems,incomeTaxExpense,totalOtherIncomeExpense,discontinuedOperations,netIncomeFromContinuingOperations,netIncomeApplicableToCommonShares,preferredStockAndOtherAdjustments,reportedCurrency_y,totalAssets,intangibleAssets,earningAssets,otherCurrentAssets,totalLiabilities,totalShareholderEquity,deferredLongTermLiabilities,otherCurrentLiabilities,commonStock,retainedEarnings,otherLiabilities,goodwill,otherAssets,cash,totalCurrentLiabilities,shortTermDebt,currentLongTermDebt,otherShareholderEquity,propertyPlantEquipment,totalCurrentAssets,longTermInvestments,netTangibleAssets,shortTermInvestments,netReceivables,longTermDebt,inventory,accountsPayable,totalPermanentEquity,additionalPaidInCapital,commonStockTotalEquity,preferredStockTotalEquity,retainedEarningsTotalEquity,treasuryStock,accumulatedAmortization,otherNonCurrrentAssets,deferredLongTermAssetCharges,totalNonCurrentAssets,capitalLeaseObligations,totalLongTermDebt,otherNonCurrentLiabilities,totalNonCurrentLiabilities,negativeGoodwill,warrants,preferredStockRedeemable,capitalSurplus,liabilitiesAndShareholderEquity,cashAndShortTermInvestments,accumulatedDepreciation,commonStockSharesOutstanding,reportedCurrency,investments,changeInLiabilities,cashflowFromInvestment,otherCashflowFromInvestment,netBorrowings,cashflowFromFinancing,otherCashflowFromFinancing,changeInOperatingActivities,netIncome_y,changeInCash,operatingCashflow,otherOperatingCashflow,depreciation,dividendPayout,stockSaleAndPurchase,changeInInventory,changeInAccountReceivables,changeInNetIncome,capitalExpenditures,changeInReceivables,changeInExchangeRate,changeInCashAndCashEquivalents,clossingVal,nextClossingVal
0,2020-03-31,ARS,2771621000,1377297000,1042185000,1729436000,-908820000,-1351121000,None,None,-1661608000,2962708000,342872000,None,1394324000,-7760000,694297000,-260476000,167990000,-526307000,None,None,None,-260476000,-2529625000,None,-1401132000,-1351121000,None,ARS,110798165000,974456000,None,5961000,58225506000,49609951000,None,33659000,126014000,-1762294000,19833364000,85547000,4435576000,2633311000,13177687000,None,10355093000,3172825000,82334625000,18497610000,4636520000,48549948000,5379232000,10348976000,24599449000,36707000,2559941000,None,None,None,None,None,None,None,None,None,92300555000,602744000,25191867000,None,45047819000,None,None,None,9167337000,None,8012543000,None,None,ARS,-2413819000,-289603000,-2413819000,-2008587000,159397000,-1188194000,-1297449000,-26673000,-1351121000,-2061974000,1540039000,None,58491000,-50142000,None,7000,None,2632831000,77698000,None,None,None,7.25,
1,2019-12-31,ARS,3523995000,1549838000,1042911000,2481084000,-1211590000,-2620485000,0,0,-2120916000,2795406000,575341000,0,1974157000,154302000,825830000,655707000,134937000,-690893000,0,0,0,770330000,-3404180000,0,-2776623000,-2650234000,0,ARS,105015979000,925694000,None,1618000,54938891000,47281682000,0,31347000,126014000,-381424000,18599965000,79357000,2474314000,4139298000,12807644000,0,9826944000,2941896000,77729333000,18950779000,5010708000,46276631000,5002146000,9705748000,22999902000,33875000,2693654000,0,0,0,0,0,0,0,86065200000,0,86065200000,566032000,23531282000,0,42131247000,0,0,0,8504061000,0,9141444000,0,31000000,ARS,-501444000,-138863000,-501444000,-173930000,-707389000,-2013155000,-662887000,-11013000,-2620485000,-728812000,1785787000,0,83496000,-642879000,0,620000,-19358000,4262427000,22636000,0,0,0,16.75,7.25
2,2019-09-30,ARS,2703993000,1271721000,876517000,1827476000,3438356000,2002556000,0,0,2738299000,2708046000,387431000,0,1432272000,441710000,647869000,478890000,53276000,-651193000,0,0,0,535448000,1957220000,0,2259409000,2239061000,0,ARS,99100094000,361772000,None,18352000,51138482000,45253566000,0,31253000,126014000,-31041188000,16401919000,70975000,2520422000,4537678000,12391401000,0,9738162000,35708422000,75130558000,18250269000,2911695000,44820819000,5218547000,8363034000,22105941000,31760000,2430502000,0,0,0,0,0,0,0,80849825000,0,80849825000,263349000,22345162000,0,38747081000,0,0,0,7605806000,0,9756225000,0,32000000,ARS,-1715375000,-421808000,-1715375000,-1711940000,569686000,-270991000,-840677000,-128120000,2002556000,-504316000,1482050000,0,52188000,0,0,1897000,358054000,-376822000,23043000,0,0,0,13.0,16.75
3,2019-06-30,ARS,3066710000,1460572000,1072833000,1993877000,-16094775000,-13421408000,0,0,-16572657000,2177752000,335085000,0,1606138000,127126000,436472000,-2908821000,50178000,-448933000,0,0,0,-2908821000,-17729862000,0,-13663836000,-13421408000,0,ARS,80998837000,342698000,None,69340000,40385939000,38435146000,0,13553000,126014000,-29364419000,14044795000,63072000,692013000,4198987000,4055781000,0,1259464000,31718374000,60658506000,17185844000,2180725000,38029376000,6072739000,6814744000,22271559000,30034000,2514326000,0,0,0,0,0,0,0,63812993000,0,63812993000,0,22271559000,0,36330158000,0,0,0,6758921000,0,10271726000,0,32000000,ARS,-239211000,291661000,-239211000,-382775000,270804000,17327000,-226126000,15739000,-13421408000,1260601000,1482485000,0,41410000,-60121000,0,2219000,-66120000,14598937000,60333000,0,0,0,20.4292,13.0
4,2019-03-31,ARS,2148009000,1269698000,694427000,1453582000,1413759000,255638000,0,0,239127000,2227050000,315377000,0,878311000,259894000,1133876000,41119000,3514000,-1130362000,0,0,0,41119000,491178000,0,198008000,255638000,0,ARS,90618922000,313808000,None,25916000,41382416000,47009456000,0,10849000,126014000,-15006442000,15656762000,57503000,4150423000,2632573000,2734013000,0,424065000,29001057000,71747061000,11927750000,2620101000,46638145000,6531445000,2606515000,22978445000,28857000,1989874000,0,0,0,0,0,0,0,78691172000,0,78691172000,0,22978445000,0,38648403000,0,0,0,6182503000,0,9164018000,0,31000000,ARS,-1850645000,-364782000,-1850645000,-490551000,72449000,-719131000,-724272000,-7396000,255638000,-1150221000,1419555000,0,40756000,-30908000,0,2385000,654451000,1335508000,65202000,0,0,0,20.7494,20.4292
5,2018-12-31,ARS,2642631000,1184321000,814911000,1827720000,1458310000,-5468078000,0,0,-7879913000,2046394000,302976000,0,1458310000,66434000,-1133876000,-2524816000,None,None,0,0,0,-2034192000,-9338223000,0,-5845721000,-5468078000,0,ARS,80787595000,277038000,None,4231000,36860726000,41880475000,0,162439000,126014000,10251271000,14021595000,157222000,3471815000,3225790000,2766072000,0,401318000,25965098000,63936701000,5764796000,7180023000,41446215000,0,2507468000,20073059000,27307000,1940881000,0,0,0,0,0,0,0,0,0,0,0,20073059000,0,0,0,0,0,5538092000,0,8318128000,0,32000000,ARS,40757000,-836454000,-2210979000,-1589915000,86611000,-667847000,-176928000,-30295000,-5468078000,-3547774000,-252347000,0,25595000,-577530000,0,8392000,35208000,11977762000,102998000,0,0,0,18.03,20.7494
6,2018-09-30,USD,2415831000,1047663000,551865000,1863966000,1368168000,601293000,0,0,1781070000,2106271000,185086000,0,1368168000,310712000,-1028779000,None,None,None,0,0,0,607242000,412902000,0,1173828000,601293000,0,USD,83872475000,127409000,None,9721000,38132718000,43633486000,0,67619000,126014000,40386573000,13976803000,100861000,1389278000,5772701000,2150622000,0,114633000,2676673000,66987014000,7892977000,7374936000,43405216000,132568000,2084130000,22005293000,26425000,1860069000,0,0,0,0,0,0,0,0,0,0,0,0,0,0,0,0,0,0,0,0,0,32000000,USD,1210320000,24250000,831915000,32578000,4542000,-471417000,-475959000,-95010000,601293000,2129570000,1260097000,0,9932000,-577530000,0,-1337000,-374968000,-5394048000,9809000,0,0,0,23.875,18.03
7,2018-06-30,USD,1987682000,762502000,481012000,1506670000,1225180000,3258978000,0,0,4100384000,1397872000,324090000,0,1225180000,-42600000,-307294000,None,None,None,0,0,0,633120000,2875204000,0,3467264000,3258978000,0,USD,67744103000,112190000,None,47360000,29781216000,36565015000,0,90151000,126014000,33318102000,11921662000,100861000,1233757000,3643131000,2496828000,0,334509000,2676673000,54164248000,5524923000,6608124000,36351964000,177564000,1809344000,15354897000,25088000,1870552000,0,0,0,0,0,0,0,0,0,0,0,0,0,0,0,0,0,0,0,0,0,32000000,USD,-973469000,269838000,-1141090000,181532000,-44680000,23006000,67686000,73023000,3258978000,335094000,1243251000,0,7437000,-577530000,0,715000,-167136000,-2203450000,43057000,0,0,0,30.99,23.875
8,2018-03-31,USD,1493697000,748407000,546453000,947244000,745290000,598902000,0,0,743919000,1234843000,193263000,None,745290000,8691000,-1057387000,None,None,None,0,0,0,137990000,-1371000,0,605929000,598902000,None,USD,58237471000,109644000,None,2876000,23696591000,33306037000,0,79504000,126014000,30059124000,11156351000,87716000,1055403000,3308037000,1824763000,141984000,141984000,2676673000,47431861000,5001721000,4551126000,33108677000,171978000,1665211000,10715477000,25597000,1449817000,0,0,0,0,0,0,None,None,None,None,None,None,None,None,None,None,None,None,None,None,None,32000000,USD,-775139000,188847000,-1190114000,102451000,672430000,300530000,-371900000,60245000,598902000,-19251000,861385000,None,10128000,-577530000,0,1384000,-40359000,38049000,42471000,None,None,None,44.5,30.99
9,2017-12-31,USD,76296000,70627000,27232000,137720000,157569000,494881000,0,0,429385000,15196000,7961000,None,40634000,-73747000,11411000,None,None,None,0,0,0,-1499474000,5150919000,0,7713358000,494881000,None,USD,2994120000,7072000,None,21740000,1177414000,1751794000,None,8630000,6750000,1717535000,23695000,1412000,116242000,167571000,92096000,246227000,246227000,2676673000,2479641000,4892121000,3622238000,32575095000,136215000,1517654000,495561000,1445000,58948000,None,None,None,None,None,None,None,None,None,None,None,None,None,None,None,None,None,None,None,None,None,32000000,USD,-214686000,-81592000,-444592000,10885000,2847000,79102000,75785000,40101000,494881000,-294522000,81378000,None,7022000,-36422000,None,1856000,31449000,-8653910000,21134000,None,None,None,56.5,44.5
10,2017-09-30,USD,79642000,649927000,28662000,981211000,789651000,107244000,0,0,165036000,3055000,7827000,None,42577000,86597000,10845000,None,None,None,0,0,0,54737000,2105218000,0,1934736000,107244000,None,USD,2725730000,6557000,None,22445000,1303274000,1369735000,None,51230000,7184000,1333270000,30838000,1504000,114986000,206478000,91335000,94430000,94430000,49597000,2196630000,5156280000,3043105000,23911219000,120155000,1116466000,488905000,1386000,19178000,None,None,None,None,None,None,None,None,None,None,None,None,None,None,None,None,None,None,None,None,None,31000000,USD,-872696000,108604000,-1085417000,-18360000,2352531000,118482000,-274268000,-49427000,107244000,1814266000,46592000,None,10105000,-680000000,None,1783000,-53715000,-1079450000,9814000,None,None,None,57.5,56.5
11,2017-06-30,USD,71462000,2588530000,28876000,3928156000,2914962000,45242000,0,0,68702000,913000,8729000,None,33857000,510887000,35416000,None,None,None,0,0,0,22547000,6847128000,0,6985126000,45242000,None,USD,2580500000,6786000,None,23240000,1180422000,1347085000,678208000,61318000,7665000,1308177000,25738000,1604000,113679000,109952000,109536000,218592000,218592000,49597000,2192156000,3335036000,2038592000,22033519000,74807000,1455245000,359999000,1382000,18029000,None,None,None,None,None,None,None,None,None,None,None,None,None,None,None,None,None,None,None,None,None,32000000,USD,754121000,396988000,-148074000,-221921000,-387122000,-957754000,-521706000,130183000,45242000,1774495000,174899000,None,26269000,-2976000,None,5735000,-156265000,-780195000,44268000,None,None,None,57.0,57.5
12,2017-03-31,USD,78580000,424407000,28613000,-125504000,104826000,25887000,0,0,35689000,952000,7527000,None,42440000,-441920000,1884000,None,None,None,0,0,0,8850000,-6638841000,0,-5595664000,25887000,None,USD,2628402000,6876000,None,16359000,1171419000,1398981000,None,54274000,8180000,1357463000,23761000,1497000,124882000,104642000,93230000,5501260000,5501260000,49083000,2228084000,4243358000,984795000,21446706000,68869000,1293887000,354845000,1580000,14410000,None,None,None,None,None,None,None,None,None,None,None,None,None,None,None,None,None,None,None,None,None,32000000,USD,276405000,246297000,48049000,-8366000,-491546000,-729232000,-200174000,13594000,25887000,307869000,119955000,None,-101306000,-4077000,None,-456000,-77450000,-1118810000,10027000,None,None,None,43.8,57.0
13,2016-12-31,USD,81762000,-1063768000,30332000,-1084599000,-950953000,78237000,0,0,116863000,3462000,9697000,None,41733000,151447000,23662000,None,None,None,0,0,0,35164000,2129435000,0,1988052000,78237000,None,USD,609554000,6459000,None,7727000,498220000,95930000,None,49961000,8003000,55308000,21812000,1465000,85965000,82832000,109144000,6281661000,6281661000,49611000,251818000,4279181000,451184000,1408775000,83425000,1516353000,357374000,1483000,14646000,None,None,None,None,None,None,None,None,None,None,None,None,None,None,None,None,None,None,None,None,None,32000000,USD,915792000,-85914000,34573000,-209347000,67937000,27146000,-15486000,30736000,78237000,1203266000,63867000,None,60210000,-1607000,None,-2342000,-228828000,254022000,5662000,None,None,None,47.37,43.8
14,2016-09-30,USD,72173000,551723000,27744000,705744000,580138000,48969000,0,0,82087000,1792000,8033000,None,36396000,0,18927000,None,None,None,0,0,0,31326000,0,0,0,48969000,None,USD,615347000,10244000,None,10316000,498912000,102237000,None,56098000,8205000,60591000,25701000,5843000,72308000,6575000,107432000,5879923000,5879923000,None,262521000,4308378000,325122000,None,142578000,1838132000,353109000,1368000,14782000,None,None,None,None,None,None,None,None,None,None,None,None,None,None,None,None,None,None,None,None,None,31000000,USD,None,None,-203408000,None,None,-306361000,-173891000,-52633000,48969000,67928000,37602000,None,6653000,None,None,-2342000,1746000,None,4421000,None,None,None,43.82,47.37
15,2016-06-30,USD,66942000,1390345000,25102000,2244956000,1773454000,61753000,0,0,100208000,5011000,6479000,None,35361000,185658000,14388000,None,None,None,0,0,0,33444000,16368972000,0,12252532000,61753000,None,USD,622694000,4496000,None,9441000,510729000,99860000,679574000,59809000,8438000,57031000,23594000,None,78455000,2213000,122006000,578654000,578654000,49611000,269467000,2331200000,2682507000,19587478000,118675000,2138954000,352650000,1219000,12572000,None,None,None,None,None,None,None,None,None,None,None,None,None,None,None,None,None,None,None,None,None,32000000,USD,-1535838000,187298000,-1864555000,-502965000,-278238000,38815000,59924000,10498000,61753000,-270450000,67855000,None,22944000,-2479000,None,-2855000,-606342000,-10419450000,12147000,None,None,None,38.5,43.82
16,2016-03-31,USD,46260000,510000000,18222000,485000000,389000000,422165000,0,0,661947000,13730000,4639000,None,23399000,0,47597000,None,None,None,0,0,0,226052000,0,0,0,422165000,None,USD,805942000,4591000,None,8696000,703677000,84356000,None,70394000,8618000,40612000,22637000,90000000,47416000,296670000,323229000,8659000000,8659000000,None,277012000,7041000000,450000000,None,32350000,2075000000,351459000,1879000,4246000,None,None,None,None,None,None,None,None,None,None,None,None,None,None,None,None,None,None,None,None,None,32000000,USD,None,None,427000000,None,None,258483000,69765000,19000000,422165000,4172000000,45638000,None,58000000,-5457000,None,-2000000,513000000,None,9638000,None,None,None,37.0,38.5
17,2015-12-31,USD,55650000,0,16370000,0,0,296690000,0,0,460365000,9272000,5162000,None,34118000,0,108778000,None,None,None,0,0,0,154403000,0,0,0,296690000,None,USD,624483000,5204000,None,11884000,525370000,81156000,None,54917000,9703000,31905000,21640000,None,62320000,12804000,104844000,None,None,None,315262000,None,None,None,72330000,None,391512000,1938000,15559000,None,None,None,None,None,None,None,None,None,None,None,None,None,None,None,None,None,None,None,None,None,31000000,USD,None,None,None,None,None,59623000,51064000,None,296690000,None,314000,None,None,-5427000,None,38000,None,None,8198000,None,None,None,34.09,37.0
18,2015-09-30,USD,89513000,0,38081000,0,0,10945000,0,0,18344000,864000,9419000,None,42013000,0,25997000,None,None,None,0,0,0,6535000,0,0,0,10945000,None,USD,741608000,7244000,None,15186000,608820000,112775000,None,90270000,13390000,44809000,34281000,None,79404000,62837000,154027000,None,None,None,435096000,None,None,None,56582000,None,409014000,1947000,5827000,None,None,None,None,None,None,None,None,None,None,None,None,None,None,None,None,None,None,None,None,None,32000000,USD,None,None,None,None,None,26839000,None,None,10945000,None,40001000,None,None,-4545000,None,142000,None,None,5247000,None,None,None,34.55,34.09
19,2015-06-30,USD,79340000,1371764000,29239000,1893806000,1437085000,13528000,0,0,20673000,943000,8560000,None,35456000,269335000,11471000,None,None,None,0,0,0,6202000,2224103000,0,2411819000,13528000,None,USD,694369000,7553000,None,14869000,569262000,104877000,11790000,83428000,13791000,34877000,28147000,None,71721000,33215000,165781000,98875000,98875000,49611000,466807000,1393900000,465535000,889298000,31992000,673784000,363613000,2025000,17309000,None,None,None,None,None,None,None,None,None,None,None,None,None,None,None,None,None,None,None,None,None,32000000,USD,-540949000,251063000,-414231000,126659000,-279133000,-660943000,-233295000,27547000,13528000,186793000,137629000,None,16892000,-16253000,4000,55000,-262246000,-1051091000,39923000,None,None,None,32.0,34.55
