,fiscalDateEnding,reportedCurrency_x,totalRevenue,totalOperatingExpense,costOfRevenue,grossProfit,ebit,netIncome_x,researchAndDevelopment,effectOfAccountingCharges,incomeBeforeTax,minorityInterest,sellingGeneralAdministrative,otherNonOperatingIncome,operatingIncome,otherOperatingExpense,interestExpense,taxProvision,interestIncome,netInterestIncome,extraordinaryItems,nonRecurring,otherItems,incomeTaxExpense,totalOtherIncomeExpense,discontinuedOperations,netIncomeFromContinuingOperations,netIncomeApplicableToCommonShares,preferredStockAndOtherAdjustments,reportedCurrency_y,totalAssets,intangibleAssets,earningAssets,otherCurrentAssets,totalLiabilities,totalShareholderEquity,deferredLongTermLiabilities,otherCurrentLiabilities,commonStock,retainedEarnings,otherLiabilities,goodwill,otherAssets,cash,totalCurrentLiabilities,shortTermDebt,currentLongTermDebt,otherShareholderEquity,propertyPlantEquipment,totalCurrentAssets,longTermInvestments,netTangibleAssets,shortTermInvestments,netReceivables,longTermDebt,inventory,accountsPayable,totalPermanentEquity,additionalPaidInCapital,commonStockTotalEquity,preferredStockTotalEquity,retainedEarningsTotalEquity,treasuryStock,accumulatedAmortization,otherNonCurrrentAssets,deferredLongTermAssetCharges,totalNonCurrentAssets,capitalLeaseObligations,totalLongTermDebt,otherNonCurrentLiabilities,totalNonCurrentLiabilities,negativeGoodwill,warrants,preferredStockRedeemable,capitalSurplus,liabilitiesAndShareholderEquity,cashAndShortTermInvestments,accumulatedDepreciation,commonStockSharesOutstanding,reportedCurrency,investments,changeInLiabilities,cashflowFromInvestment,otherCashflowFromInvestment,netBorrowings,cashflowFromFinancing,otherCashflowFromFinancing,changeInOperatingActivities,netIncome_y,changeInCash,operatingCashflow,otherOperatingCashflow,depreciation,dividendPayout,stockSaleAndPurchase,changeInInventory,changeInAccountReceivables,changeInNetIncome,capitalExpenditures,changeInReceivables,changeInExchangeRate,changeInCashAndCashEquivalents,clossingVal,nextClossingVal
0,2020-06-30,USD,6794692,7859215,1864587,4930105,-2911258,-2112270,482654,None,-2911258,None,7376561,17852,-2929110,None,None,-798988,None,None,None,None,None,-798988,17852,None,-2112270,-2112270,None,USD,68824737,937131,None,5252763,10460511,58364226,None,2260811,1220,35957391,2617075,None,2738598,45457652,5254342,None,None,53942,2227020,60084735,None,57427095,2326186,4505599,None,4868721,2993531,None,None,1220,None,35957391,None,None,3083727,None,2492124,2837253,None,5206169,5206169,None,None,None,22351673,68824737,45457652,None,12197837,USD,480000,432680,287283,-58752,None,-256575,-725385,379514,-2112270,821304,790596,-156316,324039,None,468810,-799078,1342971,1758570,133965,1342971,None,821304,23.21,
1,2020-03-31,USD,8677541,5726576,2213730,6463811,835737,1769211,430282,None,835737,None,5296294,98502,737235,None,None,-933474,None,None,None,None,None,-933474,98502,None,1769211,1769211,None,USD,68367961,901378,None,5807444,10306657,58061304,None,2167104,1197,38069661,2773802,None,1959202,44636348,4880322,None,None,40807,2099778,60510596,None,57159926,2782162,5851843,None,4214961,2713218,None,None,1197,None,38069661,None,None,3163764,None,1692445,2897007,None,5426335,5426335,None,None,None,19949639,68367961,44636348,None,11970937,USD,-230375,-2180229,-230375,-63782,None,188307,-133872,-1603367,1769211,1154567,1196635,-282224,344784,None,322179,-560996,1404704,701385,166593,1404704,None,1154567,21.35,23.21
2,2019-12-31,USD,10890653,5909899,2741838,8148815,2354165,3241683,379310,None,2354165,None,5530589,115249,2238916,None,None,-887518,None,None,None,None,None,-887518,-273552,None,3241683,3241683,None,USD,66728864,860087,None,4547036,11204469,55524395,None,2020684,1177,36300450,2630467,None,1895417,43481781,5858972,None,None,30374,2053806,58963681,None,54664308,2768287,7293303,None,3641561,3838288,None,None,1177,None,36300450,None,None,3187875,None,1663415,2955873,None,5345497,5345497,None,None,None,19192394,66728864,43481781,None,11765875,USD,1165000,32001,935469,-57619,None,-39955,-39955,485903,3241683,4844373,3948859,206340,280728,None,2493320,693922,-372132,-133683,171912,-372132,None,4844373,23.38,21.35
3,2019-09-30,USD,9963299,5276250,2168208,7795091,2628905,2454870,369526,None,2628905,None,4906724,110064,2518841,None,None,174035,None,None,None,None,None,174035,110064,None,2454870,2454870,None,USD,62571338,824959,None,5599366,10798440,51772898,None,2080486,1143,33058767,2368495,None,1246592,38637408,5653346,None,None,29140,1973131,55512791,None,50947939,3926904,6924977,None,4351040,3572860,None,None,1143,None,33058767,None,None,3221624,1038833,7058547,3013865,None,5145094,5145094,None,None,None,18683848,62571338,38637408,None,11431467,USD,1472000,1007944,1369080,-25513,None,1708092,1708092,625282,2454870,6215414,3138242,82917,288921,None,2209530,-76134,-1059992,439716,77407,-1059992,None,6215414,21.02,23.38
4,2019-06-30,USD,9225596,4991505,1858288,7367308,2453828,2088841,331310,None,2453828,None,4660195,78025,2375803,None,None,364987,None,None,None,None,None,364987,78025,None,2088841,2088841,None,USD,56844976,821937,None,7309493,9696554,47148422,None,2195567,1120,30603897,2002104,None,1144318,32421994,4857197,None,None,23267,1830194,49977531,None,46326485,5382861,5877393,None,4368651,2661630,None,None,1120,None,30603897,None,None,3183451,1031863,6867445,3070996,None,4839357,4839357,None,None,None,16520138,56844976,32421994,None,11196402,USD,400000,281861,339306,-24675,None,-82197,-82197,162003,2088841,2737537,2480428,93551,285595,None,500250,-160562,-542517,433659,36019,-542517,None,2737537,20.45,21.02
5,2019-03-31,USD,8437593,4875921,2047827,6389766,1606419,1845565,352573,None,1606419,None,4523348,92574,1513845,None,None,-239150,None,None,None,None,None,-239146,92574,None,1845565,1845565,None,USD,54413215,819752,None,8196044,9767138,44646077,None,2240867,1114,28515056,1864348,None,1123590,29684457,5005783,230271,230271,-3998,1902045,47440555,None,43826325,5746888,5328550,2897007,4231504,2764916,None,None,1114,None,28515056,None,None,3233814,1017049,6972660,3127278,None,4761355,4761355,None,None,None,16133905,54413215,29684457,None,11144196,USD,650000,-348078,557333,-9724,None,434232,434232,-1096280,1845565,1656769,665204,-333016,387081,None,456740,-333546,-1140008,587206,82943,-1140008,None,1656769,28.09,20.45
6,2018-12-31,USD,8339392,4564058,1982492,6356900,1875914,1707013,367715,0,1875914,0,4196343,83072,1792842,0,0,None,None,None,0,0,0,168901,83072,0,1707013,1707013,None,USD,48442258,832519,None,8244594,6496525,41945733,None,1907205,1099,26669491,1807005,None,1198461,28027688,4689520,None,None,-42192,1869561,44541717,None,41113214,6349915,4209992,None,4059443,2782315,None,None,1099,None,26669491,None,None,109759,1088702,3900541,None,None,1807005,1807005,None,None,None,15317335,48442258,28027688,None,10989111,USD,1175000,-90478,1074428,-22866,None,-288277,-288277,181027,1707013,4328524,3542373,-29260,260118,None,1239440,136293,1019580,539107,77706,1019580,None,4328524,24.46,28.09
7,2018-09-30,USD,7614655,4339840,1826716,5787939,1490654,2400273,373583,0,1490654,0,3966257,42555,1448099,0,0,None,None,None,0,0,0,-909619,42555,0,2400273,2400273,None,USD,46811517,832144,None,9474574,6719342,40092175,0,1885374,1093,24962478,1925782,0,1431348,23699164,4793560,None,None,-74659,1879619,42668406,None,39260031,7487283,5219259,0,4275409,2908186,0,0,1093,0,24962478,0,None,204305,1227043,4143111,None,None,1925782,1925782,None,None,None,15203263,46811517,23699164,None,10933989,USD,693905,-974925,641685,-6939,None,998667,1233747,896713,2400273,2368285,727933,37721,14722,0,0,43106,-1251580,458616,45281,-1251580,None,2368285,37.15,24.46
8,2018-06-30,USD,7376785,3990388,1710890,5665895,1703345,1354968,395988,0,1703345,0,3594400,27838,1675507,0,0,None,None,None,0,0,0,348377,27838,0,1354968,1354968,None,USD,42831445,847696,None,9029089,6664431,36167014,0,2011298,1067,22562205,2023574,0,1319328,21330879,4640857,None,None,-97324,1888831,38775590,None,35319318,8172009,3981688,0,4433934,2629559,0,0,1067,0,22562205,0,None,189040,1130288,4055855,None,None,2023574,2023574,None,None,None,13701066,42831445,21330879,None,10665918,USD,-338417,237870,-412009,-6247,None,127936,-11220,-423770,1354968,1237746,1521819,-38520,402416,0,139156,-145756,-705043,415884,67345,-705043,None,1237746,20.75,37.15
9,2018-03-31,USD,7108151,4329294,1691535,5416616,1127394,841196,379826,0,1127394,0,3949468,40072,1087322,0,0,None,None,None,0,0,0,286198,40072,0,841196,841196,None,USD,40260737,863940,None,8520266,6023869,34236868,0,1604688,1062,21207237,2082795,0,1284729,20093133,3941074,None,None,-102485,1910408,36201660,None,33372928,7828379,3279940,0,4308321,2336386,0,0,1062,0,21207237,0,None,196451,1088278,4059077,None,None,2082795,2082795,None,None,None,13131054,40260737,20093133,None,10622042,USD,250000,-77741,211719,-298,None,91548,-4376,-668977,841196,1887157,1583890,-304166,427747,0,95924,-155234,490147,361941,37983,490147,None,1887157,14.4,20.75
10,2017-12-31,USD,6704944,4064994,1640197,5064747,1031753,183638,349559,0,1031753,0,3715435,32000,999753,0,0,None,None,None,0,0,0,848115,82662,0,183638,183638,None,USD,39012534,885502,None,776736,6081657,32930877,2003685,1726142,1060,20355545,2004000,0,2036000,18205976,4077972,None,None,-48909,1868851,35107610,None,32045375,8135123,3778929,0,4210846,2351830,0,0,1060,0,20355545,0,None,200196,950375,3904924,None,None,None,2003685,None,None,None,12623181,39012534,26341099,None,10596566,USD,-1372482,422097,-1515274,-20389,None,-86174,-36715,-700776,183638,-200329,1401119,-580581,338033,0,-49459,-60992,-201591,1371895,122403,-272971,None,-200329,15.15,14.4
11,2017-09-30,USD,5689724,4185895,1307767,4381957,224777,192393,382704,0,224777,0,3803191,28715,196062,0,0,None,None,None,0,0,0,32384,7577,0,192393,192393,None,USD,37919628,885713,None,598278,5779222,32140406,1928347,1501252,1076,20171907,1929000,0,2619000,18406305,3850875,None,None,-22631,1853506,33447155,None,31254693,6804783,3508432,0,4129357,2349623,0,0,1076,0,20171907,-1818542,None,179785,1553469,4472473,None,None,None,1928347,None,None,None,13808596,37919628,25211088,None,10554753,USD,225000,741490,-36557,-19586,None,-265665,-317,-314390,192393,1605688,1907910,-631420,771682,0,-265348,98791,71000,452932,241971,282042,None,1605688,9.6,15.15
12,2017-06-30,USD,5524364,3962475,1234314,4290050,348713,357073,449011,0,348713,0,3513464,21138,327575,0,0,None,None,None,0,0,0,-8360,-8386,0,357073,357073,None,USD,36843844,886726,None,1112517,5547139,31296705,1915135,1665589,1076,19979514,1915000,0,2150000,16800617,3632004,None,None,-26329,1709526,32984478,None,30409979,7024047,3787528,0,4259769,1966415,0,0,1076,0,19979514,-1553193,None,179366,1083748,3859366,None,None,None,1915135,None,None,None,12895637,36843844,23824664,None,10581968,USD,769954,-463350,590051,-9103,None,-1537609,-789,92226,357073,-656024,291534,232402,114954,0,-1536820,-50360,210662,358592,170800,-257777,None,-656024,8.6,9.6
13,2017-03-31,USD,5162560,4013323,1387618,3774942,-208857,-233340,541290,0,-208857,0,3472033,29524,-238381,0,0,None,None,None,0,0,0,24483,29524,0,-233340,-233340,None,USD,37417313,898223,None,494315,5390791,32026522,1771042,1196242,1075,19622441,1771000,0,2033000,17456641,3619749,None,None,-31669,1633080,33750535,None,31128299,7788741,3737117,0,4273721,2423507,0,0,1075,0,19622441,0,None,171346,964129,3666778,None,None,None,1771042,None,None,None,12434675,37417313,25245382,None,10749895,USD,178793,21051,-61718,-111,None,-10867,-43953,-170976,-233340,-257230,-184645,28852,84069,0,33086,-321552,47000,189160,240400,47115,None,-257230,8.9,8.6
14,2016-12-31,USD,5990273,3180964,1304088,4686185,1514809,1140799,364215,0,1514809,0,2816749,9588,1505221,0,0,None,None,None,0,0,0,374010,36697,0,1140799,1140799,None,USD,37194484,918712,None,514720,5305359,31889125,1643478,1153780,1072,19869714,1643000,0,1570000,17713871,3661881,None,None,-36849,1456149,34168272,None,30970413,7965521,4087570,0,3886590,2508101,0,0,1072,0,19869714,0,None,173820,477531,3026212,None,None,None,1643478,None,None,None,12055188,37194484,25679392,None,10722675,USD,-208144,460066,-597124,-155258,None,83240,300255,-856925,1140800,1709809,2223693,74331,64017,0,-217015,-312433,75000,72885,233722,724027,None,1709809,11.1,8.9
15,2016-09-30,USD,7673217,3673803,1405884,6267333,2589513,1560484,457134,0,2589513,0,3216669,-4017,2593530,0,0,None,None,None,0,0,0,1029029,652,0,1560484,1560484,None,USD,35488132,766089,None,661438,4845448,30642684,1461563,866629,1129,18728914,1461000,0,1449000,16004062,3383885,None,None,-5394,1283809,32755625,None,29876595,7811611,4810971,0,3467543,2517256,0,0,1129,0,18728914,-9969468,None,162723,519886,2732507,None,None,None,1461563,None,None,None,21887503,35488132,23815673,None,10711975,USD,250483,1325591,106352,-21091,None,411095,284337,None,1560483,3938204,3420757,-219595,61538,0,126758,-521162,648730,-96779,123040,1310681,None,3938204,16.99,11.1
16,2016-06-30,USD,9868905,4789785,1739067,8129838,3335384,2231251,291822,0,3335384,0,4497963,-4669,3340053,0,0,None,None,None,0,0,0,1104133,-36447,0,2231251,2231251,None,USD,32348662,747633,None,540456,3879054,28469608,978269,570581,1124,17168431,978000,0,1385000,12065858,2900785,None,None,-14436,1219672,29743984,None,27721975,8081274,6110082,0,2946314,2330204,0,0,1124,0,17168431,-9969468,None,138970,498403,2604678,None,None,None,978269,None,None,None,21283957,32348662,20147132,None,10667475,USD,-31489,-325609,-533744,-277546,None,-4237847,209515,None,2231251,-3441574,1330017,67063,61830,0,-4447362,-171733,1959411,629639,224709,-1162424,None,-3441574,21.76,16.99
17,2016-03-31,USD,8964153,3777106,1705797,7258356,3513028,2282011,234336,0,3513028,0,3542770,31778,3481250,0,0,None,None,None,0,0,0,1231017,31778,0,2282011,2282011,None,USD,33451080,475486,None,424417,4206037,29245043,601209,446170,1123,14937180,601000,0,651000,15507432,3604828,None,None,-41191,1051394,31747948,None,28769557,8046287,4983567,0,2786245,3158658,0,0,1123,0,14937180,-5505439,None,113931,62321,1703132,None,None,None,601209,None,None,None,19853370,33451080,23553719,None,10914424,USD,-428336,1138749,-917265,-289591,None,-5375270,56579,None,2282011,-3860682,2431853,-27273,60914,0,-5431849,-478033,796987,252472,199338,-796987,None,-3860682,19.16,21.76
18,2015-12-31,USD,8799256,3947203,1499978,7299278,3315801,2404706,499996,0,3315801,0,3447207,-36274,3352075,0,0,None,None,None,0,0,0,911095,1243,0,2404706,2404706,None,USD,35244207,175513,None,591925,3311182,31933025,415782,536924,1118,12655169,416000,0,388000,19368114,2895400,None,None,-55285,905622,33950479,None,31757512,7602204,4005078,0,2383158,2358476,0,0,1118,0,12655169,0,None,124195,88398,1293728,None,None,None,415782,None,None,None,19332023,35244207,26970318,None,11175125,USD,253370,298055,145009,-3006,None,1127150,1447957,-714853,2404706,3838879,2566720,1703404,60233,0,0,-71486,-1906971,-1404951,105355,-423241,None,3838879,28.03,19.16
19,2015-09-30,USD,8193616,3400549,1590222,6603394,3267554,1867148,518562,0,3267554,0,2881987,64709,3202845,0,0,None,None,None,0,0,0,1400406,18573,0,1867148,1867148,None,USD,31050660,181336,None,577025,2936906,28113754,265740,532945,1107,10250463,266000,0,340000,15529235,2671166,None,None,-35816,851671,29858786,None,27932418,7890617,3602619,0,2259290,2138221,0,0,1107,0,10250463,0,None,37683,121184,1191874,None,None,None,265740,None,None,None,17898000,31050660,23419852,None,11069400,USD,None,-716842,-79159,-7206,None,837653,715906,None,1867148,3101707,2343213,-214543,57445,0,121747,-112057,1483730,586657,71953,875405,None,3101707,24.36,28.03
