,fiscalDateEnding,reportedCurrency_x,totalRevenue,totalOperatingExpense,costOfRevenue,grossProfit,ebit,netIncome_x,researchAndDevelopment,effectOfAccountingCharges,incomeBeforeTax,minorityInterest,sellingGeneralAdministrative,otherNonOperatingIncome,operatingIncome,otherOperatingExpense,interestExpense,taxProvision,interestIncome,netInterestIncome,extraordinaryItems,nonRecurring,otherItems,incomeTaxExpense,totalOtherIncomeExpense,discontinuedOperations,netIncomeFromContinuingOperations,netIncomeApplicableToCommonShares,preferredStockAndOtherAdjustments,reportedCurrency_y,totalAssets,intangibleAssets,earningAssets,otherCurrentAssets,totalLiabilities,totalShareholderEquity,deferredLongTermLiabilities,otherCurrentLiabilities,commonStock,retainedEarnings,otherLiabilities,goodwill,otherAssets,cash,totalCurrentLiabilities,shortTermDebt,currentLongTermDebt,otherShareholderEquity,propertyPlantEquipment,totalCurrentAssets,longTermInvestments,netTangibleAssets,shortTermInvestments,netReceivables,longTermDebt,inventory,accountsPayable,totalPermanentEquity,additionalPaidInCapital,commonStockTotalEquity,preferredStockTotalEquity,retainedEarningsTotalEquity,treasuryStock,accumulatedAmortization,otherNonCurrrentAssets,deferredLongTermAssetCharges,totalNonCurrentAssets,capitalLeaseObligations,totalLongTermDebt,otherNonCurrentLiabilities,totalNonCurrentLiabilities,negativeGoodwill,warrants,preferredStockRedeemable,capitalSurplus,liabilitiesAndShareholderEquity,cashAndShortTermInvestments,accumulatedDepreciation,commonStockSharesOutstanding,reportedCurrency,investments,changeInLiabilities,cashflowFromInvestment,otherCashflowFromInvestment,netBorrowings,cashflowFromFinancing,otherCashflowFromFinancing,changeInOperatingActivities,netIncome_y,changeInCash,operatingCashflow,otherOperatingCashflow,depreciation,dividendPayout,stockSaleAndPurchase,changeInInventory,changeInAccountReceivables,changeInNetIncome,capitalExpenditures,changeInReceivables,changeInExchangeRate,changeInCashAndCashEquivalents,clossingVal,nextClossingVal
0,2020-06-30,USD,50878000,71040000,15484000,35394000,-16765000,-20437000,12542000,None,-20306000,None,43014000,None,-20162000,None,381000,131000,None,-381000,None,None,None,131000,237000,None,-20437000,-20437000,None,USD,276224000,None,None,None,158278000,117946000,None,None,25000,-290356000,None,862000,10870000,81730000,47314000,None,7778000,181000,117957000,146535000,None,117084000,33196000,22877000,27164000,4989000,5012000,None,None,None,None,None,None,None,10870000,None,129689000,91957000,None,None,110964000,None,None,None,None,None,None,None,None,USD,29664000,-1623000,29664000,None,None,5705000,None,-1633000,-20437000,25216000,-10153000,None,3160000,None,None,-824000,-3005000,14213000,2181000,None,None,None,115.89,
1,2020-03-31,USD,63535000,72708000,16063000,47472000,-5622000,-9065000,8415000,None,-9048000,None,48230000,None,-9173000,None,380000,17000,-380000,-380000,None,None,None,17000,505000,None,-9065000,-9065000,None,USD,282940000,None,None,None,157963000,124977000,None,None,25000,-269919000,None,862000,9944000,56514000,42845000,None,4861000,364000,117703000,154431000,0,124115000,65256000,24211000,30076000,4227000,5544000,None,None,None,None,None,None,None,9944000,None,128509000,93120000,30076000,None,115118000,None,None,None,394507000,None,121770000,None,27000000,USD,59911000,-2971000,59911000,63316000,None,-1493000,-4462000,-12518000,-9065000,36052000,-22366000,None,3046000,None,2969000,-191000,-9989000,9318000,3405000,None,None,None,81.35,115.89
2,2019-12-31,USD,59104000,76830000,13915000,45189000,-16897000,-17300000,9268000,None,-17282000,None,53647000,None,-17726000,None,385000,18000,-385000,-385000,None,None,None,18000,829000,None,-17300000,-17300000,None,USD,306212000,None,None,None,170803000,135409000,None,4053000,25000,-260393000,None,862000,7940000,20462000,52066000,1944000,1944000,82000,116588000,172792000,8030000,134547000,120089000,23867000,32989000,4037000,8243000,None,None,None,None,None,None,None,7940000,None,133420000,93662000,32989000,None,118737000,None,None,None,395695000,None,140551000,None,25000000,USD,-12508000,6085000,-12508000,-68817000,None,3196000,-5288000,-3845000,-17300000,-14172000,-4860000,None,-6264000,None,116864000,-538000,-5930000,22928000,11817000,None,None,None,68.09,81.35
3,2019-09-30,USD,54673000,72933000,13785000,40888000,-14508000,-18293000,13499000,None,-18273000,None,45649000,None,-18260000,None,409000,20000,-409000,-409000,None,None,None,20000,396000,None,-18293000,-18293000,None,USD,310080000,None,None,None,167495000,142585000,None,8880000,25000,-243093000,None,862000,5574000,34634000,45467000,None,None,39000,109738000,184880000,9026000,141723000,118091000,25003000,34929000,3499000,4187000,None,None,None,None,None,None,None,5574000,None,125200000,95135000,34929000,None,122028000,None,None,None,385614000,None,152725000,None,25000000,USD,-87872000,-1433000,-87872000,-68126000,None,106574000,46000,7290000,-18293000,18480000,-222000,None,3356000,None,113491000,-724000,-4951000,14020000,4172000,None,None,None,74.11,68.09
4,2019-06-30,USD,53331000,64653000,12825000,40506000,-6463000,-11467000,8639000,None,-11452000,None,43189000,None,-11322000,None,440000,15000,-849000,-440000,None,None,None,15000,310000,None,-11467000,-11467000,None,USD,207295000,None,None,None,158687000,48608000,None,4419000,23000,-223001000,None,862000,4515000,16154000,35654000,None,None,35000,106944000,94974000,None,47746000,43240000,29137000,34927000,2774000,3628000,None,None,None,None,None,None,None,4515000,None,112321000,95490000,34927000,None,123033000,None,None,None,271551000,None,59394000,None,25000000,USD,-15343000,1247000,-15343000,15574000,None,2944000,-46000,2000,-11467000,-12081000,318000,None,4549000,None,5409000,-270000,-6860000,13112000,2833000,None,None,None,79.08,74.11
5,2019-03-31,USD,48334000,55191000,11773000,36561000,-5794000,-8250000,6756000,None,-8238000,None,38066000,None,-8204000,None,409000,12000,-409000,-409000,None,None,None,12000,379000,None,-8019000,-8250000,None,USD,117184000,None,None,None,67461000,49723000,None,5052000,24000,-211534000,None,862000,3574000,28235000,28549000,5052000,5052000,2000,19440000,93308000,None,48861000,30507000,28252000,34922000,2504000,1960000,None,None,None,None,None,None,None,3574000,None,23876000,9042000,34922000,3990000,38912000,None,None,None,261231000,None,58742000,None,24000000,USD,26449000,-267000,26379000,28084000,None,-1138000,-3258000,-8114000,-8250000,8078000,-17163000,None,621000,None,2120000,-442000,-10984000,8897000,1705000,None,None,None,74.96,79.08
6,2018-12-31,USD,43155000,54704000,10529000,32626000,-11549000,-14713000,7003000,0,-14669000,0,37172000,None,-11549000,0,-535000,None,None,None,0,0,0,44000,-2676000,0,-14713000,-14713000,None,USD,119710000,None,None,None,65288000,54422000,None,3617000,23000,-203515000,153000,862000,3208000,20023000,30236000,None,None,-41000,9158000,106482000,None,53560000,58320000,21977000,34899000,2062000,2284000,None,None,None,None,None,None,None,None,None,None,None,34899000,None,None,None,None,None,257955000,None,78343000,None,24000000,USD,5762000,401000,4269000,39322000,5000000,2757000,-2639000,6106000,-14713000,2678000,-4348000,None,596000,None,9319000,257000,-7797000,10710000,1493000,None,None,None,69.48,74.96
7,2018-09-30,USD,38104000,47852000,9949000,28155000,-9748000,-10244000,5164000,0,-10244000,0,32739000,None,-9748000,0,-861000,None,None,None,0,0,0,0,-496000,0,-10244000,-10244000,None,USD,118989000,862000,None,2769000,55031000,63958000,0,3548000,23000,-188801000,214000,862000,3146000,17345000,22263000,None,None,-29000,8250000,106731000,None,63096000,63832000,20465000,32554000,2320000,1911000,0,0,0,0,0,0,None,None,None,None,None,None,None,None,None,None,None,None,None,None,None,24000000,USD,3147000,-98000,1686000,0,5000000,1515000,-2639000,2247000,-10244000,-1896000,-5097000,None,568000,0,6684000,-152000,-3891000,6480000,1461000,None,None,None,94.66,69.48
8,2018-06-30,USD,35469000,47148000,9490000,25979000,-11679000,-12206000,4564000,0,-12206000,0,33094000,None,-11679000,0,-861000,None,None,None,0,0,0,0,-527000,0,-12206000,-12206000,None,USD,120918000,862000,None,2507000,52451000,68467000,0,2765000,23000,-178557000,222000,862000,2840000,19241000,19655000,32574000,32574000,-38000,7560000,109656000,None,67605000,66675000,19065000,32574000,2168000,2658000,0,0,0,0,0,0,None,None,None,None,None,None,None,None,None,None,None,None,None,None,None,24000000,USD,7821000,599000,6703000,0,-1500000,2428000,-2639000,2941000,-12206000,2768000,-6363000,None,557000,0,5069000,-311000,-5661000,7657000,1118000,None,None,None,81.13,94.66
9,2018-03-31,USD,30565000,41207000,8611000,21954000,-10642000,-11117000,4019000,0,-11117000,0,28577000,None,-10642000,0,-858000,None,None,None,0,0,0,0,-475000,0,-11117000,-11117000,None,USD,122321000,862000,None,1777000,49698000,72623000,0,2911000,23000,-166352000,227000,862000,3057000,16473000,16938000,1495000,1495000,-85000,6860000,111542000,None,71761000,74270000,17165000,32533000,1857000,1525000,0,0,0,0,0,0,None,None,None,None,None,None,None,None,None,None,None,None,None,None,None,23000000,USD,22567000,-1089000,21459000,0,-1500000,-397000,-2639000,-1712000,-11117000,7802000,-13260000,None,548000,0,877000,-174000,-5536000,5756000,1108000,None,None,None,62.95,81.13
10,2017-12-31,USD,28182000,154312000,7212000,52686000,-28649000,-22896000,4148000,0,-29420000,0,31098000,None,-21288000,0,864000,None,None,None,0,0,0,0,-912000,0,-30481000,-30481000,None,USD,133123000,862000,None,2582000,53570000,79553000,0,17036000,23000,-156589000,161000,862000,7321000,8671000,20918000,1487000,1487000,-65000,6221000,119581000,2994000,78691000,93692000,12953000,32491000,1683000,2395000,0,0,0,0,0,0,None,None,None,None,None,None,None,None,None,None,None,None,None,None,None,23000000,USD,-31122000,5998000,-34593000,91000,None,6532000,188000,4237000,-29420000,-42972000,-14911000,None,1597000,0,0,-293000,-12950000,20733000,3562000,None,None,None,56.05,62.95
11,2017-09-30,USD,25036000,-58307000,6453000,1005000,-1663000,-80000,3790000,0,0,0,24098000,None,-62000,0,861000,None,None,None,0,0,0,0,0,0,-3101000,-3101000,None,USD,133655000,862000,None,1989000,48266000,85389000,0,12489000,28000,-145440000,169000,862000,4660000,20429000,16044000,1479000,1479000,-30000,6207000,122788000,None,84527000,87017000,12039000,32053000,1314000,2076000,0,0,0,0,0,0,None,None,None,None,None,None,None,None,None,None,None,None,None,None,None,23000000,USD,6673000,1261000,-24121000,0,-1500000,4095000,188000,647000,-18271000,4180000,-11188000,None,0,0,0,76000,8560000,4745000,2651000,None,None,None,51.88,56.05
12,2017-06-30,USD,23854000,29775000,6407000,2010000,7522000,-1141000,2776000,0,0,0,23031000,None,-1176000,0,839000,None,None,None,0,0,0,0,0,0,9465000,9465000,None,USD,134376000,862000,None,1817000,46950000,87426000,0,11067000,27000,-138916000,140000,862000,4393000,16249000,15196000,33085000,33085000,-50000,6166000,123817000,None,86564000,93669000,10851000,31614000,1231000,2658000,0,0,0,0,0,0,None,None,None,None,None,None,None,None,None,None,None,None,None,None,None,22000000,USD,288000,745000,-30354000,0,None,2360000,-1274000,1616000,-11747000,666000,-7400000,None,0,0,0,159000,5662000,5022000,2120000,None,None,None,42.49,51.88
13,2017-03-31,USD,21437000,0,6039000,15100000,-4481000,-5303000,2621000,0,0,0,19845000,None,-4745000,0,822000,None,None,None,0,0,0,0,0,0,-5303000,-5303000,None,USD,132801000,862000,None,1388000,43489000,89312000,0,9264000,27000,-132472000,160000,862000,20675000,15583000,10677000,32652000,32652000,-19000,5529000,106597000,16429000,88450000,77488000,10982000,32652000,1156000,1413000,0,0,0,0,0,0,None,None,None,None,None,None,None,None,None,None,None,None,None,None,None,22000000,USD,-28522000,-2530000,-29696000,0,None,35000,-46000,57000,-5303000,-36060000,-6399000,None,0,0,0,234000,3348000,4175000,1174000,None,None,None,37.6,42.49
14,2016-12-31,USD,18704000,79654000,5786000,12918000,-12314000,-6266000,2303000,0,-20903000,0,17266000,None,-4348000,0,827000,None,None,None,0,0,0,0,-5321000,0,-16828000,-16828000,None,USD,138156000,862000,None,1671000,45594000,92562000,0,11112000,22000,-127169000,152000,862000,14895000,51643000,13215000,32227000,32227000,-9000,4653000,118608000,10981000,91700000,54498000,9406000,32227000,1390000,2103000,0,0,0,0,0,0,None,None,None,None,None,None,None,None,None,None,None,None,None,None,None,5000000,USD,-65403000,3685000,-68166000,91000,None,111252000,-3522000,1280000,-20903000,26435000,-16651000,None,568000,0,0,-245000,-8515000,10167000,2763000,None,None,None,30.0,37.6
15,2016-09-30,USD,16780000,0,5282000,30271000,-3268000,-14637000,1635000,0,0,0,14164000,None,-11234000,0,840000,None,None,None,0,0,0,0,0,0,-4075000,-4075000,None,USD,27380000,862000,None,1013000,45212000,-114928000,0,7744000,1000,-120903000,4091000,862000,6172000,5761000,9325000,None,None,-9000,3363000,17845000,None,-115790000,91000,9308000,31796000,1672000,1581000,0,0,0,97096000,0,0,None,None,None,None,None,None,None,None,None,None,None,None,None,None,None,1000000,USD,-65403000,908000,-1821000,0,None,-2009000,None,-532000,-14637000,-3213000,-15617000,None,0,0,0,527000,7115000,2640000,1821000,None,None,None,nan,30.0
16,2016-06-30,USD,15734000,0,5156000,0,0,0,1667000,0,0,0,14275000,None,0,0,803000,None,None,None,0,0,0,0,0,0,0,0,None,USD,28727000,862000,None,825000,42892000,None,None,6472000,2000,None,3485000,862000,5483000,8974000,8032000,None,None,None,2669000,None,None,None,91000,None,31375000,1456000,1560000,None,None,None,97096000,None,None,None,None,None,None,None,None,None,None,None,None,None,None,None,None,None,1000000,USD,None,None,None,None,None,None,None,None,None,None,None,None,None,None,None,None,None,None,1069000,None,None,None,nan,nan
17,2016-03-31,USD,12854000,0,4659000,0,0,0,1545000,0,0,0,13066000,None,0,0,778000,None,None,None,0,0,0,0,0,0,0,0,None,USD,None,None,None,None,None,None,None,None,None,None,None,None,None,None,None,None,None,None,None,None,None,None,None,None,None,None,None,None,None,None,None,None,None,None,None,None,None,None,None,None,None,None,None,None,None,None,None,None,1000000,USD,None,None,None,None,None,None,None,None,None,None,None,None,None,None,None,None,None,None,0,None,None,None,nan,nan
18,2015-12-31,USD,10854000,57771000,3962000,21440000,-21631000,-22799000,1800000,0,-22799000,0,13587000,None,-21631000,0,582000,None,None,None,0,0,0,0,-1168000,0,-22799000,-22799000,None,USD,37872000,862000,None,808000,42400000,-101624000,300000,7316000,1000,-106266000,3073000,862000,3007000,25208000,8775000,30552000,30552000,-9000,2036000,32829000,10981000,-102486000,91000,5577000,30552000,1145000,1459000,None,None,None,97096000,None,None,None,None,None,None,None,None,None,None,None,None,None,None,None,None,None,None,USD,-65403000,3654000,-1787000,91000,24113000,36382000,-174000,2553000,-22799000,16590000,-18005000,None,492000,None,309000,-327000,-1281000,3024000,1787000,None,None,None,nan,nan
19,2015-09-30,USD,9344000,0,3623000,0,0,0,1651000,0,0,0,11096000,None,0,0,222000,None,None,None,0,0,0,0,0,0,0,0,None,USD,None,None,None,None,None,None,None,None,None,None,None,None,None,None,None,None,None,None,None,None,None,None,None,None,None,None,None,None,None,None,None,None,None,None,None,None,None,None,None,None,None,None,None,None,None,None,None,None,1000000,USD,None,None,None,None,None,None,None,None,None,None,None,None,None,None,None,None,None,None,0,None,None,None,nan,nan
