,fiscalDateEnding,reportedCurrency_x,totalRevenue,totalOperatingExpense,costOfRevenue,grossProfit,ebit,netIncome_x,researchAndDevelopment,effectOfAccountingCharges,incomeBeforeTax,minorityInterest,sellingGeneralAdministrative,otherNonOperatingIncome,operatingIncome,otherOperatingExpense,interestExpense,taxProvision,interestIncome,netInterestIncome,extraordinaryItems,nonRecurring,otherItems,incomeTaxExpense,totalOtherIncomeExpense,discontinuedOperations,netIncomeFromContinuingOperations,netIncomeApplicableToCommonShares,preferredStockAndOtherAdjustments,reportedCurrency_y,totalAssets,intangibleAssets,earningAssets,otherCurrentAssets,totalLiabilities,totalShareholderEquity,deferredLongTermLiabilities,otherCurrentLiabilities,commonStock,retainedEarnings,otherLiabilities,goodwill,otherAssets,cash,totalCurrentLiabilities,shortTermDebt,currentLongTermDebt,otherShareholderEquity,propertyPlantEquipment,totalCurrentAssets,longTermInvestments,netTangibleAssets,shortTermInvestments,netReceivables,longTermDebt,inventory,accountsPayable,totalPermanentEquity,additionalPaidInCapital,commonStockTotalEquity,preferredStockTotalEquity,retainedEarningsTotalEquity,treasuryStock,accumulatedAmortization,otherNonCurrrentAssets,deferredLongTermAssetCharges,totalNonCurrentAssets,capitalLeaseObligations,totalLongTermDebt,otherNonCurrentLiabilities,totalNonCurrentLiabilities,negativeGoodwill,warrants,preferredStockRedeemable,capitalSurplus,liabilitiesAndShareholderEquity,cashAndShortTermInvestments,accumulatedDepreciation,commonStockSharesOutstanding,reportedCurrency,investments,changeInLiabilities,cashflowFromInvestment,otherCashflowFromInvestment,netBorrowings,cashflowFromFinancing,otherCashflowFromFinancing,changeInOperatingActivities,netIncome_y,changeInCash,operatingCashflow,otherOperatingCashflow,depreciation,dividendPayout,stockSaleAndPurchase,changeInInventory,changeInAccountReceivables,changeInNetIncome,capitalExpenditures,changeInReceivables,changeInExchangeRate,changeInCashAndCashEquivalents,clossingVal,nextClossingVal
0,2020-06-30,USD,192127000,None,None,None,None,42611000,None,None,58829000,None,71891000,None,None,7027000,64227000,16218000,246214000,181987000,None,None,None,16218000,None,None,42611000,42611000,None,USD,27194148000,14643000,None,None,24571248000,2622900000,None,None,3619000,1259605000,264008000,94535000,21521166000,735234000,None,None,None,-136004000,341141000,None,4091158000,2523389000,2886567000,81609000,4632016000,None,None,None,None,None,None,None,None,None,None,None,None,184572000,None,None,None,None,None,None,None,None,None,None,None,USD,84130000,0,84130000,38287000,-850722000,-98116000,785056000,1606000,42611000,63214000,77200000,None,10797000,-30021000,-2429000,None,-1875000,24061000,4874000,None,None,None,8.5,
1,2020-03-31,USD,187943000,None,None,None,None,39512000,None,None,54159000,None,75482000,None,None,7142000,82816000,14647000,256099000,173283000,None,None,None,14647000,None,None,39512000,39512000,None,USD,26677544000,15089000,4254485000,None,24082786000,2594758000,None,None,3591000,1247028000,244921000,82546000,21447161000,672020000,None,None,None,-128903000,341149000,None,3693111000,2509323000,2575446000,78451000,5466663000,None,None,None,None,None,None,None,-1353246000,None,None,None,None,181917000,3400000,None,None,None,None,None,2826288000,None,None,None,234000000,USD,604680000,0,604680000,-2441000,-361388000,-39922000,352091000,-147621000,39512000,497105000,-67653000,None,10395000,-29693000,-932000,None,862000,29199000,3131000,None,None,None,7.99,8.5
2,2019-12-31,USD,189233000,103523000,None,187733000,None,48730000,None,None,80910000,None,74189000,None,84210000,11037000,91605000,32180000,260380000,168775000,None,None,None,32180000,-3300000,None,48730000,48730000,None,USD,26698766000,15323000,4371766000,176810000,24076816000,2621950000,None,9200000,3591000,1245793000,194215000,82546000,21835125000,174915000,19429676000,1136000000,1136000000,-96888000,344757000,303552000,3850244000,2536206000,2695390000,79313000,5827111000,13538000,17860338000,None,None,None,None,None,-1352910000,None,None,None,None,185827000,400000000,None,None,None,None,None,2822364000,None,None,None,263000000,USD,-21634000,0,-21634000,-428000,131369000,-72620000,161943000,-14423000,48730000,-20485000,73769000,None,10443000,-30228000,-335705000,None,4638000,24381000,9450000,None,None,None,11.92,7.99
3,2019-09-30,USD,179232000,102118000,None,181732000,None,51972000,None,None,73014000,None,78732000,None,79614000,8274000,100102000,21042000,264554000,164452000,None,None,None,21042000,-6600000,None,51972000,51972000,None,USD,26725163000,15020000,4296352000,115324000,23793796000,2931367000,None,None,3591000,1227294000,236382000,82546000,21905155000,195400000,19172934000,1175000000,1175000000,-99910000,350898000,329795000,3767753000,2845255000,2644024000,83951000,5694553000,12675000,17672756000,None,None,None,None,None,-1017276000,None,None,None,None,189927000,None,None,None,None,None,None,2817668000,None,None,None,262000000,USD,292674000,0,292674000,20130000,-389183000,-391691000,50122000,-39360000,51972000,-58982000,40035000,None,10115000,-30298000,-22486000,None,-936000,18244000,1422000,None,None,None,11.36,11.92
4,2019-06-30,USD,166149000,100437000,None,169082000,None,46624000,None,None,65345000,None,75770000,None,68645000,9150000,99900000,18721000,259068000,159168000,None,None,None,18721000,-3300000,None,46624000,46624000,None,USD,27064116000,15451000,4347583000,99426000,24137241000,2926875000,None,None,3591000,1206873000,214670000,82546000,106208000,254382000,19779601000,1225000000,1225000000,-35029000,358878000,365189000,3817701000,2840360000,2679708000,83015000,6083737000,7097000,17644471000,None,None,None,None,None,-995265000,None,None,None,None,194233000,None,None,None,None,None,None,2809851000,None,None,None,263000000,USD,-413687000,0,-518514000,-511927000,534150000,451688000,257438000,-24166000,46624000,68299000,30298000,None,9903000,-30646000,-44023000,None,-598000,-1465000,1887000,None,None,None,11.15,11.36
5,2019-03-31,USD,173872000,100042000,None,170805000,None,48158000,None,None,67463000,None,76393000,None,70763000,7905000,93539000,19305000,256217000,162678000,None,None,None,19305000,-3300000,None,48158000,48158000,None,USD,26545640000,16005000,4159621000,89244000,23589810000,2955830000,None,None,3591000,1191020000,212311000,82546000,101499000,186083000,19349705000,1044074000,1044074000,-6005000,365025000,283850000,3678820000,2868900000,2156340000,82417000,3830513000,6989000,17629999000,None,None,None,None,None,-958425000,None,None,None,None,197281000,None,None,None,None,None,None,2810832000,None,None,None,268000000,USD,-104827000,0,-104827000,-100127000,113906000,77467000,68116000,-42717000,48158000,-10808000,16552000,None,4667000,-30991000,-73564000,None,-4916000,7781000,4700000,None,None,None,11.85,11.15
6,2018-12-31,USD,145012000,98423000,88615000,145012000,0,33330000,0,0,42789000,0,89427000,None,46589000,8996000,0,None,None,None,2284000,0,0,9459000,-3800000,0,33330000,33330000,None,USD,26229008000,16517000,None,149075000,23223678000,3005330000,None,None,3591000,1173897000,207230000,82546000,21723810000,129391000,18985897000,1150130000,1150130000,-92831000,177432000,285377000,3943326000,2917979000,None,None,4030551000,6911000,17580269000,None,None,None,None,None,-884750000,None,None,None,None,None,255000000,None,None,None,None,None,2805423000,None,None,None,283000000,USD,-47188000,0,-720765000,-18636000,581907000,664444000,181310000,-59275000,33330000,-13704000,42617000,None,3951000,-32020000,-252432000,None,None,63829000,5536000,None,None,None,10.4,11.85
7,2018-09-30,USD,175213000,96853000,79100000,175213000,0,54224000,0,0,73425000,0,88836000,None,78360000,8017000,0,None,None,None,0,0,0,19201000,-4935000,0,54224000,54224000,None,USD,25518495000,17218000,None,82553000,22483274000,3035221000,None,None,3591000,1172615000,231284000,82546000,21098220000,210595000,18296400000,775184000,775184000,-123128000,175387000,300903000,3844221000,2947389000,None,None,3955590000,7755000,17397812000,None,None,None,None,None,-818209000,None,None,None,None,None,None,None,None,None,None,None,None,None,None,None,281000000,USD,-31833000,0,-154533000,75968000,-291213000,89170000,494963000,18673000,54224000,14600000,79963000,None,5052000,-26700000,None,1866000,None,6353000,3399000,None,None,None,12.27,10.4
8,2018-06-30,USD,178779000,98059000,71101000,178779000,0,57097000,0,0,76195000,0,90923000,None,80720000,7136000,-22707000,None,None,None,0,0,0,19098000,-4525000,0,57097000,57097000,None,USD,25364892000,18075000,None,79893000,22273909000,3090983000,None,None,3591000,1145129000,211517000,82546000,20976985000,195995000,18181764000,830359000,830359000,-122300000,176546000,281345000,3829395000,3002634000,None,None,3880628000,5190000,16917405000,None,None,None,None,None,-729944000,None,None,None,None,None,None,None,None,None,None,None,None,None,None,None,286000000,USD,70460000,0,-103680000,17142000,-216273000,76790000,358817000,4960000,57097000,42556000,69446000,None,4993000,-27100000,None,None,None,2140000,3664000,None,None,None,12.79,12.27
9,2018-03-31,USD,179094000,96585000,61583000,179094000,0,57925000,0,0,78009000,0,75639000,None,98373000,7834000,22707000,None,None,None,0,0,0,20084000,-4500000,0,57925000,57925000,None,USD,25225677000,101609000,None,75211000,22133596000,3092081000,None,16546325000,3591000,1075413000,226011000,82526000,4537754000,153439000,18158784000,861300000,861300000,-123249000,177368000,233523000,3926715000,3003223000,None,74200000,5361260000,5884000,16546325000,None,None,None,None,None,-692516000,None,None,None,None,None,None,None,None,None,None,None,None,None,None,None,289000000,USD,89533000,0,-574785000,-154768000,899727000,26281000,-786935000,12128000,57925000,-464955000,83549000,None,5082000,-27366000,2714000,4419000,-1345000,9759000,1706000,None,None,None,13.64,12.79
10,2017-12-31,USD,373344000,606894000,60127000,1032735000,-282165000,80899000,0,0,68935000,0,76710000,None,96375000,37298000,186329000,None,None,None,0,0,0,73689000,-27210000,0,61738000,80899000,None,USD,25129244000,97665000,None,146340000,22003793000,3125451000,None,17357697000,3591000,1054838000,184563000,77571000,4467503000,550094000,17358310000,861481000,861481000,-113597000,180231000,702264000,4015892000,3041014000,None,72855000,4331052000,11015000,17357697000,None,None,None,None,None,-633110000,None,None,None,None,None,None,None,None,None,None,None,None,None,None,None,292000000,USD,-388291000,0,-1687298000,14798000,-84718000,1839104000,2075321000,-18702000,126744000,454216000,302410000,None,19848000,-101550000,9141000,35498000,-6886000,181406000,20235000,None,None,None,13.88,13.64
11,2017-09-30,USD,814834000,-310698000,56603000,-503948000,564330000,45845000,0,0,74282000,0,71641000,None,100920000,-980000,54835000,None,None,None,0,0,0,28437000,11100000,0,163433000,45845000,None,USD,24782003000,99567000,None,80178000,21626871000,3155132000,None,16876469000,3591000,1091971000,265533000,77571000,4472644000,413322000,17480660000,603724000,603724000,-104892000,177569000,497836000,3915994000,3070101000,None,73203000,4484869000,11311000,16876469000,None,None,None,None,None,-632394000,None,None,None,None,None,None,None,None,None,None,None,None,None,None,None,291000000,USD,-185411000,0,-262703000,14275000,-397461000,1429729000,1615290000,16719000,45845000,199415000,230460000,None,4995000,-74058000,3961000,33790000,-3626000,3378000,12822000,None,None,None,13.64,13.88
12,2017-06-30,USD,708812000,102368000,54452000,170376000,-376220000,39633000,0,0,64108000,0,68214000,None,97343000,-7698000,-60048000,None,None,None,0,0,0,24475000,-3900000,0,-144447000,39633000,None,USD,24316096000,100648000,None,76611000,21161177000,3154919000,None,16042045000,3591000,1069049000,236802000,77571000,4290921000,213907000,16912571000,4882605000,4882605000,-107174000,178071000,295475000,3744984000,3069258000,None,69577000,4882330000,11991000,16042045000,None,None,None,None,None,-602846000,None,None,None,None,None,None,None,None,None,None,None,None,None,None,None,293000000,USD,-27254000,0,-387955000,12497000,-211460000,1034922000,769354000,-8840000,39633000,47993000,163149000,None,4819000,-49640000,94000,32936000,-655000,9167000,8937000,None,None,None,13.36,13.64
13,2017-03-31,USD,219797000,0,46975000,0,94055000,46020000,0,0,73264000,0,72121000,None,95991000,4000000,20791000,None,None,None,0,0,0,27244000,0,0,46020000,46020000,None,USD,23888673000,101475000,None,None,20730181000,3158492000,None,15376023000,3591000,1055162000,260368000,77571000,4272583000,3889385000,None,5093790000,5093790000,-107252000,179196000,None,22737845000,3057017000,None,68922000,5093790000,9709000,15376023000,None,None,None,None,None,-576973000,None,None,None,None,None,None,None,None,None,None,None,None,None,None,None,293000000,USD,-765013000,13694000,-760387000,10489000,547539000,643098000,116740000,6543000,46020000,1736000,119025000,None,8971000,-24786000,3605000,34267000,-2953000,12483000,5863000,None,None,None,14.38,13.36
14,2016-12-31,USD,876955000,304945000,44119000,464559000,179328000,52465000,0,0,83453000,0,62831000,None,104489000,37499000,169475000,None,None,None,0,0,0,30988000,-83757000,0,131096000,52465000,None,USD,23174675000,101839000,None,167067000,20051430000,3123245000,None,15280833000,3591000,1029150000,224346000,77571000,4220435000,101378000,16240833000,960000000,960000000,-111854000,177417000,285487000,3653867000,3036295000,None,65969000,4522622000,42790000,15280833000,None,None,None,None,None,-587974000,None,None,None,None,None,None,None,None,None,None,None,None,None,None,None,301000000,USD,-295998000,0,-2297946000,5896000,1283161000,2086084000,1214307000,-6383000,52465000,15274000,227136000,None,19071000,-82291000,34317000,None,-7406000,29729000,21088000,None,None,None,13.95,14.38
15,2016-09-30,USD,232672000,82872000,43768000,386154000,-269161000,49851000,0,0,71729000,0,67150000,None,91194000,-8916000,11205000,None,None,None,0,0,0,21878000,143148000,0,167069000,49851000,None,USD,22535977000,102825000,None,None,19420888000,3115089000,None,14951742000,3591000,994376000,265435000,77571000,4091468000,3697468000,None,4203711000,4203711000,-103354000,178623000,None,21398699000,3012264000,None,66048000,4203711000,29075000,14951742000,None,None,None,None,None,-575187000,None,None,None,None,None,None,None,None,None,None,None,None,None,None,None,295000000,USD,-778482000,-4833000,-784993000,3867000,309540000,1483088000,902188000,-9608000,49851000,20307000,160298000,None,6817000,-57607000,-53664000,None,-1557000,-3150000,17836000,None,None,None,12.01,13.95
16,2016-06-30,USD,13353000,-41436000,42655000,-193077000,89833000,45140000,0,0,72766000,0,67310000,None,91817000,1958000,-27344000,None,None,None,0,0,0,27626000,-71574000,0,-106040000,45140000,None,USD,21718298000,103975000,None,None,18586046000,3132252000,None,14425857000,3591000,971024000,266018000,77571000,3969355000,3565948000,None,3894171000,3894171000,-102686000,176006000,None,20629643000,3028277000,None,64491000,3894171000,13744000,14425857000,None,None,None,None,None,-542407000,None,None,None,None,None,None,None,None,None,None,None,None,None,None,None,302000000,USD,-517330000,30460000,-522600000,3686000,366541000,709041000,371657000,2959000,45140000,4653000,129045000,None,7215000,-38980000,-120331000,None,-813000,2730000,11144000,None,None,None,11.08,12.01
17,2016-03-31,USD,0,0,42544000,0,0,44669000,0,0,71124000,0,65627000,None,88147000,0,0,None,None,None,0,0,0,26455000,0,0,0,44669000,None,USD,21189970000,104960000,None,None,17974243000,3215727000,None,None,3591000,941926000,245226000,77571000,3941682000,None,None,None,None,None,173609000,None,None,None,None,None,3527630000,8283000,14201387000,None,None,None,None,None,-425991000,None,None,None,None,None,None,None,None,None,None,None,None,None,None,None,313000000,USD,None,None,None,2658000,None,264525000,155190000,None,44669000,None,46308000,None,None,-19805000,None,4083000,None,None,4846000,None,None,None,11.64,11.08
18,2015-12-31,USD,609209000,319282000,42322000,609209000,0,44402000,0,0,68850000,0,62087000,None,87715000,28267000,136639000,None,None,None,0,0,0,24448000,-9050000,0,181505000,44402000,None,USD,20888684000,105311000,None,109394000,17577037000,3311647000,None,14063656000,3591000,908215000,250291000,77571000,3892414000,105504000,14063656000,3263090000,3263090000,-118075000,172519000,221181000,3327357000,3222584000,None,58563000,3263090000,13714000,14063656000,None,None,None,None,None,-295412000,None,None,None,None,None,None,None,None,None,None,None,None,None,None,None,333000000,USD,-404710000,0,-2585122000,13509000,496986000,1969931000,1930158000,-41087000,44402000,-82057000,533134000,None,17280000,-87395000,10119000,352028000,-3296000,381717000,25550000,None,None,None,12.44,11.64
19,2015-09-30,USD,0,0,40622000,0,0,48794000,0,0,71660000,0,61880000,None,91054000,0,0,None,None,None,0,0,0,22866000,0,0,0,48794000,None,USD,20331326000,106839000,None,None,16969142000,3362184000,None,None,3591000,890854000,269431000,77571000,3833939000,None,None,None,None,None,168458000,None,None,None,None,None,None,14553000,13341158000,None,None,None,None,None,-223040000,None,None,None,None,None,None,None,None,None,None,None,None,None,None,None,327000000,USD,None,None,None,11973000,None,1469559000,1243461000,None,48794000,None,464209000,None,None,-70475000,None,350598000,None,None,17578000,None,None,None,12.35,12.44
