,fiscalDateEnding,reportedCurrency_x,totalRevenue,totalOperatingExpense,costOfRevenue,grossProfit,ebit,netIncome_x,researchAndDevelopment,effectOfAccountingCharges,incomeBeforeTax,minorityInterest,sellingGeneralAdministrative,otherNonOperatingIncome,operatingIncome,otherOperatingExpense,interestExpense,taxProvision,interestIncome,netInterestIncome,extraordinaryItems,nonRecurring,otherItems,incomeTaxExpense,totalOtherIncomeExpense,discontinuedOperations,netIncomeFromContinuingOperations,netIncomeApplicableToCommonShares,preferredStockAndOtherAdjustments,reportedCurrency_y,totalAssets,intangibleAssets,earningAssets,otherCurrentAssets,totalLiabilities,totalShareholderEquity,deferredLongTermLiabilities,otherCurrentLiabilities,commonStock,retainedEarnings,otherLiabilities,goodwill,otherAssets,cash,totalCurrentLiabilities,shortTermDebt,currentLongTermDebt,otherShareholderEquity,propertyPlantEquipment,totalCurrentAssets,longTermInvestments,netTangibleAssets,shortTermInvestments,netReceivables,longTermDebt,inventory,accountsPayable,totalPermanentEquity,additionalPaidInCapital,commonStockTotalEquity,preferredStockTotalEquity,retainedEarningsTotalEquity,treasuryStock,accumulatedAmortization,otherNonCurrrentAssets,deferredLongTermAssetCharges,totalNonCurrentAssets,capitalLeaseObligations,totalLongTermDebt,otherNonCurrentLiabilities,totalNonCurrentLiabilities,negativeGoodwill,warrants,preferredStockRedeemable,capitalSurplus,liabilitiesAndShareholderEquity,cashAndShortTermInvestments,accumulatedDepreciation,commonStockSharesOutstanding,reportedCurrency,investments,changeInLiabilities,cashflowFromInvestment,otherCashflowFromInvestment,netBorrowings,cashflowFromFinancing,otherCashflowFromFinancing,changeInOperatingActivities,netIncome_y,changeInCash,operatingCashflow,otherOperatingCashflow,depreciation,dividendPayout,stockSaleAndPurchase,changeInInventory,changeInAccountReceivables,changeInNetIncome,capitalExpenditures,changeInReceivables,changeInExchangeRate,changeInCashAndCashEquivalents,clossingVal,nextClossingVal
0,2020-06-30,USD,3387000,3016000,611000,2776000,627000,150000,842000,None,371000,None,1563000,None,371000,None,None,221000,None,None,None,None,None,221000,None,None,150000,150000,None,USD,19999000,3535000,None,None,1972000,18027000,3535000,148000,53000,-6526000,None,None,8754000,6834000,1422000,None,402000,-358000,630000,10615000,None,18027000,None,2629000,522000,640000,253000,None,None,None,None,None,None,None,None,None,9384000,244000,None,None,550000,None,None,None,None,None,None,None,None,USD,-27000,-292000,-27000,None,924000,918000,None,-8000,150000,1409000,475000,None,256000,None,None,46000,269000,54000,27000,None,None,None,3.35,
1,2020-03-31,USD,3159000,2811000,623000,2536000,-275000,-111000,902000,None,-275000,None,1909000,None,-275000,None,None,-164000,None,None,None,None,None,-164000,None,None,-111000,-111000,None,USD,19079000,3722000,None,571000,1304000,17775000,3722000,320000,53000,-6676000,None,None,8940000,5425000,1291000,None,None,-412000,444000,9580000,None,14053000,None,2898000,None,686000,971000,None,None,53000,None,-6676000,None,None,115000,5218000,9499000,115000,None,13000,13000,None,None,None,24810000,19079000,5425000,-1122000,5331799,USD,-97000,107000,-97000,-22000,924000,0,None,-187000,-111000,397000,494000,-108000,224000,None,None,95000,228000,59000,75000,228000,-90000,307000,3.62,3.35
2,2019-12-31,USD,3446000,2856000,640000,2806000,-50000,-90000,828000,None,-50000,None,2028000,None,-50000,None,None,40000,None,None,None,None,None,40000,0,None,-90000,-90000,None,USD,19183000,3875000,None,463000,1250000,17933000,2045000,440000,53000,-6565000,None,None,7265000,5118000,1231000,None,None,-306000,419000,9488000,None,14058000,None,3126000,None,781000,791000,None,None,53000,None,-6565000,None,None,181000,5220000,9695000,19000,None,19000,19000,None,None,None,24751000,19183000,5118000,-1089000,5322849,USD,-129000,-129000,-129000,-114000,924000,0,-21000,-20000,-90000,242000,371000,63000,198000,None,4000,-16000,250000,95000,15000,250000,153000,395000,4.5386,3.62
3,2019-09-30,USD,3689000,2764000,513000,3176000,1124000,6130000,691000,None,925000,None,1560000,None,925000,None,None,-5205000,None,None,None,None,None,-5205000,None,None,6130000,6130000,None,USD,19234000,3911000,None,528000,1419000,17815000,2195000,235000,53000,-6475000,None,None,7452000,4723000,1395000,None,None,-457000,674000,9392000,None,16099000,None,3376000,None,765000,395000,None,None,53000,None,-6475000,None,None,245000,5257000,9842000,246000,None,24000,24000,None,None,None,24694000,19234000,4723000,-1033000,5000000,USD,-359000,-17000,-359000,-280000,924000,0,-21000,-323000,6130000,494000,935000,-64000,199000,None,4000,-84000,172000,-5142000,359000,172000,-82000,494000,4.6657,4.5386
4,2019-06-30,USD,4225000,3578000,1199000,3026000,844000,647000,697000,None,647000,None,1682000,None,647000,None,None,0,None,None,None,None,None,None,None,None,647000,647000,None,USD,13475000,3780000,None,463000,1773000,11702000,2344000,302000,52000,-12605000,None,None,2402000,4229000,1722000,None,None,-382000,716000,8921000,None,10266000,None,3548000,None,681000,426000,None,None,52000,None,-12605000,None,None,309000,58000,4554000,310000,None,51000,51000,None,None,None,24637000,13475000,4229000,-985000,5000000,USD,-428000,175000,-428000,-343000,None,-9000,-21000,-709000,647000,281000,760000,-109000,197000,None,4000,527000,-131000,54000,428000,-131000,-42000,281000,5.0,4.6657
5,2019-03-31,USD,3372000,2287000,777000,2595000,308000,308000,620000,None,308000,None,1665000,None,308000,None,None,0,None,None,None,2000,None,None,-2000,None,308000,308000,None,USD,13305000,3586000,None,353000,2255000,11050000,2493000,1173000,52000,-13252000,None,None,57000,3948000,2139000,254000,254000,-342000,366000,8926000,None,7464000,None,3417000,116000,1208000,966000,None,None,52000,None,-13252000,None,None,370000,57000,4379000,370000,None,116000,116000,None,None,None,24592000,13305000,3948000,-936000,5293941,USD,-494000,-926000,-494000,-419000,None,-8000,-12000,-243000,308000,-318000,184000,57000,201000,None,4000,81000,413000,50000,75000,413000,30000,-288000,5.06,5.0
6,2018-12-31,USD,3609000,2207000,895000,2714000,507000,517000,686000,0,507000,0,1377000,None,507000,-14561000,0,-10000,None,None,0,144000,0,-10000,-144000,0,517000,517000,None,USD,13484000,3317000,None,410000,2847000,10637000,2643000,1089000,52000,-13593000,None,None,2699000,4236000,2847000,None,None,-372000,346000,9765000,None,7320000,None,3830000,None,1289000,1758000,None,None,52000,None,-13593000,None,None,None,56000,3719000,None,None,None,None,None,None,None,24550000,13484000,4236000,-882000,5278485,USD,None,802000,-259000,-228000,None,-8000,-10000,506000,517000,728000,987000,31000,203000,None,None,-510000,-108000,52000,31000,-108000,-37000,691000,4.5,5.06
7,2018-09-30,USD,4049000,2455000,743000,3306000,851000,851000,863000,0,851000,0,1592000,None,851000,0,0,None,None,None,0,0,0,0,0,0,851000,851000,None,USD,12181000,3239000,None,441000,2058000,10123000,2793000,596000,52000,-14110000,None,None,2830000,3545000,2058000,None,None,-327000,418000,8487000,None,6884000,None,3722000,None,779000,1462000,None,None,52000,None,-14110000,None,None,None,37000,3694000,None,None,None,None,None,None,None,24508000,12181000,3545000,-867000,5273873,USD,None,-230000,-116000,-32000,None,-8000,None,-61000,851000,-142000,-26000,-27000,214000,None,None,-131000,-748000,45000,84000,-748000,-3000,-145000,6.0,4.5
8,2018-06-30,USD,3893000,2681000,701000,3192000,511000,511000,916000,0,511000,0,1765000,None,511000,0,0,None,None,None,0,0,0,0,0,0,511000,511000,None,USD,11530000,3356000,None,413000,2299000,9231000,2474000,623000,52000,-14961000,None,None,2510000,3690000,2299000,None,None,-327000,413000,7725000,None,5875000,None,2974000,None,648000,1676000,None,None,52000,None,-14961000,None,None,None,36000,3805000,None,None,None,None,None,None,None,24467000,11530000,3690000,-820000,5269809,USD,None,258000,-68000,-36000,None,-8000,None,9000,511000,377000,445000,-67000,183000,None,None,-260000,-218000,38000,32000,-218000,-9000,368000,4.15,6.0
9,2018-03-31,USD,3010000,2580000,447000,2563000,-17000,-17000,819000,0,-17000,0,1761000,None,-17000,0,0,None,None,None,0,0,0,0,0,0,-17000,-17000,None,USD,10762000,3440000,None,347000,2064000,8698000,2594000,505000,52000,-15472000,None,0,2631000,3322000,2064000,None,None,-311000,472000,6813000,None,5258000,0,2756000,0,388000,1559000,0,0,52000,0,-15472000,0,None,None,37000,3949000,None,None,None,None,None,None,None,24429000,10762000,3322000,-764000,5256226,USD,None,-448000,-113000,-66000,None,-10000,-10000,-541000,-17000,133000,256000,-69000,174000,0,0,-53000,583000,86000,47000,583000,-1000,132000,4.25,4.15
10,2017-12-31,USD,4341000,2689000,891000,3450000,769000,688000,744000,0,769000,0,1945000,8000,761000,0,0,None,None,None,0,0,0,81000,-262000,0,688000,688000,None,USD,11128000,3485000,None,255000,2487000,8641000,2477000,778000,51000,-15455000,None,0,3523000,3190000,2487000,None,None,-310000,486000,7119000,None,5156000,0,3339000,0,335000,1709000,0,0,51000,0,-15455000,0,None,None,38000,4009000,None,None,None,None,None,None,None,24355000,11128000,3190000,-702000,5210448,USD,None,-93000,-371000,-219000,None,-10000,None,211000,688000,424000,795000,146000,119000,0,0,91000,-328000,92000,152000,-248000,10000,434000,2.95,4.25
11,2017-09-30,USD,3624000,2152000,602000,3022000,870000,870000,722000,0,870000,0,1430000,None,870000,0,0,None,None,None,0,0,0,14000,0,0,870000,870000,None,USD,10551000,3396000,None,396000,2676000,7875000,0,648000,51000,-16143000,None,0,0,2756000,2676000,None,None,-316000,423000,6669000,None,4479000,0,3091000,0,426000,2028000,0,0,51000,0,-16143000,0,None,None,63000,3882000,None,None,None,None,None,None,None,24283000,10551000,2756000,-4349000,5189518,USD,None,423000,-439000,-392000,None,0,-10000,161000,870000,93000,532000,-51000,154000,0,0,-153000,80000,78000,47000,-789000,7000,100000,3.05,2.95
12,2017-06-30,USD,3475000,2384000,798000,2677000,323000,323000,728000,0,323000,0,1656000,30000,293000,0,0,None,None,None,0,0,0,2000,0,0,323000,323000,None,USD,9185000,3181000,None,347000,2271000,6914000,0,382000,51000,-17012000,None,0,3241000,2656000,2271000,None,None,-332000,366000,5578000,None,3733000,0,2302000,0,273000,1889000,0,0,51000,0,-17012000,0,None,None,60000,3607000,None,None,None,None,None,None,None,24207000,9185000,2656000,-4253000,5168381,USD,None,-36000,-414000,-346000,None,0,-10000,-35000,323000,515000,929000,-59000,152000,0,0,-49000,709000,88000,68000,510000,21000,536000,3.6,3.05
13,2017-03-31,USD,3084000,2252000,634000,2450000,201000,197000,816000,None,201000,None,1436000,3000,198000,None,0,None,None,None,None,None,None,4000,0,None,197000,197000,None,USD,8735000,2879000,None,290000,2255000,6480000,1000,250000,51000,-17335000,1000,0,2937000,2120000,2254000,None,None,-356000,352000,5446000,None,3601000,0,2812000,0,224000,2004000,0,0,51000,0,-17335000,0,None,None,58000,3289000,None,None,None,1000,None,None,None,24120000,8735000,2120000,-4173000,5148000,USD,None,171000,-128000,-95000,None,0,None,-10000,197000,566000,694000,-10000,155000,0,0,-83000,199000,65000,33000,199000,7000,573000,2.9,3.6
14,2016-12-31,USD,-2766000,-12413000,-5076000,1443000,-4856000,-683000,-3707000,0,-712000,0,-4586000,2000,-4858000,-2730000,0,None,None,None,0,-252000,0,21000,-151000,20910000,-683000,-683000,None,USD,8204000,2795000,None,281000,1995000,6209000,2795000,323000,50000,-17533000,None,0,2853000,1547000,1995000,None,None,-363000,371000,4980000,None,3414000,0,3011000,0,141000,1672000,0,0,50000,0,-17533000,0,None,None,58000,3224000,None,None,None,None,None,None,None,24055000,8204000,1547000,-4102000,5028000,USD,None,213000,-93000,-43000,None,-17000,-17000,-151000,-683000,-90000,20000,136000,167000,0,-17000,20000,52000,52000,50000,115000,-40000,-130000,3.7,2.9
15,2016-09-30,USD,1249000,-2072000,-814000,2568000,4613000,469000,-636000,0,469000,0,-1436000,-27000,4640000,2730000,0,None,None,None,0,714000,0,11000,0,-20910000,469000,469000,None,USD,8644000,2842000,None,416000,1782000,6862000,0,415000,50000,-16850000,None,0,2862000,1677000,1782000,None,None,-324000,402000,5380000,None,4020000,0,3126000,0,161000,1367000,0,0,50000,0,-16850000,0,None,None,20000,3264000,None,None,None,None,None,None,None,23986000,8644000,1677000,-4042000,5069168,USD,None,-1003000,-128000,-88000,None,0,None,None,469000,726000,854000,21000,74000,0,0,68000,-847000,112000,40000,1113000,-13000,713000,3.87,3.7
16,2016-06-30,USD,4677000,2519000,964000,3713000,1195000,1193000,603000,0,1195000,0,1916000,1000,1194000,1820000,0,None,None,None,0,476000,0,2000,0,-13940000,1193000,1193000,None,USD,9097000,2335000,None,437000,2785000,6312000,None,415000,50000,-17319000,None,None,2775000,964000,2785000,None,None,-305000,873000,5869000,None,3977000,None,4239000,None,229000,2370000,None,None,50000,None,-17319000,None,None,None,20000,3228000,None,None,None,None,None,None,None,23886000,9097000,964000,-3977000,5050051000,USD,None,450000,-572000,-523000,None,None,None,None,1193000,-382000,190000,44000,74000,None,None,147000,None,2000,49000,-1720000,-57000,-439000,2.24,3.87
17,2016-03-31,USD,3238000,2609000,918000,2320000,-290000,-292000,794000,0,-290000,0,1689000,-1000,-289000,-1820000,0,None,None,None,0,126000,0,2000,0,13940000,-292000,-292000,None,USD,7502000,1811000,None,2712000,2335000,5167000,0,450000,50000,-18512000,None,0,1830000,1403000,2335000,None,None,-257000,473000,5199000,None,5167000,0,2520000,0,375000,1885000,0,0,50000,0,-18512000,0,None,None,19000,492000,None,None,None,None,None,None,None,23886000,7502000,1403000,-3911000,5039039,USD,None,-1239000,-625000,-601000,None,0,None,None,-292000,-1242000,-617000,-36000,75000,0,0,272000,544000,59000,24000,544000,-3000,-1245000,2.78,2.24
18,2015-12-31,USD,1634000,-912000,540000,1094000,2007000,-268000,291000,0,2007000,0,-21000,1000,2006000,-431000,0,None,None,None,0,-751000,0,5000,-98000,-2270000,2002000,-268000,None,USD,8971000,1210000,None,1655000,3574000,5397000,0,573000,49000,-18220000,None,0,1649000,2648000,3574000,None,None,-258000,518000,6804000,None,5397000,0,3063000,0,648000,3001000,0,0,49000,0,-18220000,0,None,420000,19000,957000,None,None,None,None,None,None,None,23826000,8971000,2648000,-3796000,5028000,USD,None,516000,-619000,-589000,None,-17000,-17000,166000,-268000,-5000,614000,30000,168000,0,0,-88000,-529000,-62000,30000,318000,-27000,-33000,3.65,2.78
19,2015-09-30,USD,4061000,2832000,941000,3120000,279000,-925000,1029000,0,279000,0,1680000,-9000,288000,123000,0,None,None,None,0,0,0,-11000,0,-1215000,290000,-925000,None,USD,8808000,709000,None,1145000,3223000,5585000,161000,1554000,50000,-17952000,None,0,1187000,2681000,3062000,None,None,-244000,564000,7057000,None,5585000,0,3380000,0,560000,1508000,0,0,50000,0,-17952000,0,None,420000,58000,1042000,None,None,None,161000,None,None,None,23731000,8808000,2681000,-3738000,5019715,USD,None,-988000,2574000,2632000,None,0,None,None,-925000,2176000,-398000,5000,-351000,0,0,235000,0,1590000,58000,36000,-71000,2106000,3.7499,3.65
