,fiscalDateEnding,reportedCurrency_x,totalRevenue,totalOperatingExpense,costOfRevenue,grossProfit,ebit,netIncome_x,researchAndDevelopment,effectOfAccountingCharges,incomeBeforeTax,minorityInterest,sellingGeneralAdministrative,otherNonOperatingIncome,operatingIncome,otherOperatingExpense,interestExpense,taxProvision,interestIncome,netInterestIncome,extraordinaryItems,nonRecurring,otherItems,incomeTaxExpense,totalOtherIncomeExpense,discontinuedOperations,netIncomeFromContinuingOperations,netIncomeApplicableToCommonShares,preferredStockAndOtherAdjustments,reportedCurrency_y,totalAssets,intangibleAssets,earningAssets,otherCurrentAssets,totalLiabilities,totalShareholderEquity,deferredLongTermLiabilities,otherCurrentLiabilities,commonStock,retainedEarnings,otherLiabilities,goodwill,otherAssets,cash,totalCurrentLiabilities,shortTermDebt,currentLongTermDebt,otherShareholderEquity,propertyPlantEquipment,totalCurrentAssets,longTermInvestments,netTangibleAssets,shortTermInvestments,netReceivables,longTermDebt,inventory,accountsPayable,totalPermanentEquity,additionalPaidInCapital,commonStockTotalEquity,preferredStockTotalEquity,retainedEarningsTotalEquity,treasuryStock,accumulatedAmortization,otherNonCurrrentAssets,deferredLongTermAssetCharges,totalNonCurrentAssets,capitalLeaseObligations,totalLongTermDebt,otherNonCurrentLiabilities,totalNonCurrentLiabilities,negativeGoodwill,warrants,preferredStockRedeemable,capitalSurplus,liabilitiesAndShareholderEquity,cashAndShortTermInvestments,accumulatedDepreciation,commonStockSharesOutstanding,reportedCurrency,investments,changeInLiabilities,cashflowFromInvestment,otherCashflowFromInvestment,netBorrowings,cashflowFromFinancing,otherCashflowFromFinancing,changeInOperatingActivities,netIncome_y,changeInCash,operatingCashflow,otherOperatingCashflow,depreciation,dividendPayout,stockSaleAndPurchase,changeInInventory,changeInAccountReceivables,changeInNetIncome,capitalExpenditures,changeInReceivables,changeInExchangeRate,changeInCashAndCashEquivalents,clossingVal,nextClossingVal
0,2020-06-30,USD,5953689,2150227,2559016,3394673,1268474,1259858,870805,None,1268474,None,1279422,24028,1244446,-5953689,None,8616,7767,7767,None,None,None,8616,16261,None,1259858,1259858,None,USD,41096978,44400,None,1107723,2694141,38402837,129689,106341,19081,7596458,129689,None,94675,22984249,2562211,None,None,None,8225732,32665970,None,38402837,None,3864656,None,4709342,2455870,None,None,19081,None,7596458,-21368537,None,205276,None,8431008,66201,None,2241,131930,None,None,None,52155835,41096978,22984249,None,None,USD,-35204,-59011,-35204,None,None,0,None,289123,1259858,340212,375416,146128,96396,None,None,111720,-1179675,None,35204,-1179675,None,340212,5.0,
1,2020-03-31,USD,4835065,2243408,2539894,2295171,128703,438105,712019,None,128703,None,1531389,76940,51763,-4835065,None,-309402,65721,65721,None,None,None,-309402,11219,None,438105,438105,None,USD,39908261,44400,None,1244645,2765282,37142979,129689,97136,19081,6336600,129689,None,98742,22644037,2629956,None,None,None,8282858,31394725,None,37142979,None,2684981,None,4821062,2532820,None,None,19081,None,6336600,-21368537,None,230678,None,8513536,87536,None,5637,135326,None,None,None,52155835,39908261,22644037,None,17000000,USD,-14991,145371,-14991,None,None,8822,None,-296254,438105,485281,491450,-496244,101019,None,8822,-148599,291768,160030,14991,291768,None,485281,3.19,5.0
2,2019-12-31,USD,4511428,2369889,1909781,2601647,327908,327908,666615,None,327908,None,1703274,96150,231758,-4511428,None,0,78870,78870,None,None,None,None,17280,None,327908,327908,None,USD,39115285,44400,None,686614,2579225,36536060,129651,33586,19006,5898495,129651,None,102151,22158756,2425267,None,None,None,8365477,30494582,None,36536060,None,2976749,None,4672463,2391681,None,None,19006,None,5898495,-21368537,None,255226,None,8620703,108675,None,24307,153958,None,None,None,51987096,39115285,22158756,None,17000000,USD,-17429,117321,-17429,None,None,None,None,176649,327908,-258074,-240645,39972,104135,None,None,-201769,-628212,160030,17429,-628212,None,-258074,5.84,3.19
3,2019-09-30,USD,4801988,1986221,1942734,2859254,991128,997117,522427,None,991128,None,1463794,118095,873033,-17572589,None,-5989,101672,101672,None,None,None,-5989,16423,None,997117,997117,None,USD,38557025,49200,None,722231,2348873,36208152,129651,29231,19006,5570587,129651,None,104841,22416830,2219222,None,None,None,8444692,29958292,None,36208152,None,2348537,None,4470694,2189991,None,None,19006,None,5570587,-21368537,None,154041,None,8598733,None,None,None,129651,None,None,None,51987096,38557025,22416830,None,17000000,USD,-5696,-8526,-5696,None,None,None,None,-333011,997117,-146581,-140885,-276305,108919,None,None,-124238,-906710,68858,5696,-906710,None,-146581,4.7,5.84
4,2019-06-30,USD,4589824,2138578,2064617,2525207,511259,511259,722525,None,511259,None,1416053,124630,386629,None,None,0,99916,99916,None,None,None,None,24714,None,511259,511259,None,USD,37759389,54000,None,607012,2548354,35211035,129627,183011,19006,4573470,129627,None,106157,22563411,2418727,None,None,None,8541798,29057434,None,35211035,None,1441827,None,4445184,2235716,None,None,19006,None,4573470,-21368537,None,160157,None,8701955,None,None,None,129627,None,None,None,51987096,37759389,22563411,None,17000000,USD,-3390,-209307,-3390,None,None,None,None,-61560,511259,1322215,1325605,-388109,107513,None,None,125628,1178621,68858,3390,1178621,None,1322215,5.1,4.7
5,2019-03-31,USD,4203127,2173139,1856921,2346206,210293,202499,648482,None,210293,None,1524657,37226,173067,None,None,7790,26480,26480,None,None,None,7794,10746,None,202499,202499,None,USD,37800326,56400,None,561791,3100550,34699776,129627,525899,19006,4062211,129627,None,109150,21241196,2970923,None,None,None,8640532,28994247,None,34699776,None,2620448,None,4570812,2445024,None,None,19006,None,4062211,-21368537,None,165547,None,8806079,None,None,None,129627,None,None,None,51987096,37800326,21241196,None,17000000,USD,-32420,-350112,-32420,None,None,None,None,-229842,202499,899578,931998,433650,118768,None,None,-274824,598621,203396,32420,598621,None,899578,3.01,5.1
6,2018-12-31,USD,3977650,2069788,1811847,2165803,139421,139421,596372,None,139421,None,1473416,43406,96015,None,0,None,None,None,None,None,None,0,43406,None,139421,139421,None,USD,37379433,61400,None,630331,3085542,34293891,129617,166517,18937,3859712,129617,None,111778,20341618,2955925,None,None,None,8719249,28487006,None,34293891,None,3219069,None,4295988,2789408,None,None,18937,None,3859712,-21368537,None,173178,None,8892427,None,None,None,129617,None,None,None,51783779,37379433,20341618,None,17000000,USD,None,-203405,-39775,None,None,None,None,201048,139421,-49095,-9320,-276381,116078,None,None,-15880,230824,23,39775,230824,None,-49095,2.26,3.01
7,2018-09-30,USD,3687023,2260433,1829328,1816193,-412647,-414378,592187,0,-412647,0,6674187,31593,-444240,0,0,None,None,None,0,0,0,1731,31592,0,-414378,-414378,None,USD,37633678,68600,None,544234,3479208,34154470,129594,356801,18937,3720291,129594,0,113393,20390713,3349614,None,None,None,8786737,28664948,None,34154470,0,3449893,0,4280108,2992813,0,0,18937,0,3720291,-21368537,None,181993,None,8968730,None,None,None,129594,None,None,None,51783779,37633678,20390713,None,17000000,USD,None,-27836,-13413,0,None,0,None,-373924,-414378,-488699,-475286,-1337501,119353,0,0,405544,-629185,6,13413,-886106,None,-488699,2.54,2.26
8,2018-06-30,USD,3389663,2654911,1806980,1582683,-1040936,-1041037,1028271,0,-1040936,0,1626640,31292,-1072228,1626640,0,None,None,None,0,0,0,101,31292,0,-1041037,-1041037,None,USD,38334816,68600,None,874375,3765968,34568848,129587,406748,18937,4134669,129587,0,115426,20879412,3636381,None,None,None,8890643,29260147,None,34568848,0,2820708,0,4685652,3229633,0,0,18937,0,4134669,-21368537,None,184026,None,9074669,None,None,None,129587,None,None,None,51783779,38334816,20879412,None,17000000,USD,None,470742,-2406467,0,None,0,None,421700,-1041037,-2559131,-152664,556421,106306,0,0,-245109,479548,13,2406467,None,None,-2559131,2.91,2.54
9,2018-03-31,USD,3685702,2788368,2082347,1644857,-1116166,-1316871,1031622,0,-1116166,0,1756746,27345,-1143511,1756746,0,None,None,None,0,0,0,200705,27345,0,-1316871,-1316871,None,USD,38905098,68600,None,951249,3295213,35609885,129574,220245,18937,5175706,129574,0,117100,23438543,3165639,None,None,None,6588808,32130590,None,35609885,0,3300256,0,4440542,2945394,0,0,18937,0,5175706,-21368537,None,185700,None,6774508,None,None,None,129574,None,None,None,51783779,38905098,23438543,None,17000000,USD,None,362380,-45455,0,None,0,None,-226055,-1316871,-1223911,-1178456,1079963,107181,0,0,54508,-736469,200015,45455,None,None,-1223911,3.53,2.91
10,2017-12-31,USD,3087984,2546276,1593268,1494716,-1020505,-881619,923721,0,-1020505,0,2547000,31055,-1051560,1622555,0,None,None,None,0,0,0,-138886,31055,0,-881619,-881619,None,USD,39659575,69000,None,1102047,2932814,36726761,129555,137465,18880,6492577,129555,0,187000,24662454,2803259,None,None,None,6649220,32823339,None,36726761,0,2563787,0,4495051,2665794,0,0,18880,0,6492577,-21368537,None,187016,None,6836236,None,None,None,129555,None,None,None,51583841,39659575,24662454,None,17000000,USD,None,-558383,-83277,0,None,0,None,170162,-881619,-17847,65430,-9984,103368,0,0,-315397,1268000,61813,83277,1665632,None,-17847,2.94,3.53
11,2017-09-30,USD,4225485,2778759,2373725,1851760,-235344,-186044,1065476,0,-235344,0,1692113,691655,-926999,0,0,None,None,None,0,0,0,-49300,8494113,0,-186044,-186044,None,USD,41037764,69000,None,1092064,3429384,37608380,67742,280354,18880,7374196,67742,0,187000,24680301,3361642,None,None,None,6669011,34181438,None,37608380,0,4229419,0,4179654,3081288,0,0,18880,0,7374196,-21368537,None,187315,None,6856326,None,None,None,67742,None,None,None,51583841,41037764,24680301,None,17000000,USD,None,21078,-22980,0,None,0,None,-254118,-186046,-301040,-278060,-27224,116866,0,0,260556,1762000,92827,22980,-556117,None,-301040,3.64,2.94
12,2017-06-30,USD,4541421,2918470,2164140,2377281,-517879,19220,1236184,0,-517879,0,2918000,23310,-541189,1682286,0,None,None,None,0,0,0,-537099,0,0,19220,19220,None,USD,41153475,69000,None,1002622,3359050,37794425,67745,314702,18880,7560242,67745,0,201000,24981341,3291305,None,None,None,6762897,34190304,None,37794425,0,3673302,0,4533039,2976603,0,0,18880,0,7560242,-21368537,None,200274,None,6963171,None,None,None,67745,None,None,None,51583840,41153475,24981341,None,17000000,USD,None,-588976,-50008,0,None,0,None,-220115,4754673,1288472,1338480,-4811555,110833,0,0,-201432,2437000,30,50008,2074907,None,1288472,4.4,3.64
13,2017-03-31,USD,4653902,-634447,2302431,2351471,7136075,5930425,1069009,0,7136075,0,2966000,4150157,2985918,-1703456,0,None,None,None,0,0,0,1205650,0,0,5930425,5930425,None,USD,41618883,69000,None,868128,3843678,37775205,67715,332551,18880,7541022,67715,0,155000,23692869,3775963,None,None,None,6823522,34640813,None,37775205,0,5748209,0,4331607,3443412,0,0,18880,0,7541022,-21368537,None,154548,None,6978070,None,None,None,67715,None,None,None,51583840,41618883,23692869,None,17000000,USD,None,-535036,-32710,0,None,0,None,-18327,5930000,5531722,5564432,6284894,113154,0,0,-133175,389000,191755,32710,-357160,None,5531722,3.02,4.4
14,2016-12-31,USD,3365866,3133109,1828052,1537814,-1566305,-1194974,1085988,0,-1566305,0,2047121,28990,-1595295,0,0,None,None,None,0,0,0,-371331,0,0,-1194974,-1194974,None,USD,36031737,71000,None,1222595,4378707,31653030,67708,351229,18813,1610595,None,0,157000,18161147,4310999,None,None,None,6901566,28973223,None,31653030,0,5391049,0,4198432,3959770,0,0,18813,0,1610595,-21368537,None,156948,None,7058514,None,None,None,67708,None,None,None,51392159,36031737,18161147,None,17000000,USD,None,737735,-47340,0,None,0,None,-375388,0,-606514,-559174,-1570362,108336,0,0,-552604,723000,7,47340,717714,None,-606514,3.33,3.02
15,2016-09-30,USD,6221000,2838186,2699000,3384646,562457,397000,1199000,0,562000,0,1639232,15997,546000,0,0,None,None,None,0,0,0,165000,111944,0,397129,397000,None,USD,36489000,71000,None,847207,3641000,32848000,67701,179585,19000,2806000,67701,0,157000,18768000,3573000,None,None,None,6963000,29369459,None,32776804,0,6215695,0,3645828,3393679,0,0,18813,0,2805569,-21368537,None,156948,None,7119510,None,None,None,67701,None,None,None,51392159,36488969,18767661,None,17000000,USD,None,-871062,-89524,0,None,-554906,None,-306939,397000,1237451,1881881,683364,137431,0,-554906,362286,205596,228450,89524,1341412,None,1237451,3.19,3.33
16,2016-06-30,USD,6504592,3651232,2621016,3883576,253893,226797,1405158,0,253893,0,2246074,21549,232344,0,0,None,None,None,0,0,0,27096,0,0,226797,226797,None,USD,38037462,71000,None,1136268,5023782,33013680,576629,299052,18813,2408440,3000,0,157000,17530210,4444223,None,None,None,7014638,30865876,None,33013680,0,8191284,0,4008114,4145171,0,0,18813,0,2408440,-20813631,None,156948,None,7171586,None,None,2930,579559,None,None,None,51400058,38037462,17530210,None,17000000,USD,None,-742891,-187688,0,None,-169871,None,None,227000,322328,679887,519569,123665,0,-169871,63233,0,-143103,187688,859414,None,322328,2.82,3.19
17,2016-03-31,USD,8660982,3930231,2757635,5903347,2008079,1578313,1337616,0,2008079,0,2592615,34963,1973116,0,0,None,None,None,0,0,0,429766,0,0,1578313,1578313,None,USD,38604740,78000,None,1429040,5647986,32956754,457943,342001,18813,2181643,3000,0,164000,17207882,5187178,None,None,None,6943414,31497178,None,32956754,0,8788909,0,4071347,4845177,0,0,18813,0,2181643,-20643760,None,164148,None,7107562,None,None,2865,460808,None,None,None,51400058,38604740,17207882,None,17000000,USD,None,-1029050,-8938,545,None,0,None,None,1578000,934391,943329,1077617,118495,0,0,452563,0,600836,9483,-277132,None,934391,2.63,2.82
18,2015-12-31,USD,6583578,3624544,3267767,3315811,-269298,-215438,931600,0,-269298,0,2692944,39435,-308733,0,0,None,None,None,0,0,0,-53860,0,0,-215438,-215438,None,USD,37908821,83000,None,928344,6726277,31182544,507184,738443,18756,603330,3000,0,169000,16273491,6216267,None,None,None,7047627,30692246,None,31182544,0,8966501,0,4523910,5477824,0,0,18756,0,603330,-20643760,None,168948,None,7216575,None,None,2826,510010,None,None,None,51204218,37908821,16273491,None,17000000,USD,None,1455010,-65504,563,None,0,None,None,0,-8548,56956,77935,113770,0,0,73406,0,54933,66067,-1718098,None,-8548,2.76,2.63
19,2015-09-30,USD,3137090,3539122,2482201,654889,-2875818,-2563812,603396,0,-2875818,0,2935726,8415,-2884233,0,0,None,None,None,0,0,0,-312006,58087,0,-2563812,-2563812,None,USD,36613753,83000,None,1221717,5271267,31342486,507184,756745,18756,818768,3000,0,169000,16282039,4761257,None,None,None,7095330,29349475,None,31342486,0,7248403,0,4597316,4004512,0,0,18756,0,818768,-20643760,None,168948,None,7264278,None,None,2826,510010,None,None,None,51148722,36613753,16282039,None,17000000,USD,None,1307395,-4490,12545,None,39000,None,-1649240,-5866134,522523,488013,-1673589,139789,0,39000,-437690,2025000,-1240,17035,1153348,None,522523,2.71,2.76
