,fiscalDateEnding,reportedCurrency_x,totalRevenue,totalOperatingExpense,costOfRevenue,grossProfit,ebit,netIncome_x,researchAndDevelopment,effectOfAccountingCharges,incomeBeforeTax,minorityInterest,sellingGeneralAdministrative,otherNonOperatingIncome,operatingIncome,otherOperatingExpense,interestExpense,taxProvision,interestIncome,netInterestIncome,extraordinaryItems,nonRecurring,otherItems,incomeTaxExpense,totalOtherIncomeExpense,discontinuedOperations,netIncomeFromContinuingOperations,netIncomeApplicableToCommonShares,preferredStockAndOtherAdjustments,reportedCurrency_y,totalAssets,intangibleAssets,earningAssets,otherCurrentAssets,totalLiabilities,totalShareholderEquity,deferredLongTermLiabilities,otherCurrentLiabilities,commonStock,retainedEarnings,otherLiabilities,goodwill,otherAssets,cash,totalCurrentLiabilities,shortTermDebt,currentLongTermDebt,otherShareholderEquity,propertyPlantEquipment,totalCurrentAssets,longTermInvestments,netTangibleAssets,shortTermInvestments,netReceivables,longTermDebt,inventory,accountsPayable,totalPermanentEquity,additionalPaidInCapital,commonStockTotalEquity,preferredStockTotalEquity,retainedEarningsTotalEquity,treasuryStock,accumulatedAmortization,otherNonCurrrentAssets,deferredLongTermAssetCharges,totalNonCurrentAssets,capitalLeaseObligations,totalLongTermDebt,otherNonCurrentLiabilities,totalNonCurrentLiabilities,negativeGoodwill,warrants,preferredStockRedeemable,capitalSurplus,liabilitiesAndShareholderEquity,cashAndShortTermInvestments,accumulatedDepreciation,commonStockSharesOutstanding,reportedCurrency,investments,changeInLiabilities,cashflowFromInvestment,otherCashflowFromInvestment,netBorrowings,cashflowFromFinancing,otherCashflowFromFinancing,changeInOperatingActivities,netIncome_y,changeInCash,operatingCashflow,otherOperatingCashflow,depreciation,dividendPayout,stockSaleAndPurchase,changeInInventory,changeInAccountReceivables,changeInNetIncome,capitalExpenditures,changeInReceivables,changeInExchangeRate,changeInCashAndCashEquivalents,clossingVal,nextClossingVal
0,2020-06-30,USD,22270000,None,None,None,None,4274000,None,None,5290000,None,9436000,None,None,2675000,5463000,1016000,23802000,18339000,None,None,None,1016000,None,None,4274000,4253000,None,USD,2359363000,None,None,None,2122657000,236706000,None,None,10840000,63767000,300000,None,1844810000,130964000,None,None,None,162099000,56767000,None,280337000,203991000,246886000,13701000,207277000,None,None,None,None,None,None,None,None,None,None,None,None,None,None,None,None,None,None,None,None,None,None,None,None,USD,-61887000,0,-61887000,-5993000,-8045000,150927000,160816000,557000,4274000,92422000,3382000,None,1149000,-660000,-1184000,None,-4937000,901000,3213000,None,None,None,14.5,
1,2020-03-31,USD,18424000,None,None,None,None,608000,None,None,757000,None,8678000,None,None,2520000,6286000,149000,23621000,17335000,None,None,None,149000,None,None,608000,605000,None,USD,2199369000,32211000,320088000,None,1966097000,233272000,None,None,10940000,60146000,144000,None,1757015000,38495000,None,None,None,162186000,54573000,None,308187000,201061000,276281000,8765000,216463000,None,None,None,None,None,None,None,None,None,None,None,None,None,48741000,None,None,None,None,None,None,None,None,None,11000000,USD,-20654000,0,-20654000,138000,36858000,13718000,-15848000,-1270000,608000,-6153000,783000,None,1033000,-679000,-6659000,None,-851000,3758000,1759000,None,None,None,12.77,14.5
2,2019-12-31,USD,18540000,12621000,None,17804000,None,3331000,None,None,4175000,None,8386000,None,5183000,2519000,6550000,844000,23515000,16965000,None,None,None,844000,-1008000,None,3331000,3303000,None,USD,2148916000,31035000,314455000,7913000,1906940000,241976000,None,10821000,11229000,60198000,1695000,26132000,1718495000,44308000,1775020000,53100000,53100000,170549000,50916000,53441000,293529000,210941000,259805000,7913000,180323000,133000,1707706000,None,None,None,None,None,None,None,None,None,None,None,48723000,None,None,None,None,None,None,None,None,None,10000000,USD,-24198000,0,-24198000,211000,-30355000,35062000,37377000,-954000,3331000,15694000,4830000,None,943000,-601000,-1000,None,-594000,905000,1700000,None,None,None,24.0,12.77
3,2019-09-30,USD,17984000,11505000,None,17446000,None,4657000,None,None,5764000,None,8086000,None,5941000,1766000,6488000,1107000,22854000,16366000,None,None,None,1107000,-177000,None,4657000,4614000,None,USD,2018014000,26117000,297823000,7130000,1807557000,210457000,None,10040000,9930000,57547000,102000,21902000,1611088000,29001000,1704635000,106725000,106725000,142980000,49088000,36457000,295264000,184340000,261179000,7130000,205859000,126000,1585357000,None,None,None,None,None,None,None,None,None,None,None,24134000,None,None,None,None,None,None,None,None,None,10000000,USD,-54531000,0,-54531000,1543000,-14608000,17707000,33154000,-572000,4657000,-34918000,1906000,None,882000,-553000,-428000,None,-250000,432000,2708000,None,None,None,23.8,24.0
4,2019-06-30,USD,18084000,11554000,None,17704000,None,4934000,None,None,6150000,None,7789000,None,6150000,2129000,6057000,1216000,22388000,16331000,None,None,None,1216000,None,None,4934000,4888000,None,USD,1996641000,26409000,317514000,6880000,1791142000,205499000,None,13204000,9938000,53492000,143000,21978000,1567712000,63919000,1706084000,138500000,138500000,77000,46097000,72428000,283995000,179090000,253985000,6880000,220709000,1529000,1552217000,None,None,None,None,None,None,None,None,None,None,None,24109000,None,None,None,None,None,None,None,None,None,10000000,USD,-40013000,0,-24334000,-20824000,11157000,25564000,68164000,-770000,4934000,-8484000,5965000,None,873000,-532000,-4529000,None,-503000,-180000,1085000,None,None,None,23.85,23.8
5,2019-03-31,USD,16437000,10398000,None,16172000,None,3917000,None,None,4869000,None,7002000,None,5774000,1913000,5530000,952000,20686000,15156000,None,None,None,952000,-905000,None,3917000,3871000,None,USD,1961894000,27143000,344333000,6377000,1758880000,203014000,None,11551000,10130000,49104000,85000,22489000,1513641000,70041000,1729438000,182600000,182600000,143780000,45717000,80928000,294465000,175871000,264257000,6377000,209178000,1748000,1532793000,None,None,None,None,None,None,None,None,None,None,None,24085000,None,None,None,None,None,None,None,None,None,10000000,USD,15679000,0,15679000,3283000,-25865000,33718000,63432000,281000,3917000,55263000,5866000,None,764000,-481000,-3368000,None,-578000,6000,2425000,None,None,None,22.71,23.85
6,2018-12-31,USD,15050000,10565000,5713000,15050000,0,3337000,0,0,4144000,0,8149000,None,4485000,2416000,5120000,None,None,None,300000,0,0,807000,-341000,0,3337000,3289000,None,USD,1786469000,2363000,None,5553000,1604207000,182262000,None,8761000,9484000,45721000,1166000,17424000,1419340000,17140000,1575891000,203400000,203400000,127057000,40229000,26904000,280209000,162475000,1218000,None,27150000,3611000,1361731000,None,None,None,None,None,None,None,None,None,None,None,24060000,None,None,None,None,None,None,None,None,None,10000000,USD,-15270000,0,-58535000,73000,-17532000,46625000,66129000,705000,3337000,-7648000,4262000,None,682000,-436000,-2332000,None,None,1254000,1058000,None,None,None,24.8,22.71
7,2018-09-30,USD,14817000,10254000,5177000,14817000,0,4047000,0,0,4563000,0,8472000,None,4563000,1782000,4392000,None,None,None,0,0,0,516000,0,0,4047000,3990000,None,USD,1735315000,19902000,None,5073000,1556908000,178407000,0,11137000,9546000,42868000,101000,17424000,1378746000,24788000,1529689000,205000000,205000000,125993000,39831000,34988000,261848000,158505000,0,None,27118000,4227000,1295621000,0,0,0,0,0,0,None,None,None,None,None,None,None,None,None,None,None,None,None,None,None,10000000,USD,9451000,0,-49383000,16000,-27821000,35407000,64719000,-117000,4047000,-10043000,3933000,None,644000,-390000,0,0,0,-98000,1107000,None,None,None,26.85,24.8
8,2018-06-30,USD,14946000,10160000,4256000,14946000,0,3820000,0,0,4786000,0,8296000,None,4786000,1864000,3689000,None,None,None,0,-1104000,0,966000,1104000,0,3820000,3764000,None,USD,1697471000,19952000,None,4842000,1520241000,177230000,0,11420000,9581000,39258000,54000,17358000,1320187000,34831000,1473102000,214000000,214000000,128391000,39253000,44798000,273281000,157278000,0,None,47085000,4225000,1230930000,0,0,0,0,0,0,None,None,None,None,None,None,None,None,None,None,None,None,None,None,None,10000000,USD,-12249000,0,-40937000,44000,45699000,50468000,4301000,-34000,3820000,13729000,4198000,None,629000,-339000,0,0,0,503000,1682000,None,None,None,27.65,26.85
9,2018-03-31,USD,14305000,9458000,3945000,14305000,0,2402000,0,0,3743000,0,6428000,None,7279000,1597000,3320000,None,None,None,0,1104000,0,1341000,-1104000,0,2402000,2402000,None,USD,1644188000,20141000,None,4707000,1470758000,173430000,0,11941000,9517000,32734000,11981000,17424000,315909000,21102000,1371666000,112000000,112000000,128084000,38091000,30975000,262048000,153289000,0,4707000,211052000,4266000,1226672000,0,0,0,0,0,0,None,None,None,None,None,None,None,None,None,None,None,None,None,None,None,10000000,USD,-17825000,0,-33546000,-219000,19518000,20208000,1495000,441000,2402000,-9319000,4019000,None,598000,-303000,0,0,0,1000000,1089000,None,None,None,25.85,27.65
10,2017-12-31,USD,44792000,42720000,3545000,44792000,-9273000,2284000,0,0,3776000,0,5810000,None,7018000,6262000,7925000,None,None,None,0,849000,0,1492000,-1868000,0,6248000,2284000,None,USD,1622734000,19926000,None,4688000,1450005000,172729000,0,11483000,9515000,31632000,12215000,17086000,300048000,30421000,1385255000,126600000,126600000,130011000,37540000,39446000,245559000,152803000,10802000,4688000,190618000,3837000,1225237000,0,0,0,0,0,0,None,None,None,None,None,None,None,None,None,None,None,None,None,None,None,8000000,USD,30000000,0,-98348000,-14385000,77878000,89864000,-20467000,-639000,2284000,973000,9457000,None,1865000,-722000,32509000,0,0,2589000,2081000,None,None,None,24.1,25.85
11,2017-09-30,USD,0,-19094000,3324000,0,18546000,2131000,0,0,3163000,0,5453000,None,6290000,234000,362000,None,None,None,0,1374000,0,1032000,0,0,5623000,2131000,None,USD,1476423000,13271000,None,4147000,1323547000,152876000,0,12827000,8705000,30713000,12827000,11357000,287464000,0,0,119600000,119600000,112663000,33705000,0,None,139605000,0,4147000,184466000,3830000,1101362000,0,0,0,0,0,0,None,None,None,None,None,None,None,None,None,None,None,None,None,None,None,9000000,USD,25251000,0,-85211000,513000,41562000,96909000,-5641000,214000,2131000,13547000,7362000,None,0,-457000,32509000,0,0,244000,1214000,None,None,None,24.1,24.1
12,2017-06-30,USD,0,6848000,2917000,0,-12364000,1923000,0,0,2800000,0,4354000,None,4983000,-1506000,309000,None,None,None,0,-500000,0,877000,0,0,-5533000,1923000,None,USD,1225526000,3213000,None,3197000,1074730000,150796000,0,12121000,8815000,28735000,12121000,2684000,229585000,0,0,167784000,167784000,112337000,31510000,0,None,147583000,0,3197000,131039000,3830000,894825000,0,0,0,0,0,0,None,None,None,None,None,None,None,None,None,None,None,None,None,None,None,9000000,USD,-9999000,0,-61268000,47000,27178000,61224000,26271000,-534000,1923000,8318000,5557000,None,0,-263000,32509000,0,22000,864000,837000,None,None,None,22.9,24.1
13,2017-03-31,USD,0,0,2583000,0,3091000,1864000,0,0,2711000,0,4214000,None,4805000,726000,2233000,None,None,None,0,145000,0,847000,0,0,1864000,1864000,None,USD,1175835000,3224000,None,3243000,1027499000,148336000,0,868554000,8806000,26603000,18351000,2684000,218808000,0,0,118852000,118852000,-1313000,31434000,0,None,145112000,0,3243000,104233000,4045000,868554000,0,0,0,0,0,0,None,None,None,None,None,None,None,None,None,None,None,None,None,None,None,7000000,USD,-19708000,6272000,-19738000,25000,14095000,7801000,-39233000,-16000,1864000,-2805000,9132000,None,0,-87000,32553000,0,0,330000,346000,None,None,None,21.9,22.9
14,2016-12-31,USD,38128000,26639000,2656000,38128000,6834000,1848000,0,0,2699000,0,4153000,None,4766000,8093000,6173000,None,None,None,0,1890000,0,851000,0,0,11858000,1848000,None,USD,1158960000,3234000,None,3218000,1046203000,112757000,0,11817000,7102000,24156000,11917000,2784000,207350000,29448000,1032294000,73603000,73603000,79428000,31722000,36739000,188704000,109523000,19675000,3218000,87412000,4065000,907787000,0,0,0,0,0,0,None,None,None,None,None,None,None,None,None,None,None,None,None,None,None,7000000,USD,-46995000,0,-151966000,-2959000,-43706000,123144000,170436000,581000,1848000,8482000,37304000,None,1493000,-278000,0,28519000,0,29901000,3964000,None,None,None,18.65,21.9
15,2016-09-30,USD,0,0,2690000,0,-10142000,2037000,0,0,2784000,0,4210000,None,4751000,-3855000,179000,None,None,None,0,-33000,0,747000,0,0,-5983000,2037000,None,USD,1154205000,3244000,None,None,1040629000,113576000,0,907051000,7360000,24618000,17472000,0,195938000,45983000,0,112497000,112497000,153000,31835000,0,None,110332000,0,3081000,92552000,40832000,907051000,0,0,0,0,0,-3526000,None,None,None,None,None,None,None,None,None,None,None,None,None,None,None,7000000,USD,-16931000,-3040000,-120459000,0,-9956000,112593000,169693000,-411000,2037000,9021000,33055000,None,0,-199000,0,23342000,0,332000,3682000,None,None,None,15.35,18.65
16,2016-06-30,USD,0,0,2861000,0,3308000,2005000,0,0,3010000,0,4132000,None,5613000,1169000,230000,None,None,None,0,11000,0,1005000,0,0,2005000,2005000,None,USD,1126930000,3254000,None,None,1014167000,112763000,0,867205000,7360000,22694000,20900000,2684000,202274000,37133000,0,122453000,122453000,187000,30147000,0,None,109509000,0,2840000,97208000,46996000,867205000,0,0,0,0,0,-2249000,None,None,None,None,None,None,None,None,None,None,None,None,None,None,None,7000000,USD,-38358000,4465000,-101478000,0,-11185000,83989000,129837000,-535000,2005000,15810000,33657000,None,0,-128000,0,23342000,0,-501000,1632000,None,None,None,15.38,15.35
17,2016-03-31,USD,0,0,2285000,0,0,1990000,0,0,2996000,0,4109000,None,4901000,0,1831000,None,None,None,0,0,0,1006000,0,0,0,1990000,None,USD,1073529000,3265000,None,None,962042000,111487000,0,None,7358000,20301000,16097000,2685000,178671000,21273000,0,None,None,None,30759000,0,None,None,0,None,107569000,51616000,808698000,0,0,0,0,0,-952000,None,None,None,None,None,None,None,None,None,None,None,None,None,None,None,7000000,USD,None,None,-65044000,0,None,37981000,71317000,None,1990000,None,27421000,None,0,-63000,0,23342000,0,None,489000,None,None,None,14.67,15.38
18,2015-12-31,USD,37937000,27353000,2011000,37937000,0,1454000,0,0,2199000,0,4654000,None,4414000,5727000,5761000,None,None,None,0,1868000,0,745000,0,0,7073000,1454000,None,USD,1031555000,3175000,None,96040000,922205000,109350000,0,13994000,7305000,17987000,14594000,2684000,159412000,8266000,910236000,119137000,119137000,83436000,30630000,105031000,145814000,106175000,14653000,2831000,131106000,81234000,737406000,0,0,0,0,0,-634000,None,None,None,None,None,None,None,None,None,None,None,None,None,None,None,7000000,USD,-48747000,0,-173314000,2857000,28519000,137252000,109391000,-4015000,1454000,1454000,37516000,None,1446000,-221000,0,27255000,0,25322000,4079000,None,None,None,17.6,14.67
19,2015-09-30,USD,0,0,1928000,0,0,1856000,0,0,2706000,0,4378000,None,4979000,0,15000,None,None,None,0,0,0,850000,0,0,0,1856000,None,USD,937747000,3185000,None,None,829619000,108128000,0,None,7305000,16865000,13028000,0,126474000,19653000,0,None,None,None,29916000,0,None,None,0,None,51509000,56831000,730434000,0,0,0,0,0,-630000,None,None,None,None,None,None,None,None,None,None,None,None,None,None,None,7000000,USD,None,None,-108062000,1726000,None,46267000,102395000,None,1856000,None,62159000,None,0,-162000,0,51574000,0,None,2429000,None,None,None,15.49,17.6
