,fiscalDateEnding,reportedCurrency_x,totalRevenue,totalOperatingExpense,costOfRevenue,grossProfit,ebit,netIncome_x,researchAndDevelopment,effectOfAccountingCharges,incomeBeforeTax,minorityInterest,sellingGeneralAdministrative,otherNonOperatingIncome,operatingIncome,otherOperatingExpense,interestExpense,taxProvision,interestIncome,netInterestIncome,extraordinaryItems,nonRecurring,otherItems,incomeTaxExpense,totalOtherIncomeExpense,discontinuedOperations,netIncomeFromContinuingOperations,netIncomeApplicableToCommonShares,preferredStockAndOtherAdjustments,reportedCurrency_y,totalAssets,intangibleAssets,earningAssets,otherCurrentAssets,totalLiabilities,totalShareholderEquity,deferredLongTermLiabilities,otherCurrentLiabilities,commonStock,retainedEarnings,otherLiabilities,goodwill,otherAssets,cash,totalCurrentLiabilities,shortTermDebt,currentLongTermDebt,otherShareholderEquity,propertyPlantEquipment,totalCurrentAssets,longTermInvestments,netTangibleAssets,shortTermInvestments,netReceivables,longTermDebt,inventory,accountsPayable,totalPermanentEquity,additionalPaidInCapital,commonStockTotalEquity,preferredStockTotalEquity,retainedEarningsTotalEquity,treasuryStock,accumulatedAmortization,otherNonCurrrentAssets,deferredLongTermAssetCharges,totalNonCurrentAssets,capitalLeaseObligations,totalLongTermDebt,otherNonCurrentLiabilities,totalNonCurrentLiabilities,negativeGoodwill,warrants,preferredStockRedeemable,capitalSurplus,liabilitiesAndShareholderEquity,cashAndShortTermInvestments,accumulatedDepreciation,commonStockSharesOutstanding,reportedCurrency,investments,changeInLiabilities,cashflowFromInvestment,otherCashflowFromInvestment,netBorrowings,cashflowFromFinancing,otherCashflowFromFinancing,changeInOperatingActivities,netIncome_y,changeInCash,operatingCashflow,otherOperatingCashflow,depreciation,dividendPayout,stockSaleAndPurchase,changeInInventory,changeInAccountReceivables,changeInNetIncome,capitalExpenditures,changeInReceivables,changeInExchangeRate,changeInCashAndCashEquivalents,clossingVal,nextClossingVal
0,2020-06-30,USD,61748000,43826000,None,61748000,17922000,14495000,None,None,17922000,None,14705000,None,17922000,43826000,None,3427000,1105000,None,None,None,None,3427000,2095000,None,14495000,14495000,None,USD,279908000,10023000,None,None,81443000,198465000,6066000,None,None,194235000,6066000,4349000,871000,29709000,38590000,None,None,4230000,10263000,44967000,198553000,188442000,126838000,15258000,None,None,38590000,None,None,None,None,194235000,None,None,16102000,None,234941000,4093000,None,36787000,42853000,None,None,None,None,279908000,29709000,None,1892000,USD,-8075000,6902000,-8828000,50000,None,-832000,None,-976000,14495000,4385000,14045000,1171000,829000,-832000,0,None,-2928000,-6669000,803000,-2683000,None,4385000,121.32,
1,2020-03-31,USD,29901000,38430000,None,29901000,-8529000,-7011000,None,None,-8529000,None,14224000,None,-8529000,38430000,None,-1518000,1177000,None,None,None,None,-1518000,2685000,None,-7011000,-7011000,None,USD,254118000,10149000,None,None,70471000,183647000,3990000,None,None,180535000,3990000,4350000,823000,25324000,30737000,None,None,3112000,9959000,37654000,180517000,173498000,117062000,12330000,None,None,30737000,None,None,None,None,180535000,None,None,15839000,None,216464000,4337000,None,35744000,39734000,None,None,None,None,254118000,25324000,None,1891000,USD,-1163000,41000,-1791000,15000,None,-833000,-1000,-5571000,-7011000,-625000,1999000,-3425000,831000,-832000,-1000,None,193000,11201000,643000,362000,None,-625000,128.0,121.32
2,2019-12-31,USD,52884000,38313000,21441000,52884000,14571000,11380000,None,None,14571000,None,13638000,None,14571000,38313000,None,3191000,1147000,None,None,None,None,3191000,2606000,None,11380000,11380000,None,USD,263893000,10275000,None,1033000,72531000,191362000,7038000,1340000,None,188262000,32324000,4349000,797000,25949000,29658000,None,None,3100000,9776000,38472000,193895000,181087000,117772000,12523000,None,None,29658000,None,None,None,None,188262000,None,None,11475000,None,225421000,4502000,None,35835000,42873000,None,None,None,None,263893000,25949000,None,1889000,USD,-12829000,1472000,-13133000,162000,None,-15873000,-1000,930000,11380000,-18043000,10963000,-2316000,807000,-15865000,-8000,None,42000,-637000,466000,257000,None,-18043000,159.2,128.0
3,2019-09-30,USD,47939000,37920000,20915000,47939000,10019000,7952000,None,None,10019000,None,13926000,None,10019000,37920000,None,2067000,1156000,None,None,None,None,2067000,2684000,None,7952000,7952000,None,USD,266114000,10401000,None,1161000,70224000,195890000,6125000,142000,None,192695000,6125000,4349000,806000,43992000,27672000,None,None,3195000,9914000,56622000,176386000,185489000,106751000,12630000,None,None,27672000,None,None,None,None,192695000,None,None,12791000,None,209492000,4622000,None,36427000,42552000,None,None,None,None,266114000,43992000,None,1889000,USD,-791000,332000,-1122000,47000,None,-755000,-1000,-2134000,7952000,7315000,9192000,1686000,755000,-755000,0,None,-799000,-775000,378000,-758000,None,7315000,160.1,159.2
4,2019-06-30,USD,42733000,35813000,18672000,42733000,6920000,5500000,None,None,6920000,None,13913000,None,6920000,35813000,None,1420000,1193000,None,None,None,None,1420000,2607000,None,5500000,5500000,None,USD,256494000,10528000,None,922000,68199000,188295000,5419000,None,None,185441000,5419000,4350000,805000,36677000,25079000,None,None,2854000,9997000,49121000,173691000,177767000,105285000,12444000,None,None,25079000,None,None,None,None,185441000,None,None,13157000,None,207373000,4663000,None,37701000,43120000,None,None,None,None,256494000,36677000,None,1889000,USD,14101000,-4559000,13772000,88000,None,-755000,1000,-102000,5500000,14625000,1608000,2424000,722000,-756000,1000,None,-1087000,-1657000,417000,-822000,None,14625000,167.0,160.1
5,2019-03-31,USD,39946000,31633000,15284000,39946000,8313000,6626000,None,None,8313000,None,13835000,None,8313000,31633000,None,1687000,4670000,None,None,None,None,1687000,2703000,None,6626000,6626000,None,USD,252990000,10654000,None,1368000,70261000,182729000,5319000,5840000,None,180637000,5319000,4400000,785000,22052000,28631000,1056000,1056000,2092000,10092000,32796000,185832000,172075000,29696000,10744000,3871000,None,28631000,None,None,None,None,180637000,None,None,13616000,None,220194000,4927000,None,36311000,41630000,None,None,None,None,252990000,22052000,None,1889000,USD,5190000,271000,4972000,7000,None,-767000,-1000,-935000,6626000,3358000,-847000,-140000,692000,-755000,-12000,None,1384000,-4755000,225000,-3541000,None,3358000,157.9,167.0
6,2018-12-31,USD,32286000,31816000,16346000,32286000,470000,135000,0,0,470000,-2000,12528000,None,470000,31816000,0,None,None,None,0,0,0,337000,-12000,0,133000,135000,None,USD,244268000,10780000,None,946000,68629000,175639000,4184000,4981000,None,174690000,30487000,4350000,769000,18694000,32716000,None,None,949000,10304000,30822000,183615000,164169000,32787000,12128000,None,None,32716000,None,None,None,None,174690000,None,None,8747000,None,213446000,None,None,31729000,35913000,None,None,None,None,244268000,18694000,None,2000000,USD,-6215000,5166000,-6484000,10000,None,-20752999,-1000,450000,135000,-18168000,9069000,3029000,680000,-20753000,-52000,None,460000,-425000,279000,460000,None,-18168000,176.68,157.9
7,2018-09-30,USD,48261000,35701000,19487000,48261000,12560000,10634000,0,0,12560000,-1000,13304000,None,12560000,35701000,0,None,None,None,0,0,0,1927000,0,0,10633000,10634000,None,USD,266576000,10906000,None,1242000,71035000,195539000,11223000,None,0,195220000,11223000,4350000,769000,36862000,27437000,None,None,319000,10454000,52025000,184131000,184633000,27693000,15163000,0,0,27437000,195541000,0,0,0,195220000,0,None,9060000,None,214551000,None,None,32375000,43598000,None,None,None,None,266576000,36862000,None,1887000,USD,-808000,1191000,-847000,3000,None,-807000,-52000,-962000,10633000,7573000,9227000,-7000,701000,-755000,0,0,-1580000,-1711000,42000,-1580000,None,7573000,167.9,176.68
8,2018-06-30,USD,41936000,33122000,16991000,41936000,8814000,6947000,0,0,8814000,-27000,13124000,None,8814000,33122000,0,None,None,None,0,0,0,1894000,-9000,0,6920000,6947000,None,USD,253198000,11032000,None,1015000,67085000,186058000,9461000,None,0,185252000,9461000,4350000,767000,29289000,25140000,None,None,806000,10820000,41724000,180191000,175026000,24950000,12435000,0,0,25140000,186113000,0,0,0,185252000,0,None,9431000,None,211474000,None,None,32484000,41945000,None,None,None,None,253198000,29289000,None,1887000,USD,2151000,1199000,1260000,38000,None,-754000,-52000,-616000,6920000,7115000,6609000,-629000,785000,-754000,0,0,-1119000,-547000,929000,-1119000,None,7115000,184.66,167.9
9,2018-03-31,USD,33776000,28551000,12619000,33776000,5225000,4176000,0,0,5225000,-3000,13409000,None,5225000,28551000,0,None,None,None,0,0,0,1052000,9000,0,4173000,4176000,None,USD,244681000,11176000,None,1359000,64619000,179980000,8758000,215000,0,178971000,8758000,4350000,727000,22174000,23091000,None,None,1009000,10376000,32063000,181745000,168804000,21144000,9889000,0,0,23091000,180062000,0,0,0,178971000,0,None,9321000,None,212618000,None,None,32770000,41528000,None,None,None,None,244681000,22174000,None,1887000,USD,3858000,-5099000,3264000,15000,None,-785000,-1000,-1072000,4173000,1960000,-519000,-1468000,816000,-755000,-30000,0,142000,917000,609000,142000,None,1960000,199.9,184.66
10,2017-12-31,USD,40578920,34022168,33433000,40578920,6556752,9628798,0,0,6556752,4954,48109000,None,6556752,34022168,0,None,None,None,0,0,0,-3077000,23000,0,9633752,9628798,None,USD,248912859,11357290,None,1100000,70992419,177835487,8625759,None,1,161890660,34801000,4350000,172184000,20214468,27565660,None,None,15944826,10172904,30759096,187619886,166478197,35417000,10544628,0,0,27565660,177920440,0,1,0,161890660,0,None,9003683,None,218153763,None,None,34801000,43426759,None,None,None,None,248912859,20214468,None,1885993,USD,-5722357,-4650094,-6230200,32306,None,-5476007,-53000,-3427000,9633752,-10676317,1029890,1687855,806691,-5280780,-195227,0,-1505000,-6548962,540149,100648,None,-10676317,198.35,199.9
11,2017-09-30,USD,43137465,34220850,33612000,43137465,8916615,5926457,0,0,8916615,158,0,None,8916615,34220850,0,None,None,None,0,0,0,2990000,0,0,5926615,5926457,None,USD,253197720,11785945,None,1323598,81066485,172051236,14397180,None,1,157675541,35208000,4379000,160489000,30890785,31462305,None,None,14375694,10029847,42792096,179378048,160265291,38563000,11901311,0,0,31462305,172131235,0,1,0,157675541,0,None,9211784,None,210405624,None,None,35207000,49604180,None,None,None,None,253197720,30890785,None,1887026,USD,-10007800,6288826,-10555602,-169500,None,-795429,-1000,-922105,5926615,1822679,13173710,-685969,792666,-754811,-40618,0,0,1410233,378302,-558661,None,1822679,179.07,198.35
12,2017-06-30,USD,40131722,31785699,31190000,40131722,8346023,5675192,0,0,8346023,-1169,0,None,8346023,31785699,0,None,None,None,0,0,0,2672000,0,0,5674023,5675192,None,USD,237954171,11789465,None,912316,71723861,166150469,13259875,None,1,152482193,34141000,4349000,157093000,29068106,24322986,None,None,13668275,10018368,39858399,166798485,154361004,30072000,10790293,0,0,24322986,166230310,0,1,0,152482193,0,None,9489454,None,198095772,None,None,34141000,47400875,None,None,None,None,237954171,29068106,None,1887256,USD,1628470,-3246876,728479,396,None,-660758,-357,-186400,5674023,3350056,3282335,169640,784092,-660401,-357,0,0,939467,900387,-1038011,None,3350056,193.44,179.07
13,2017-03-31,USD,37801189,31350009,30774000,37801189,6451180,4476055,0,0,6451180,-9875,0,None,6451180,31350009,0,None,None,None,0,0,0,1985000,0,0,4466180,4476055,None,USD,233211731,12023053,None,1336998,72924161,160206560,11421379,3479935,1,147405440,35445000,4349851,158762000,25718050,26057782,None,None,12801119,9477362,34381545,167006572,148183507,29255000,8663495,0,0,26057782,160287570,0,1,0,147405440,0,None,10323199,None,198830186,None,None,35445000,46866379,None,None,None,None,233211731,25718050,None,1886088,USD,-3201723,-1975554,-4231083,34534,None,-386584,-380,-1168522,4466180,-2210422,2407245,-1168522,765008,-377218,-9366,0,0,329467,1063894,-9334,None,-2210422,158.15,193.44
14,2016-12-31,USD,38800976,31173199,30862000,38800976,7627777,5052759,0,0,7627777,-982,37925000,None,7627777,31173199,0,None,None,None,0,0,0,2576000,12000,0,5051777,5052759,None,USD,228938122,12256641,None,1035152,73802168,155045069,11118256,1232432,1,143283621,35305000,4350000,158503000,27928472,27378912,None,None,11761447,8753466,36582633,161888859,142788428,24121000,8654161,0,0,27378912,155135954,0,1,0,143283621,0,None,9456523,None,192355489,None,None,35305000,46423256,None,None,None,None,228938122,27928472,None,1884283,USD,2629503,110914,-6366922,-8281699,6000000,-376855,1,-95000,5051777,1029481,7773258,2627322,675273,-376856,0,0,-261000,-1396437,714726,704409,None,1029481,158.18,158.15
15,2016-09-30,USD,41001705,29623538,29331000,41001705,11378167,8126939,0,0,11378167,2228,0,None,11378167,29623538,0,None,None,None,0,0,0,3249000,0,0,8129167,8126939,None,USD,223108329,0,None,None,70991530,152024931,10749877,None,1,138575372,35536000,0,152049000,26898991,24705653,None,None,13449558,7843079,37518850,166815130,152024931,24308000,10619859,0,0,24705653,152116799,0,1,0,138575372,0,None,10931270,None,185589479,None,None,35536000,46285877,None,None,None,None,223108329,26898991,None,1884283,USD,-1185501,5710509,-1474835,33499,None,-3462401,32292,-3055359,8127000,4279348,9216584,-3055359,512511,-376857,-3085544,0,0,-781919,322833,-1330617,None,4279348,99.5,158.18
16,2016-06-30,USD,33827711,27285664,26926000,33827711,6542047,4529380,0,0,6542047,667,0,None,6542047,27285664,0,None,None,None,0,0,0,2012000,0,0,4530047,4529380,None,USD,213558867,1186000,None,None,65371203,148098025,9772206,None,1,133878480,37205000,0,147199000,22619643,18393997,None,None,14219544,7827159,32415002,165607511,148098025,25050000,9795359,0,0,18393997,148187664,0,1,0,133878480,0,None,7709195,None,181143865,None,None,37205000,46977206,None,None,None,None,213558867,22619643,None,1916216,USD,-770434,-1214110,-1471527,17115,None,-1815031,32292,63353,4529000,745912,4032470,63353,571995,-307573,-1507458,0,365000,1136719,718208,-1087826,None,745912,95.25,99.5
17,2016-03-31,USD,24862000,22278561,21936000,24862022,2583461,1814000,0,0,2583000,-9579,0,None,2583000,22278561,0,None,None,None,0,0,0,779000,0,0,1804461,1814000,None,USD,207342000,1203000,None,None,63928000,143317000,7762160,None,1,143317000,37398000,0,149540000,21874000,18768195,None,None,12184336,7503000,29850167,161721008,143316616,19128000,7976436,0,0,18768000,0,0,1,0,131132279,0,None,8267670,None,177491423,None,None,37397000,45159160,None,None,None,None,207341590,21873731,None,2000000,USD,1160824,-6892707,475000,15046,None,-1903680,32292,2995889,1814000,83663,1513000,2995889,541700,-309000,-1626868,0,1453000,1610744,701184,1452570,None,83663,91.07,95.25
18,2015-12-31,USD,28875198,25690264,25222000,28875198,3184934,2196322,0,0,3184934,10612,38991230,None,3184934,25690264,0,None,None,None,0,0,0,978000,0,0,2206934,2196322,None,USD,211522029,1221000,None,1004126,68744949,142669882,5703006,210355,1,131186866,37788000,0,152163000,21790068,25253943,None,None,11483015,7148951,30182765,161556208,142669882,21742000,8392697,0,0,25253943,0,0,1,0,131186866,0,None,12634105,None,181339264,None,None,37788000,43491006,None,None,None,None,211522029,21790068,None,1949797,USD,-1222631,4534153,-1615643,36555,None,-664622,-35000,-8246912,2206934,2499255,4779520,-3769096,638646,-312515,-317107,0,218000,493805,429567,675078,None,2499255,100.0,91.07
19,2015-09-30,USD,34540000,28104760,27881000,34541258,6436498,4491000,0,0,6436000,4536,0,None,6436000,28104760,0,None,None,None,0,0,0,1941000,0,0,4495498,4491000,None,USD,202546000,1238000,None,None,63223000,139192000,5635321,None,1,139192000,37898000,0,143098000,19291000,19690132,None,None,9606451,7177000,28358588,158410611,139191563,22625000,9067775,0,0,19441000,0,0,1,0,129585111,0,None,8599846,None,174187014,None,None,37897000,43532321,None,None,None,None,202545602,19290813,None,2000000,USD,-2402348,1434088,-3527551,43516,None,-3575799,None,None,4491000,467556,7570906,-907681,386003,-156275,-3419524,0,0,1784061,1168719,378937,None,467556,71.8,100.0
