,fiscalDateEnding,reportedCurrency_x,totalRevenue,totalOperatingExpense,costOfRevenue,grossProfit,ebit,netIncome_x,researchAndDevelopment,effectOfAccountingCharges,incomeBeforeTax,minorityInterest,sellingGeneralAdministrative,otherNonOperatingIncome,operatingIncome,otherOperatingExpense,interestExpense,taxProvision,interestIncome,netInterestIncome,extraordinaryItems,nonRecurring,otherItems,incomeTaxExpense,totalOtherIncomeExpense,discontinuedOperations,netIncomeFromContinuingOperations,netIncomeApplicableToCommonShares,preferredStockAndOtherAdjustments,reportedCurrency_y,totalAssets,intangibleAssets,earningAssets,otherCurrentAssets,totalLiabilities,totalShareholderEquity,deferredLongTermLiabilities,otherCurrentLiabilities,commonStock,retainedEarnings,otherLiabilities,goodwill,otherAssets,cash,totalCurrentLiabilities,shortTermDebt,currentLongTermDebt,otherShareholderEquity,propertyPlantEquipment,totalCurrentAssets,longTermInvestments,netTangibleAssets,shortTermInvestments,netReceivables,longTermDebt,inventory,accountsPayable,totalPermanentEquity,additionalPaidInCapital,commonStockTotalEquity,preferredStockTotalEquity,retainedEarningsTotalEquity,treasuryStock,accumulatedAmortization,otherNonCurrrentAssets,deferredLongTermAssetCharges,totalNonCurrentAssets,capitalLeaseObligations,totalLongTermDebt,otherNonCurrentLiabilities,totalNonCurrentLiabilities,negativeGoodwill,warrants,preferredStockRedeemable,capitalSurplus,liabilitiesAndShareholderEquity,cashAndShortTermInvestments,accumulatedDepreciation,commonStockSharesOutstanding,reportedCurrency,investments,changeInLiabilities,cashflowFromInvestment,otherCashflowFromInvestment,netBorrowings,cashflowFromFinancing,otherCashflowFromFinancing,changeInOperatingActivities,netIncome_y,changeInCash,operatingCashflow,otherOperatingCashflow,depreciation,dividendPayout,stockSaleAndPurchase,changeInInventory,changeInAccountReceivables,changeInNetIncome,capitalExpenditures,changeInReceivables,changeInExchangeRate,changeInCashAndCashEquivalents,clossingVal,nextClossingVal
0,2020-06-30,USD,53311000,43989000,25654000,27657000,13925000,-6333000,3419000,None,-3329000,6446000,14916000,None,9322000,3673000,None,2891000,None,1517000,None,None,None,2891000,-14168000,None,-6204000,-6333000,None,USD,296695000,20225000,None,36863000,182222000,108027000,None,31044000,108027000,None,41426000,39568000,24578000,56782000,92234000,None,20176000,None,49785000,156960000,5579000,48234000,374000,37766000,40630000,25175000,16991000,None,None,None,None,None,None,None,2840000,None,139735000,7932000,None,11116000,89988000,None,None,None,None,None,None,None,None,USD,-2362000,-4742000,-2362000,-255000,-4517000,-10184000,-750000,5587000,-6333000,6924000,19268000,None,4603000,-4917000,None,607000,7978000,11439000,2128000,None,None,None,16.02,
1,2020-03-31,USD,68374000,58273000,37405000,30969000,15324000,6367000,3886000,None,9410000,6172000,16982000,None,10101000,27000,None,1926000,-654000,-654000,None,None,None,1926000,-37000,None,6581000,6367000,None,USD,317622000,21650000,None,41020000,195441000,116009000,None,34569000,116009000,None,41082000,49970000,23036000,49858000,101744000,None,19618000,116009000,55520000,162999000,4447000,44389000,268000,46327000,43891000,25526000,20069000,None,None,None,None,None,None,None,3203000,None,154623000,8724000,43891000,11987000,93697000,None,None,None,None,None,50126000,None,21000000,USD,-3911000,-1213000,-3911000,-130000,-1625000,-6675000,-750000,3737000,6367000,-4106000,10712000,None,5223000,-5050000,None,-378000,-4491000,1467000,3451000,None,None,None,14.21,16.02
2,2019-12-31,USD,65491000,55642000,34999000,30492000,-8512000,-15261000,3578000,None,-13073000,6584000,17196000,None,9849000,-75000,None,1365000,3277000,591000,None,None,None,1365000,-23513000,None,-14860000,-15261000,None,USD,339235000,23355000,None,7150000,203321000,129330000,3049000,7565000,1983000,116479000,41614000,50086000,25226000,53964000,101065000,18110000,18110000,-25865000,61492000,174150000,4926000,55889000,358000,45090000,49803000,25537000,22656000,None,None,None,None,None,None,None,3365000,None,165085000,12626000,49803000,11984000,102256000,None,None,None,None,None,54322000,None,21000000,USD,-4902000,2132000,-4902000,-7000,-7056000,-15022000,-416000,-4458000,-15261000,-2290000,16999000,None,5633000,-5050000,-6001000,197000,4178000,24578000,4652000,None,None,None,25.13,14.21
3,2019-09-30,USD,68995000,57095000,37117000,31878000,17531000,6399000,3207000,None,11064000,6530000,16848000,None,11900000,-77000,-847000,3680000,-847000,-847000,None,None,None,3680000,11000,None,6574000,6399000,None,USD,364193000,37822000,None,48200000,207631000,150032000,None,29883000,150032000,None,46978000,62343000,25051000,56254000,102711000,20599000,20599000,150032000,54769000,178996000,5212000,49867000,233000,48667000,53924000,25642000,19733000,None,None,None,None,None,None,None,3325000,None,185197000,6331000,53924000,16045000,104920000,None,None,None,None,None,56487000,None,21000000,USD,-3207000,-4159000,-3207000,-92000,-3438000,-12737000,-748000,-1482000,6399000,-6137000,11457000,None,5631000,-5050000,-3501000,1613000,1968000,1487000,3283000,None,None,None,24.79,25.13
4,2019-06-30,USD,71242000,57632000,37731000,33511000,19074000,7694000,3377000,None,12795000,6290000,16524000,None,13610000,1000,-839000,3692000,-839000,-839000,None,None,None,3692000,24000,None,8000000,7694000,None,USD,381670000,38582000,None,49150000,217408000,157972000,None,30926000,1983000,135442000,48404000,63074000,26069000,62391000,107724000,19200000,19200000,-22187000,57766000,190167000,6012000,56316000,441000,51205000,57042000,26980000,23879000,None,None,None,None,None,None,None,3858000,None,191503000,6962000,57042000,17001000,109684000,None,None,None,None,None,62832000,None,21000000,USD,-3493000,-2346000,-3493000,-955000,1207000,-3903000,-271000,3828000,7694000,9342000,16316000,None,5464000,-4839000,None,713000,-371000,1334000,3445000,None,None,None,30.09,24.79
5,2019-03-31,USD,73604000,60094000,38967000,34637000,19625000,8057000,3751000,None,12418000,6140000,17376000,None,13506000,4000,-1015000,3497000,-1015000,-1015000,None,None,None,3497000,-77000,None,8053000,8057000,None,USD,378835000,39108000,None,52036000,222820000,156015000,None,30209000,156015000,None,50777000,63007000,25994000,53049000,100828000,13319000,13319000,156015000,59432000,184252000,7042000,53900000,1486000,50192000,60314000,27489000,22535000,None,None,None,None,None,None,None,4004000,None,194583000,7736000,60314000,16865000,115852000,None,None,None,None,None,54535000,None,21000000,USD,-6685000,-4144000,-6685000,245000,-1818000,-7265000,-538000,-2311000,8053000,1651000,14907000,None,6115000,-4909000,None,1292000,4929000,969000,6930000,None,None,None,34.15,30.09
6,2018-12-31,USD,79165000,60837000,41114000,38051000,18328000,11330000,2496000,0,16567000,6507000,17225000,None,18328000,2000,-1958000,4857000,None,None,0,0,0,4857000,-1761000,0,11710000,11330000,None,USD,373792000,39040000,None,20085000,213592000,153693000,2904000,46005000,1983000,129580000,46278000,62896000,24846000,51398000,104692000,8350000,8350000,-31404000,50460000,188906000,7644000,51757000,1897000,54261000,62622000,28367000,23987000,None,None,None,None,None,None,None,None,None,None,None,62622000,None,None,None,None,None,None,None,53295000,None,21000000,USD,-354000,-5442000,-6766000,-19000,-8964000,-15278000,-1192000,-7916000,11330000,-4345000,18544000,None,4642000,-5122000,None,6432000,8313000,1185000,6433000,None,None,None,32.06,34.15
7,2018-09-30,USD,53376000,39657000,24483000,28893000,13719000,26051000,1628000,0,30762000,13098000,13736000,None,13719000,-190000,-1958000,None,None,None,0,0,0,3906000,17043000,0,26856000,26051000,None,USD,387351000,29389000,None,45591000,219123000,155130000,None,80371000,155130000,None,25845000,70875000,27136000,55743000,116383000,None,None,None,52607000,200856000,6488000,54866000,1674000,62782000,76895000,35066000,27990000,None,None,None,None,None,None,None,None,None,None,None,None,None,None,None,None,None,None,None,None,None,21000000,USD,-443000,1916000,-71056000,3560000,81694000,76119000,-545000,-1312000,26051000,19637000,14822000,None,3277000,-5030000,None,-2867000,3623000,-15866000,5329000,None,None,None,34.4,32.06
8,2018-06-30,USD,57716000,42926000,28789000,28927000,14790000,12013000,939000,0,16619000,7238000,13342000,None,14790000,-144000,-1958000,None,None,None,0,0,0,3853000,1829000,0,12766000,12013000,None,USD,207168000,77000,None,39746000,75404000,124526000,None,41570000,1983000,102320000,14772000,3587000,16518000,36106000,60632000,3000,3000,-21273000,37232000,133794000,15960000,120862000,1319000,43097000,None,13526000,19059000,None,None,None,None,None,None,None,None,None,None,None,None,None,None,None,None,None,None,None,None,None,21000000,USD,-526000,-3836000,-3079000,798000,8000,-5574000,-547000,2849000,12013000,1372000,12362000,None,3066000,-5035000,None,585000,-1637000,-678000,3364000,None,None,None,30.35,34.4
9,2018-03-31,USD,63078000,47537000,31621000,31457000,15541000,11281000,1160000,0,16504000,7454000,14730000,None,15541000,26000,-1958000,None,None,None,0,0,0,4657000,963000,0,11847000,11281000,None,USD,218873000,50000,None,45109000,84443000,126976000,None,44055000,126976000,None,17625000,3726000,17804000,34734000,66818000,3000,3000,None,40421000,142547000,14325000,123200000,3460000,44621000,None,14623000,22760000,None,None,None,None,None,None,None,None,None,None,None,None,None,None,None,None,None,None,None,None,None,21000000,USD,2195000,46000,-3953000,267000,-41000,-5498000,-425000,-3974000,11281000,-2172000,7536000,None,3623000,-5032000,None,-570000,-4117000,1247000,6618000,None,None,None,31.1,30.35
10,2017-12-31,USD,57401000,44824000,23287000,34779000,15423000,9824000,716000,0,15626000,485000,15905000,None,14672000,65000,5251000,None,None,None,0,0,0,5317000,-6343000,0,5179000,9824000,None,USD,215159000,3815000,None,41394000,81930000,125790000,552000,42440000,1983000,82311000,16178000,3777000,39000000,36906000,65752000,48000,48000,-9754000,39047000,137112000,16221000,121975000,3559000,41009000,None,14244000,23264000,None,None,None,None,None,-30054000,None,None,None,None,None,None,None,None,None,None,None,None,None,None,None,21000000,USD,-5429000,3751000,-14685000,6588000,23000,-24266000,-1644000,-9391000,9824000,5819000,43907000,None,13519000,-22645000,None,1632000,-4769000,-6867000,16159000,None,None,None,34.2,31.1
11,2017-09-30,USD,60611000,262171000,26552000,166747000,82128000,10530000,676000,0,15141000,667000,16654000,None,13890000,-509000,-12480000,None,None,None,0,0,0,3944000,30989000,0,84877000,10530000,None,USD,211899000,3740000,None,45554000,81670000,122907000,None,42993000,122907000,None,16122000,3717000,31892000,31821000,65548000,145000,145000,None,38722000,141285000,14873000,119167000,3540000,45283000,None,15087000,22410000,None,None,None,None,None,None,None,None,None,None,None,None,None,None,None,None,None,None,None,None,None,21000000,USD,-2113000,1667000,-2455000,3581000,132000,-5320000,-420000,-441000,10530000,4705000,29179000,None,3515000,-17613000,None,545000,-3391000,-949000,10796000,None,None,None,36.05,34.2
12,2017-06-30,USD,57393000,-172208000,23972000,-110223000,-54813000,10453000,986000,0,15013000,692000,16065000,None,14117000,385000,8320000,None,None,None,0,0,0,3868000,-21604000,0,-57405000,10453000,None,USD,199934000,3769000,None,41100000,76616000,116266000,None,40207000,116266000,None,15877000,3746000,34677000,27116000,60739000,3000,3000,None,36682000,128575000,17748000,112497000,1456000,41636000,None,17267000,20529000,None,None,None,None,None,None,None,None,None,None,None,None,None,None,None,None,None,None,None,None,None,21000000,USD,-821000,1487000,-4345000,354000,-406000,-8833000,-39000,-679000,10453000,506000,17276000,None,3239000,-12581000,None,-599000,-2302000,244000,6749000,None,None,None,31.3,36.05
13,2017-03-31,USD,56054000,43314000,24745000,28081000,13797000,12987000,782000,0,18286000,723000,14372000,None,13709000,-88000,-2080000,None,None,None,0,0,0,4576000,4489000,0,13710000,12987000,None,USD,193076000,3629000,None,40966000,75850000,110974000,None,42403000,110974000,None,15016000,3606000,33597000,26610000,60834000,413000,413000,None,36365000,123114000,17657000,107345000,695000,38786000,None,16057000,18018000,None,None,None,None,None,None,None,None,None,None,None,None,None,None,None,None,None,None,None,None,None,21000000,USD,-1407000,-58000,-4214000,-117000,399000,-4507000,-713000,-5712000,12987000,-4477000,3139000,None,3228000,-4193000,None,-865000,-3215000,-3226000,2756000,None,None,None,30.85,31.3
14,2016-12-31,USD,50361000,111575000,20924000,75627000,35239000,9257000,813000,0,13893000,704000,13531000,None,12841000,836000,-989000,None,None,None,0,0,0,3932000,1607000,0,34728000,9257000,None,USD,178019000,3429000,None,35522000,69848000,102229000,682000,37500000,1983000,58750000,13721000,3406000,27152000,31087000,56127000,3000,3000,-12967000,35644000,111189000,12060000,98800000,398000,33865000,None,14351000,18624000,None,None,None,None,None,-30054000,None,None,None,None,None,None,None,None,None,None,None,None,None,None,None,21000000,USD,-7441000,5884000,-19860000,884000,-152000,-18234000,-994000,-2845000,9257000,4071000,41472000,None,11635000,-17088000,None,-1424000,-4552000,1757000,13645000,None,None,None,26.5,30.85
15,2016-09-30,USD,52760000,3001000,23293000,1404000,759000,8150000,681000,0,12720000,677000,13806000,None,12598000,0,0,None,None,None,0,0,0,3893000,0,0,0,8150000,None,USD,171654000,3509000,None,34367000,68000000,98305000,1000000,38465000,98305000,72000000,13943000,3484000,26945000,25632000,54057000,3000,3000,None,34505000,110204000,11748000,None,390000,35862000,None,13953000,15589000,None,None,None,None,None,None,None,None,None,None,None,None,None,None,None,None,None,None,None,None,None,21000000,USD,None,4836000,-7718000,None,None,-3894000,-3603000,-211000,8150000,184000,27107000,None,3063000,-13314000,None,-578000,-392000,None,9049000,None,None,None,26.46,26.5
16,2016-06-30,USD,49254000,37000000,20893000,25000000,12000000,7633000,726000,0,12107000,637000,13536000,None,11929000,0,0,None,None,None,0,0,0,3837000,0,0,0,7633000,None,USD,161201000,3430000,None,31573000,61888000,94420000,1000000,34941000,94000000,72000000,13383000,3405000,22405000,25448000,48505000,None,None,None,33511000,105000000,8000000,None,371000,35000000,None,13072000,13555000,None,None,None,None,None,None,None,None,None,None,None,None,None,None,None,None,None,None,None,None,None,21000000,USD,None,2906000,-5000000,None,None,-7000000,-2000000,-2000000,7633000,-1000000,15066000,None,3000000,-9749000,None,-1000000,-1000000,None,4900000,None,None,None,22.69,26.46
17,2016-03-31,USD,47199000,0,20798000,0,0,7099000,675000,0,10885000,571000,12324000,None,11466000,0,0,None,None,None,0,0,0,3215000,0,0,0,7099000,None,USD,155903000,3503000,None,28047000,64205000,87389000,None,37659000,None,None,13325000,3477000,20338000,26812000,50880000,None,None,None,32291000,None,None,None,348000,None,None,13166000,13218000,None,None,None,None,None,None,None,None,None,None,None,None,None,None,None,None,None,None,None,None,None,21000000,USD,None,2480000,None,None,None,None,None,None,7099000,None,5424000,None,None,-3120000,None,32000,None,None,2211000,None,None,None,19.65,22.69
18,2015-12-31,USD,43791000,135107000,17673000,89881000,40521000,6182000,702000,0,9768000,421000,12219000,None,10059000,-145000,-989000,None,None,None,0,0,0,3165000,-1127000,0,26572000,6182000,None,USD,142003000,3382000,None,22437000,54182000,83698000,488000,30960000,1983000,40219000,12601000,3356000,18784000,27016000,41581000,155000,155000,-17520000,31514000,91705000,4783000,80316000,2035000,27436000,None,12781000,10466000,None,None,None,None,None,-30054000,None,None,None,None,None,None,None,None,None,None,None,None,None,None,None,21000000,USD,-5977000,-1422000,-25706000,-1145000,160000,-18659000,-1229000,-1363000,6182000,-11402000,35914000,None,11033000,-17590000,None,-658000,117000,3236000,18724000,None,None,None,18.93,19.65
19,2015-09-30,USD,43823000,0,19080000,0,0,6160000,614000,0,9724000,346000,12211000,None,9793000,0,0,None,None,None,0,0,0,3218000,0,0,0,6160000,None,USD,143875000,4328000,None,20240000,54531000,85662000,None,30863000,None,None,12625000,4006000,20426000,29434000,41790000,None,None,None,31612000,None,None,None,2553000,None,None,11808000,10480000,None,None,None,None,None,None,None,None,None,None,None,None,None,None,None,None,None,None,None,None,None,21000000,USD,None,None,None,None,None,None,None,None,6160000,None,28241000,None,None,-14729000,None,251000,None,None,15132000,None,None,None,20.54,18.93
