,fiscalDateEnding,reportedCurrency_x,totalRevenue,totalOperatingExpense,costOfRevenue,grossProfit,ebit,netIncome_x,researchAndDevelopment,effectOfAccountingCharges,incomeBeforeTax,minorityInterest,sellingGeneralAdministrative,otherNonOperatingIncome,operatingIncome,otherOperatingExpense,interestExpense,taxProvision,interestIncome,netInterestIncome,extraordinaryItems,nonRecurring,otherItems,incomeTaxExpense,totalOtherIncomeExpense,discontinuedOperations,netIncomeFromContinuingOperations,netIncomeApplicableToCommonShares,preferredStockAndOtherAdjustments,reportedCurrency_y,totalAssets,intangibleAssets,earningAssets,otherCurrentAssets,totalLiabilities,totalShareholderEquity,deferredLongTermLiabilities,otherCurrentLiabilities,commonStock,retainedEarnings,otherLiabilities,goodwill,otherAssets,cash,totalCurrentLiabilities,shortTermDebt,currentLongTermDebt,otherShareholderEquity,propertyPlantEquipment,totalCurrentAssets,longTermInvestments,netTangibleAssets,shortTermInvestments,netReceivables,longTermDebt,inventory,accountsPayable,totalPermanentEquity,additionalPaidInCapital,commonStockTotalEquity,preferredStockTotalEquity,retainedEarningsTotalEquity,treasuryStock,accumulatedAmortization,otherNonCurrrentAssets,deferredLongTermAssetCharges,totalNonCurrentAssets,capitalLeaseObligations,totalLongTermDebt,otherNonCurrentLiabilities,totalNonCurrentLiabilities,negativeGoodwill,warrants,preferredStockRedeemable,capitalSurplus,liabilitiesAndShareholderEquity,cashAndShortTermInvestments,accumulatedDepreciation,commonStockSharesOutstanding,reportedCurrency,investments,changeInLiabilities,cashflowFromInvestment,otherCashflowFromInvestment,netBorrowings,cashflowFromFinancing,otherCashflowFromFinancing,changeInOperatingActivities,netIncome_y,changeInCash,operatingCashflow,otherOperatingCashflow,depreciation,dividendPayout,stockSaleAndPurchase,changeInInventory,changeInAccountReceivables,changeInNetIncome,capitalExpenditures,changeInReceivables,changeInExchangeRate,changeInCashAndCashEquivalents,clossingVal,nextClossingVal
0,2020-06-30,USD,3135039,4940539,1414249,1720790,-1394559,-1791142,None,None,-1791142,None,3149183,None,-1805500,None,19476,None,None,-19476,None,None,None,None,33834,None,-1791142,-1791142,None,USD,31132403,2420456,None,130656,10152072,20980331,None,None,4178,-68339372,None,4016722,40382,20820273,8989741,None,837865,None,282082,24372761,None,14543153,None,3053135,1096722,None,1022960,None,None,None,None,None,None,None,None,None,6759642,94212,None,None,1162331,None,None,None,None,None,None,None,None,USD,88877,135954,88877,110802,771663,15680123,-455706,-355773,-1791142,15185832,-583168,None,377107,None,None,None,850426,200260,46125,None,None,None,1.14,
1,2020-03-31,USD,4763668,6582767,2140517,2623151,-5655574,-6163461,None,None,-6163461,None,3940981,None,-1819099,None,6618,None,-6620,-6618,None,None,None,None,-4337744,None,-6163461,-6163461,None,USD,17274448,2716860,None,37097,9561391,7713057,None,None,3477,-66548230,None,4016722,151184,5634441,9495782,1162920,1162924,None,317154,10072528,None,979475,None,3977571,None,None,1130791,None,None,None,None,None,None,None,7201920,None,7201920,94212,65610,None,65609,None,None,None,74257810,None,5634440,None,35000000,USD,-50385,-1991032,-50385,619,1151514,1149188,-2326,224264,-6163461,-250188,-1348991,None,501269,None,None,None,1585843,4494126,51004,None,None,None,0.2,1.14
2,2019-12-31,USD,5826966,8150157,2700116,3126850,-1870194,-2294119,None,None,-2294119,None,5016835,None,-2323191,None,-9281,None,9280,9281,None,None,None,None,19791,None,-2294119,-2294119,None,USD,23944361,3131496,None,153031,10226338,13718023,None,None,3464,-60384769,None,8316722,151803,5884629,10180665,None,None,None,309780,12034560,None,2269805,None,5596719,None,None,2252536,None,None,None,None,None,None,None,11909801,None,11909801,156317,45670,None,45673,None,None,None,74099330,None,5884630,None,26000000,USD,-105545,1587460,-105545,-9468,-26138,-194265,-939920,169674,-2294119,-923924,-624114,None,433206,None,6980,None,-1134509,614174,96077,None,None,None,0.2366,0.2
3,2019-09-30,USD,4411086,5607672,1904287,2506799,-712207,-1173035,None,None,-1173035,None,3270291,None,-1196586,None,27734,None,-27730,-27734,None,None,None,None,51285,None,-1173035,-1173035,None,USD,24730122,3860307,None,56191,8782495,15947627,None,5485367,3451,-58090650,None,8316722,142335,6808553,8782495,None,None,None,425399,11985359,None,3770598,None,4497659,None,None,1691475,None,None,None,None,None,None,None,12744763,None,12744763,166819,None,None,0,None,None,None,74034830,None,6808550,None,32000000,USD,-118173,-441031,-118173,-2054,-279945,-278241,1704,-74951,-1173035,-2516639,-2120225,None,433093,None,9235190,None,-312244,-552057,116119,None,None,None,0.2579,0.2366
4,2019-06-30,USD,3923864,5860311,1817659,2106205,-1488342,-1992386,None,None,-1992386,None,3594547,None,-1936447,None,-86737,None,-86740,-86737,None,None,None,None,30798,None,-1992386,-1992386,None,USD,27360889,4220265,None,130614,13427309,13933580,None,9691679,2709,-56917615,None,8316722,140281,9325192,13427309,279950,279945,None,448621,14235000,None,1396593,None,4185416,None,None,1738596,None,None,None,None,None,None,None,13125889,None,13125889,246725,None,None,0,None,None,None,70848490,None,9325190,None,22000000,USD,-118076,-140973,-118076,-94,-1056302,8174427,-4457,-1446324,-1992386,7010006,-1046345,None,448105,None,9235190,None,1880745,204488,117982,None,None,None,0.5125,0.2579
5,2019-03-31,USD,4793760,6505236,2099290,2694470,-1265891,-1830580,0,0,-1830580,0,3969720,None,-1711480,0,128464,None,-128460,-128464,0,0,0,0,9364,0,-1830580,-1830580,None,USD,22336940,4527590,None,27400,15726180,6610760,0,324764,1280,-54925230,0,8316720,140190,2315190,15726180,1336250,1336247,0,576520,8775920,0,-6233552,0,6066160,0,0,2249003,0,0,0,0,0,0,None,340370,None,13561018,324764,None,None,0,None,None,None,61534710,None,2315190,None,13000000,USD,-346185,137874,-346190,2990,-190041,-192230,-2190,756391,-1830580,346780,885200,None,38480,0,0,0,1035594,349696,349170,None,None,None,1.15,0.5125
6,2018-12-31,USD,6301353,6819752,2551249,3750104,-518399,-692703,0,0,-692703,0,3816964,None,-518399,0,-122307,None,None,None,0,0,0,0,-174304,0,-692703,-692703,None,USD,22918077,4578553,None,39203,15699762,7218315,0,9586782,1208,-53094649,0,8316722,143174,1968403,15699762,0,0,0,272239,9607389,0,-5676960,0,7071815,0,0,2618103,0,0,0,0,0,0,None,None,None,None,None,None,None,None,None,None,None,60311760,None,1968400,None,9000000,USD,0,-886820,-269954,11074,-207132,-201625,-2711,-174755,-692703,-1896273,-1424694,None,377918,0,5684250,0,-354164,232209,12791,None,None,None,0.98,1.15
7,2018-09-30,USD,5780941,7042453,2397466,3383475,-1261512,-1332829,0,0,-1332829,0,4274313,None,-1261512,0,-90452,None,None,None,0,0,0,0,-71317,0,-1332829,-1332829,None,USD,24820862,4706843,None,84359,16951246,7869616,0,10196213,1207,-52401946,43055,8316722,154248,3864676,16908191,0,0,0,309374,11333675,0,-5153949,0,6811029,0,0,2831696,0,0,0,0,0,0,None,None,None,None,None,None,None,None,None,None,None,None,None,None,None,10000000,USD,0,542897,-240126,-6145,-435966,4401170,-829864,-1074747,-1332829,1986517,-2174527,None,297052,0,0,0,-751880,71358,15974,None,None,None,1.59,0.98
8,2018-06-30,USD,4120960,5847195,1930298,2190662,-1726235,-1647755,0,0,-1647755,0,3706206,None,-1726235,-348869.76,-35403,None,None,None,0,0,0,0,78480,0,-1647755,-1647755,None,USD,10965282,1530210,None,40456,8697968,2267314,0,4861806,586,-51069117,351150,3604720,148103,1878159,8346818,0,0,0,315987,5366262,0,-2867616,0,2821401,0,0,1527539,0,0,0,0,0,0,None,None,None,None,None,None,None,None,None,None,None,None,None,None,None,6000000,USD,0,686806,-139292,227,114186,123137,-84,-522420,-1647755,-882126,-865971,None,137069,0,0,0,467175,-60468,1217,None,None,None,0.95,1.59
9,2018-03-31,USD,3896441,6103508,2163142,1733299,-2207067,-2045120,0,0,-2045120,0,3674911,None,-2207067,265455,-21311,None,None,None,0,0,0,0,161947,0,-2045120,-2045120,None,USD,12428586,1545771,None,39286,8732747,3695839,0,4592265,582,-49421362,437667,3604720,148330,2760285,8295080,1261543,1261543,None,369345,6760420,None,-1454652,0,3288576,0,0,1260531,0,0,0,0,0,0,None,None,None,None,None,None,None,None,None,None,None,None,None,None,None,6000000,USD,None,349195,-259237,308,230629,230013,-616,-42504,-2045120,-1146512,-1117288,None,191833,0,0,0,358449,-2763,140193,None,None,None,3.66,0.95
10,2017-12-31,USD,6800000,29679320,3230000,8456280,59495500,-4908894,0,0,-5467699,0,3629000,None,-4608456,-30336140,20000,None,None,None,0,0,0,0,-300438,0,59656482,59656482,None,USD,13627000,5240000,None,398000,8333000,5294000,0,5449000,1000,-47277420,626000,3605000,5389000,3907000,7707000,1241705,1241705,None,286000,7952066,None,53029,0,3647025,0,0,1757000,0,0,0,0,0,0,None,None,None,None,None,None,None,None,None,None,None,None,None,None,None,6000000,USD,None,781000,-189686,13098,500550,514000,-279251,685292,-5467699,-2042207,-2100069,None,1206396,0,0,0,58000,1033772,28000,None,None,None,4.52,3.66
11,2017-09-30,USD,7090000,0,3303000,858013,-84920997,887793,0,0,0,0,3853000,None,779738,42470596,15000,None,None,None,0,0,0,0,108055,0,-85431343,-85431343,None,USD,15136000,5525000,None,443000,9299000,5837000,0,6302000,1000,-46534344,507000,3605000,5682000,3448000,8792000,1430210,1430210,None,310000,9143646,None,312325,0,5253423,0,0,1680000,0,0,0,0,0,0,None,None,None,None,None,None,None,None,None,None,None,None,None,None,None,6000000,USD,None,921000,-88913,0,810376,816000,None,-155803,-4724623,-115542,-3227788,None,0,0,0,0,1552555,318935,8000,None,None,None,7.1,4.52
12,2017-06-30,USD,5713000,0,2715000,531060,22885970,1272622,0,0,0,0,4016000,None,1287946,-12134456,13000,None,None,None,0,0,0,0,-15324,0,23026382,23026382,None,USD,14325000,5850000,None,271000,8143000,6182000,0,5729000,1000,-45975539,939000,3605000,6007000,3564000,7204000,266173,266173,None,359000,7959122,None,332800,0,4124332,0,0,1475000,0,0,0,0,0,0,None,None,None,None,None,None,None,None,None,None,None,None,None,None,None,6000000,USD,None,570000,-89100,0,810376,13000,None,28396,-4165818,-791532,-2308970,None,0,0,0,0,418464,211880,9000,None,None,None,1.91,7.1
13,2017-03-31,USD,4835000,0,2337000,3006980,-2702144,-2719220,0,0,0,0,4741000,None,-2700899,1516807,17000,None,None,None,0,0,0,0,-18321,0,-2719220,-2719220,None,USD,15820000,6151000,None,309000,8405000,7415000,0,6020000,1000,-44528941,806000,3605000,6292000,4355000,7599000,364171,364171,None,409000,9118729,None,1265132,0,4454657,0,0,1579000,0,0,0,0,0,0,None,None,None,None,None,None,None,None,None,None,None,None,None,None,None,6000000,USD,None,906000,-67849,0,810376,-1926,None,16845,-2719220,-1593932,-1524157,None,0,0,0,0,717295,177115,5000,None,None,None,4.2,1.91
14,2016-12-31,USD,5883000,28563976,2889000,7189835,-7329679,-6048597,0,0,-7560200,0,4406000,None,-5860530,1299851,24000,None,None,None,0,0,0,0,-188067,0,-7560200,-7560200,None,USD,17023000,6371000,None,334000,8035000,8988000,0,5846000,1000,-41809721,751000,3605000,6533000,5949000,7284000,1252885,1252885,None,461000,10029016,None,2616648,0,3745695,0,0,1438000,0,0,0,0,0,0,None,None,None,None,None,None,None,None,None,None,None,None,None,None,None,5000000,USD,None,460000,-967007,-43790,-7291,27000,-23717,-118930,-7560200,-5659448,-4719454,None,1085365,0,0,0,347000,1139261,123000,None,None,None,4.51,4.2
15,2016-09-30,USD,6034000,0,3060000,74391,0,114742,0,0,0,0,4074000,None,173009,0,26000,None,None,None,0,0,0,0,-58267,0,0,0,None,USD,18674000,6507000,None,303000,8051000,10623000,0,6037000,1000,-39980089,755000,3605000,6668000,6599000,7296000,None,None,None,532000,11473766,None,None,0,None,0,0,1259000,0,0,0,0,0,0,None,None,None,None,None,None,None,None,None,None,None,None,None,None,None,5000000,USD,None,122000,-798546,0,None,5000,None,None,-5730568,None,-4215808,None,0,0,0,0,472612,None,122000,None,None,None,5.87,4.51
16,2016-06-30,USD,5434000,0,2525000,1130721,0,966275,0,0,0,0,4241000,None,932925,0,12000,None,None,None,0,0,0,0,33350,0,0,0,None,USD,18608000,4771000,None,432000,7243000,11365000,0,5924000,1000,-38468486,80000,2468000,4921000,8016000,7163000,None,None,None,571000,13115994,None,None,0,None,0,0,1239000,0,0,0,0,0,0,None,None,None,None,None,None,None,None,None,None,None,None,None,None,None,5000000,USD,None,587000,-285044,0,None,5000,None,None,-4218965,None,-3313299,None,0,0,0,0,855339,None,100000,None,None,None,7.62,5.87
17,2016-03-31,USD,3883000,0,2001000,2364581,0,-2592620,0,0,0,0,4161000,None,-2575083,0,21000,None,None,None,0,0,0,0,-17537,0,0,0,None,USD,19245000,4935000,None,571000,6569000,12676000,0,5426000,1000,0,87000,2468000,5052000,10064000,6482000,None,None,None,582000,0,None,None,0,None,0,0,1056000,0,0,0,0,0,0,None,None,None,None,None,None,None,None,None,None,None,None,None,None,None,5000000,USD,None,286000,-127884,0,None,-10913,None,None,-2592620,None,-1405201,None,0,0,0,0,890000,None,47000,None,None,None,7.14,7.62
18,2015-12-31,USD,6262000,23166305,3588000,4359148,-9056620,-8663084,0,0,-11308171,0,4727000,None,-8170059,1059131,30000,None,None,None,0,0,0,0,-493025,0,-11308171,-11308171,None,USD,21539000,5088000,None,211000,7352000,14187000,0,5353000,10000,-34249521,997000,2468000,5206000,11608000,6355000,852222,852222,None,596000,15736685,None,9098629,0,3917925,0,0,995000,0,0,0,0,0,0,None,None,None,None,None,None,None,None,None,None,None,None,None,None,None,4000000,USD,None,724000,-1710538,1248,-54376,12871000,-12933,666991,-11308171,5086522,-6072958,None,881948,0,0,0,-1608561,3192768,187000,None,None,None,0.383,7.14
19,2015-09-30,USD,5443000,0,3290000,441618,0,-659796,0,0,0,0,4340000,None,1313986,0,31000,None,None,None,0,0,0,0,-1973782,0,0,0,None,USD,22652000,4856000,None,758000,6407000,16245000,0,4354000,10000,0,1096000,2469000,4976000,13273000,5311000,None,None,None,596000,0,None,None,0,None,0,0,941000,0,0,0,0,0,0,None,None,None,None,None,None,None,None,None,None,None,None,None,None,None,4000000,USD,None,814000,-1051642,0,None,12841000,None,None,-8901290,None,-5038125,None,0,0,0,0,611400,None,146000,None,None,None,0.42,0.383
