,fiscalDateEnding,reportedCurrency_x,totalRevenue,totalOperatingExpense,costOfRevenue,grossProfit,ebit,netIncome_x,researchAndDevelopment,effectOfAccountingCharges,incomeBeforeTax,minorityInterest,sellingGeneralAdministrative,otherNonOperatingIncome,operatingIncome,otherOperatingExpense,interestExpense,taxProvision,interestIncome,netInterestIncome,extraordinaryItems,nonRecurring,otherItems,incomeTaxExpense,totalOtherIncomeExpense,discontinuedOperations,netIncomeFromContinuingOperations,netIncomeApplicableToCommonShares,preferredStockAndOtherAdjustments,reportedCurrency_y,totalAssets,intangibleAssets,earningAssets,otherCurrentAssets,totalLiabilities,totalShareholderEquity,deferredLongTermLiabilities,otherCurrentLiabilities,commonStock,retainedEarnings,otherLiabilities,goodwill,otherAssets,cash,totalCurrentLiabilities,shortTermDebt,currentLongTermDebt,otherShareholderEquity,propertyPlantEquipment,totalCurrentAssets,longTermInvestments,netTangibleAssets,shortTermInvestments,netReceivables,longTermDebt,inventory,accountsPayable,totalPermanentEquity,additionalPaidInCapital,commonStockTotalEquity,preferredStockTotalEquity,retainedEarningsTotalEquity,treasuryStock,accumulatedAmortization,otherNonCurrrentAssets,deferredLongTermAssetCharges,totalNonCurrentAssets,capitalLeaseObligations,totalLongTermDebt,otherNonCurrentLiabilities,totalNonCurrentLiabilities,negativeGoodwill,warrants,preferredStockRedeemable,capitalSurplus,liabilitiesAndShareholderEquity,cashAndShortTermInvestments,accumulatedDepreciation,commonStockSharesOutstanding,reportedCurrency,investments,changeInLiabilities,cashflowFromInvestment,otherCashflowFromInvestment,netBorrowings,cashflowFromFinancing,otherCashflowFromFinancing,changeInOperatingActivities,netIncome_y,changeInCash,operatingCashflow,otherOperatingCashflow,depreciation,dividendPayout,stockSaleAndPurchase,changeInInventory,changeInAccountReceivables,changeInNetIncome,capitalExpenditures,changeInReceivables,changeInExchangeRate,changeInCashAndCashEquivalents,clossingVal,nextClossingVal
0,2020-06-30,USD,78758000,26516000,61988000,16770000,-9727000,-23276000,None,None,-22996000,8000,24664000,19000,-9746000,221000,5543000,272000,3000,-5540000,None,1631000,None,272000,-9562000,None,-23268000,-23588000,None,USD,300420000,2838000,None,70924000,322470000,-24281000,226000,41944000,5000,-218463000,5050000,35083000,10056000,48133000,122513000,1772000,1772000,-15975000,16979000,207820000,None,-23179000,None,79059000,174164000,57681000,78797000,None,None,5000,None,-218463000,None,None,27644000,None,44623000,30375000,174164000,25567000,199957000,None,1102000,None,210152000,300420000,48133000,None,4239578,USD,-2685000,29213000,-2685000,65000,4301000,4299000,-2000,1463000,-23268000,8579000,6965000,None,2579000,None,-2000,-9448000,-4890000,30233000,2750000,None,None,8579000,0.82,
1,2020-03-31,USD,66557000,32336000,50207000,16350000,-15932000,-12038000,None,None,-11722000,40000,32336000,54000,-15986000,None,5547000,276000,14000,-5533000,None,None,None,276000,9797000,None,-11998000,-12345000,None,USD,276913000,3092000,None,61538000,285961000,-10959000,226000,41335000,36000,-195187000,5016000,35083000,17691000,39467000,88428000,1905000,1905000,-16056000,15399000,175824000,None,-10169000,None,82452000,169397000,48233000,45188000,None,None,36000,None,-195187000,None,None,29824000,None,45223000,32712000,169397000,27910000,197533000,None,790000,None,200248000,276913000,39467000,None,35548456,USD,-1585000,-38452000,-1585000,None,4301000,-172000,-172000,-19961000,-11998000,-20624000,-18867000,None,1882000,None,-172000,6026000,53406000,-6869000,1585000,None,None,-20624000,0.35,0.82
2,2019-12-31,USD,152511000,57161000,106111000,46400000,-11775000,-20293000,None,None,-19629000,112000,47488000,-1014000,-10761000,None,5381000,552000,21000,-5360000,None,9673000,None,568000,-13181000,None,-20197000,-20596000,None,USD,365222000,3488000,None,21898000,360718000,2940000,226000,47816000,36000,-183149000,7200000,35083000,18926000,66286000,152924000,1905000,1905000,-14422000,15259000,260385000,None,-35148000,None,117942000,174962000,54259000,103203000,None,None,36000,None,-183149000,None,None,51007000,None,104837000,35083000,174962000,32606000,207794000,None,483000,None,200475000,365222000,66286000,-106562000,35210371,USD,-1791000,-74487000,-1791000,12000,14607000,-5000000,-19607000,-24013000,-20181000,-11074000,-4283000,None,3163000,None,0,11039000,82583000,15898000,1791000,None,None,-11074000,1.03,0.35
3,2019-09-30,USD,280130000,45197000,199271000,80859000,22510000,16445000,None,None,17430000,-31000,44586000,-13152000,35662000,None,4617000,1016000,17000,-4600000,None,611000,None,1000000,-14243000,None,16430000,16265000,None,USD,479641000,14044000,None,72484000,457422000,21070000,1431000,47477000,36000,-162856000,7932000,35083000,18976000,71028000,250814000,6905000,6905000,-15892000,16925000,360471000,None,21250000,None,219764000,170812000,65298000,196432000,None,None,36000,None,-162856000,None,None,34142000,None,51067000,37232000,170812000,34365000,206608000,None,180000,None,199782000,479641000,71028000,None,35210371,USD,-2407000,72575000,-2407000,12000,12523000,7173000,-5350000,50608000,16445000,39740000,34974000,None,6998000,None,0,-11777000,-116518000,15956000,2419000,None,None,39740000,0.86,1.03
4,2019-06-30,USD,95182000,111306000,77436000,17746000,-14738000,-22542000,None,None,-21896000,1000000,33870000,-222000,-16124000,None,2919000,589000,20000,-2899000,None,2525000,None,589000,-2873000,None,-22485000,-22542000,None,USD,328744000,15231000,None,4923000,327112000,632000,1431000,33680000,30000,-179301000,3039000,35083000,17264000,32125000,133588000,1892000,1892000,-14994000,56955000,204211000,None,-49682000,None,85119000,160656000,53521000,64388000,None,None,30000,None,-179301000,-24000000,None,17264000,None,124533000,39011000,160656000,137000,193524000,None,None,None,218897000,328744000,32125000,None,29463689,USD,-2746000,35221000,-5205000,None,-167000,-191000,-5350000,1506000,-22542000,-9907000,-6970000,None,4239000,None,-24000,-8836000,-17171000,406000,2746000,None,None,-9907000,0.7,0.86
5,2019-03-31,USD,70826000,38381000,56486000,14340000,-23931000,-29158000,None,None,-29372000,31000,35266000,110000,-24041000,None,3018000,-245000,-5414000,-2991000,None,3115000,None,-245000,-5455000,None,-29127000,-29158000,None,USD,311975000,16422000,None,84509000,287781000,23251000,1430000,34817000,30000,-156759000,3019000,35083000,17269000,42431000,112723000,20000000,20000000,-14544000,20156000,187913000,None,23251000,None,85062000,142411000,44685000,57897000,None,None,30000,None,-156759000,-24000000,None,35132000,None,55288000,38445000,142411000,31217000,175058000,None,None,None,218524000,311975000,42431000,None,29416541,USD,-2459000,-28436000,-2459000,None,-7500000,-7749000,-249000,-14834000,-29127000,-12103000,-1895000,None,3234000,None,-249000,9195000,54578000,27232000,2459000,None,None,-12103000,1.01,0.7
6,2018-12-31,USD,132326000,44904000,91840000,40486000,-4549000,-3247000,0,0,-2100000,-96000,42157000,-131000,-4418000,0,3013000,1243000,None,None,0,2747000,0,1292000,-429000,0,-3392000,-3247000,None,USD,342841000,17612000,None,20703000,291192000,50737000,1431000,29403000,30000,-127601000,7298000,35083000,19101000,53282000,144102000,27211000,None,-15847000,20902000,250143000,None,-1958000,None,122278000,139792000,53880000,87488000,None,None,30000,None,-127601000,-24000000,None,19101000,None,92698000,None,139792000,5867000,147090000,None,None,None,218155000,342841000,53282000,-107147000,29169913,USD,None,-84494000,-2198000,20000,7693000,7693000,193000,-8680000,-3343000,2246000,-3249000,None,3090000,None,-85000,10571000,85078000,94000,2218000,None,None,2246000,1.47,1.01
7,2018-09-30,USD,236699000,44287000,172369000,64330000,19832000,15682000,0,0,17652000,17000,44287000,-211000,20043000,0,3097000,None,None,None,0,0,0,1953000,-2391000,0,15699000,15682000,None,USD,447591000,18777000,None,31452000,391987000,54596000,787000,30270000,30000,-124354000,6145000,35197000,18938000,52177000,240786000,19365000,None,-14548000,21187000,353492000,None,622000,4967000,205412000,145056000,64451000,191151000,55604000,0,30000,0,-124354000,-24000000,None,18938000,None,94099000,None,145056000,5358000,151201000,None,None,None,217468000,447591000,52177000,-120802000,29169913,USD,None,75514000,-2934000,108000,-2000,-13180000,-13178000,20094000,15699000,-4769000,11345000,None,6563000,0,0,-2290000,-104195000,-4354000,3042000,None,None,-4769000,2.55,1.47
8,2018-06-30,USD,105781000,40081000,77840000,27941000,-11890000,-18559000,0,0,-16497000,-29000,40081000,250000,-12140000,0,2197000,None,None,None,0,0,0,2091000,-4357000,0,-18588000,-18559000,None,USD,348881000,19830000,None,50844000,308586000,39304000,784000,21335000,30000,-140036000,6124000,35268000,18969000,36824000,165139000,40211000,21163000,-13399000,24706000,250108000,None,-15794000,26167000,100279000,137323000,62161000,103593000,40295000,0,30000,0,-140036000,-24000000,None,18969000,None,98773000,None,137323000,5340000,143447000,None,None,None,216709000,348881000,36824000,-115344000,29169913,USD,None,28431000,-3942000,0,18553000,18553000,-1447000,334000,-18588000,17279000,2668000,None,4332000,0,0,-8164000,-5025000,21256000,9078000,None,None,17279000,3.28,2.55
9,2018-03-31,USD,93004000,58617000,70045000,22959000,-35572000,-36244000,0,0,-38529000,51000,58617000,86000,-35658000,0,1936000,None,None,None,0,0,0,-2336000,-2871000,0,-36193000,-36244000,None,USD,313891000,21323000,None,20812000,253929000,58942000,781000,15343000,30000,-121477000,6534000,35592000,18504000,46779000,112679000,21119000,21119000,-12009000,22956000,215516000,None,2027000,0,93928000,134716000,53997000,76217000,59962000,0,30000,0,-121477000,-24000000,None,18504000,None,98375000,None,134716000,5753000,141250000,None,None,None,216398000,313891000,46779000,-120080000,29169913,USD,None,-9934000,-2568000,0,-5000000,-5085000,-85000,-23326000,-36193000,-19041000,-11388000,None,3096000,0,0,4435000,34735000,24805000,2568000,None,843000,-19041000,2.1,3.28
10,2017-12-31,USD,136628000,56740000,106468000,30160000,-27438000,-30413000,0,0,-29771000,-74000,56740000,-858000,-26580000,0,2333000,None,None,None,0,-27072000,0,716000,-31880000,0,-30487000,-30413000,None,USD,370349000,22490000,None,14923000,275836000,93544000,783000,17622000,27000,-85233000,5798000,35384000,64453000,64977000,135758000,26075000,21075000,-13059000,23227000,282669000,None,35670000,0,144337000,133497000,58432000,92061000,0,0,27000,0,-85233000,-24000000,None,6579000,None,87680000,None,133497000,5798000,140078000,None,None,None,215809000,370349000,64977000,-118130000,26957354,USD,None,3120000,-4343000,121000,3000000,2933000,-67000,1406000,-30487000,16186000,17596000,None,21003000,0,0,17003000,19339000,48083000,4464000,None,-20000,12482000,2.35,2.1
11,2017-09-30,USD,255413000,69527000,200632000,61781000,-7624000,-17614000,0,0,-16651000,45000,55991000,122000,-7746000,0,2027000,None,None,None,0,13536000,0,918000,0,0,-17569000,-17614000,None,USD,453262000,23866000,None,19890000,329400000,122819000,2033000,12975000,27000,-54820000,5815000,35344000,61318000,45411000,189321000,23030000,21030000,-13079000,20626000,371318000,None,63609000,3400000,225873000,132231000,80144000,153316000,123862000,0,27000,0,-54820000,-24000000,None,2108000,None,81944000,None,132231000,5815000,140079000,None,None,None,214691000,453262000,45411000,-116987000,26987430,USD,None,63797000,-2853000,0,2000000,2000000,-1447000,47692000,-17569000,-20294000,-19441000,None,0,0,19311000,4709000,61522000,-1872000,2853000,None,1507000,-18787000,3.0,2.35
12,2017-06-30,USD,119565000,47827000,85846000,33719000,-13834000,-16742000,0,0,-16371000,55000,47827000,274000,-14108000,0,2537000,None,None,None,0,-54144000,0,316000,0,0,-16687000,-16742000,None,USD,398378000,31469000,None,30980000,259402000,137978000,2034000,9056000,27000,-37206000,5944000,43475000,84434000,64098000,98449000,152975000,152975000,-14741000,24527000,289417000,7000000,63034000,3500000,113119000,152975000,81220000,89393000,138976000,0,27000,0,-37206000,-24000000,None,2490000,None,108961000,None,152975000,5944000,160953000,None,None,None,213898000,398378000,64098000,-111046000,26987430,USD,None,34580000,-3220000,24000,-10986000,8325000,10576000,6239000,-16687000,8413000,3308000,None,0,0,19311000,5785000,60229000,19995000,11978000,None,1729000,10142000,4.0,3.0
13,2017-03-31,USD,94505000,45745000,64484000,30021000,-15697000,-18316000,0,0,-18629000,31000,45745000,27000,-15724000,0,2932000,None,None,None,0,13536000,0,-344000,0,0,-18285000,-18316000,None,USD,376341000,33584000,None,31832000,243075000,132323000,2034000,10551000,23000,-20464000,7157000,43268000,86158000,68032000,69330000,10000000,10000000,-16676000,22617000,267566000,7000000,55471000,10576000,100236000,164554000,67466000,48779000,133266000,0,23000,0,-20464000,-24000000,None,2306000,None,108775000,None,164554000,7157000,173745000,None,None,None,193440000,376341000,68032000,-107423000,23208535,USD,None,-45227000,-4367000,0,-34628000,-34640000,-12000,-15597000,-18285000,-29076000,9931000,None,0,0,0,7969000,75108000,28216000,4367000,None,468000,-28608000,5.5,4.0
14,2016-12-31,USD,167026000,54496000,114921000,52105000,-2335000,-7585000,0,0,-5844000,-167000,54496000,56000,-2391000,0,3509000,None,None,None,0,13536000,0,1908000,-11730000,0,-7752000,-7585000,None,USD,464303000,35719000,None,17077000,329103000,134288000,2034000,16424000,20000,-2148000,7252000,43208000,88083000,86064000,116810000,10000000,213007000,-17207000,22841000,353379000,7000000,55361000,0,174803000,203007000,75435000,90386000,0,0,20000,0,-2148000,-24000000,None,2156000,None,110924000,None,203007000,7252000,212293000,None,None,None,177623000,464303000,86064000,-105559000,19376773,USD,None,10558000,2401000,5927000,7278000,7707000,-70000,24270000,-7752000,47493000,37385000,None,22944000,0,499000,-14891000,-10212000,45137000,3526000,None,-6904000,46756000,5.15,5.5
15,2016-09-30,USD,302791000,60520000,207858000,94933000,34632000,30612000,0,0,31612000,-83000,60520000,219000,34413000,0,3020000,None,None,None,0,0,0,1083000,0,0,30529000,30612000,None,USD,560123000,37861000,None,27761000,416838000,142706000,2265000,16379000,20000,5437000,7535000,43462000,90746000,48162000,199105000,None,None,-16077000,22698000,446679000,7000000,61383000,2687000,295692000,207933000,75064000,182726000,143285000,0,20000,0,5437000,-24000000,None,2423000,None,113444000,None,207933000,7535000,217733000,None,None,None,177326000,560123000,48162000,-102724000,19999540,USD,None,67778000,-7624000,-6227000,7246000,5682000,None,None,30529000,-45046000,-43104000,None,0,0,-1564000,14520000,108870000,-73633000,1397000,None,3828000,-41218000,8.64,5.15
16,2016-06-30,USD,140977000,45900000,96177000,44800000,-221000,-4369000,0,0,-3441000,224000,45900000,879000,-1100000,0,3220000,None,None,None,0,0,0,704000,0,0,-4145000,-4369000,None,USD,469892000,39979000,None,28102000,353373000,115857000,2297000,8960000,21000,-25175000,7498000,43631000,93269000,96626000,136052000,None,None,-13709000,24100000,352523000,7000000,32247000,9933000,156327000,207526000,71468000,127092000,116519000,0,21000,0,-25175000,-24701000,None,2659000,None,117369000,None,207526000,7498000,217321000,None,None,None,179421000,469892000,96626000,-97011000,20275877,USD,None,16099000,-6793000,0,-10619000,-12719000,None,None,-4145000,-29679000,-10167000,None,0,0,-2100000,10924000,30495000,-6022000,6793000,None,-2542000,-32221000,7.91,8.64
17,2016-03-31,USD,95809000,44999000,64626000,31183000,-13725000,-17415000,0,0,-16951000,32000,44999000,91000,-13816000,0,3226000,None,None,None,0,0,0,432000,0,0,-17383000,-17415000,None,USD,430571000,42081000,None,32912000,305331000,124802000,2199000,13104000,20000,-20806000,7502000,44024000,95936000,118914000,87833000,None,None,-10775000,19860000,314775000,7000000,38697000,0,109479000,207797000,53470000,74729000,125240000,125240000,20000,125240000,-20806000,-24000000,None,2831000,None,115796000,None,207797000,7502000,217498000,None,None,None,180363000,430571000,118914000,-95256000,20474446,USD,None,None,-3049000,0,-1940000,-12625000,-844000,None,-17383000,16935000,32609000,None,0,0,-9841000,7074000,77916000,49992000,3049000,None,-549000,16386000,7.44,7.91
18,2015-12-31,USD,163407000,50824000,113832000,49575000,-11505000,-9330000,0,0,-14720000,112000,50824000,-4614000,-6891000,0,3215000,None,None,None,0,13536000,0,308000,-3937000,0,-15028000,-9330000,None,USD,505900000,44493000,None,31901000,352494000,153000000,0,17267000,21000,-3391000,7354000,44199000,105097000,102528000,130140000,209166000,209166000,-10051000,18435000,382368000,7000000,64308000,0,187395000,215000000,60544000,112873000,153406000,153406000,21000,153406000,-3391000,-28322000,None,8959000,446000,123532000,None,215000000,7354000,222354000,None,None,None,194743000,505900000,102528000,-93653000,21153878,USD,-220000,-21037000,-3803000,-849000,-25000000,-31206000,14000,-38253000,-9386000,21172000,56181000,None,18860000,0,-6205000,18283000,71129000,65567000,2734000,None,145000,21024000,7.96,7.44
19,2015-09-30,USD,337027000,59701000,232698000,104329000,50346000,45845000,0,0,47239000,19000,59701000,5718000,44628000,0,3107000,None,None,None,0,0,0,1375000,0,0,45864000,45845000,None,USD,639557000,46305000,None,30683000,469357000,169738000,5980000,26616000,23000,5939000,6430000,44344000,107428000,81211000,241947000,25000000,None,-8739000,18604000,513525000,7000000,79089000,0,320227000,215000000,81404000,190331000,170200000,170200000,23000,170200000,5939000,-30988000,None,9779000,None,126032000,None,215000000,6430000,227410000,None,None,None,203503000,639557000,81211000,-102297000,22599061,USD,280000,22447000,-7150000,-3024000,25000000,18012000,None,None,45864000,-29281000,-40143000,None,0,0,-6988000,2577000,58345000,-86007000,4406000,None,223000,-29058000,8.52,7.96
