,fiscalDateEnding,reportedCurrency_x,totalRevenue,totalOperatingExpense,costOfRevenue,grossProfit,ebit,netIncome_x,researchAndDevelopment,effectOfAccountingCharges,incomeBeforeTax,minorityInterest,sellingGeneralAdministrative,otherNonOperatingIncome,operatingIncome,otherOperatingExpense,interestExpense,taxProvision,interestIncome,netInterestIncome,extraordinaryItems,nonRecurring,otherItems,incomeTaxExpense,totalOtherIncomeExpense,discontinuedOperations,netIncomeFromContinuingOperations,netIncomeApplicableToCommonShares,preferredStockAndOtherAdjustments,reportedCurrency_y,totalAssets,intangibleAssets,earningAssets,otherCurrentAssets,totalLiabilities,totalShareholderEquity,deferredLongTermLiabilities,otherCurrentLiabilities,commonStock,retainedEarnings,otherLiabilities,goodwill,otherAssets,cash,totalCurrentLiabilities,shortTermDebt,currentLongTermDebt,otherShareholderEquity,propertyPlantEquipment,totalCurrentAssets,longTermInvestments,netTangibleAssets,shortTermInvestments,netReceivables,longTermDebt,inventory,accountsPayable,totalPermanentEquity,additionalPaidInCapital,commonStockTotalEquity,preferredStockTotalEquity,retainedEarningsTotalEquity,treasuryStock,accumulatedAmortization,otherNonCurrrentAssets,deferredLongTermAssetCharges,totalNonCurrentAssets,capitalLeaseObligations,totalLongTermDebt,otherNonCurrentLiabilities,totalNonCurrentLiabilities,negativeGoodwill,warrants,preferredStockRedeemable,capitalSurplus,liabilitiesAndShareholderEquity,cashAndShortTermInvestments,accumulatedDepreciation,commonStockSharesOutstanding,reportedCurrency,investments,changeInLiabilities,cashflowFromInvestment,otherCashflowFromInvestment,netBorrowings,cashflowFromFinancing,otherCashflowFromFinancing,changeInOperatingActivities,netIncome_y,changeInCash,operatingCashflow,otherOperatingCashflow,depreciation,dividendPayout,stockSaleAndPurchase,changeInInventory,changeInAccountReceivables,changeInNetIncome,capitalExpenditures,changeInReceivables,changeInExchangeRate,changeInCashAndCashEquivalents,clossingVal,nextClossingVal
0,2020-06-30,USD,2145573000,-1402973000,1227790000,-1227790000,175183000,121698000,None,None,162365000,None,612302000,None,175183000,-2015275000,12818000,40667000,-12818000,-12818000,None,None,None,40667000,None,None,121698000,121698000,None,USD,5553632000,None,None,515449000,3162789000,2390843000,699698000,None,1671000,4762295000,784288000,None,151797000,274654000,970682000,None,None,2390843000,3626396000,1544697000,None,2390843000,None,1137133000,1307019000,None,970682000,None,None,None,None,None,None,None,186497000,None,3626396000,None,1307019000,185390000,2192107000,None,None,None,None,5553632000,274654000,None,None,USD,-135818000,63299000,-135818000,39677000,506000,-28769000,-788000,57066000,121698000,226200000,390787000,45725000,130298000,-28487000,-788000,None,27644000,2123000,175495000,27644000,None,226200000,120.34,
1,2020-03-31,USD,2280826000,-1518005000,1363264000,-1363264000,154741000,104834000,None,None,142705000,None,632726000,None,154741000,-2150731000,12036000,37871000,-12036000,-12036000,None,None,None,37871000,None,None,104834000,104834000,None,USD,5380042000,199437000,None,371235000,3097624000,2282418000,714548000,None,2282418000,4669084000,885492000,None,363773000,48454000,909376000,None,None,2282418000,3618300000,1397969000,None,2282418000,None,1142616000,1302756000,None,909376000,None,None,None,None,None,-2776914000,None,199437000,None,3817737000,None,1302756000,170944000,2188248000,None,None,None,388577000,5380042000,48454000,-2064273000,107000000,USD,-128708000,-5702000,-128708000,38106000,507000,-107001000,-3627000,-83405000,104834000,13454000,249163000,-48618000,130095000,-28688000,-75193000,None,33549000,35005000,166814000,33549000,None,13454000,92.23,120.34
2,2019-12-31,USD,2450324000,-1694777000,1489702000,-1489702000,206829000,144676000,None,None,192298000,None,627130000,1754000,205075000,-2321907000,14531000,47622000,-12777000,-12777000,None,None,None,47622000,-16177000,None,144676000,144676000,None,USD,5470854000,106506000,None,183033000,3203825000,2267029000,699078000,None,1671000,4592938000,792219000,96326000,15157000,35000000,1035766000,None,None,None,3620866000,1481299000,25200000,2064197000,None,1242160000,1295740000,21106000,1035766000,None,None,1671000,None,4592938000,-2701629000,None,165857000,None,3989555000,None,1295740000,173241000,2168059000,None,None,None,374049000,5470854000,35000000,None,106212908,USD,-119046000,-212642000,-119046000,12698000,508000,-81838000,-4639000,-35540000,144676000,-40132000,160752000,-10545000,128417000,-27730000,-49977000,None,40731000,70115000,131744000,40731000,None,-40132000,116.78,92.23
3,2019-09-30,USD,2363660000,-1618642000,1450780000,-1450780000,167862000,118410000,None,None,155505000,None,618215000,None,167862000,-2236857000,12357000,37095000,-12357000,-12357000,None,None,None,37095000,-12357000,None,118410000,118410000,None,USD,5386337000,189863000,None,257297000,3192808000,2193529000,644105000,None,1671000,4475992000,744772000,88300000,17556000,75132000,1075024000,None,None,None,3650362000,1383456000,22300000,2003666000,None,1051027000,1293312000,None,1075024000,None,None,None,None,None,-2652077000,None,162656000,None,4002881000,None,1293312000,180367000,2117784000,None,None,None,367943000,5386337000,75132000,-1964927000,108000000,USD,-110997000,60457000,-110997000,56243000,-77593000,-151680000,-10332000,13609000,118410000,68257000,330934000,50260000,126804000,-27809000,-35946000,None,-10933000,-14064000,167240000,-10933000,None,68257000,110.65,116.78
4,2019-06-30,USD,2261647000,-1542401000,1349308000,-1349308000,193093000,133633000,None,None,178330000,None,595251000,None,193093000,-2137652000,14763000,44697000,-14763000,-14763000,None,None,None,44697000,-34763000,None,133633000,133633000,None,USD,5420739000,193403000,None,337336000,3285383000,2135356000,676062000,None,1671000,4385391000,769818000,88300000,21487000,6875000,1061522000,41500000,41500000,None,3678085000,1384364000,23300000,1941953000,None,1040153000,1372143000,None,1061522000,None,None,None,None,None,-2618872000,None,164887000,None,4036375000,None,1372143000,175656000,2223861000,None,None,None,367166000,5420739000,6875000,-1957782000,108000000,USD,-263215000,70032000,-263215000,34258000,78581000,-138193000,966000,30992000,133633000,-45488000,355920000,40764000,123994000,-28006000,-189734000,None,-37597000,25094000,297473000,-37597000,None,-45488000,91.41,110.65
5,2019-03-31,USD,2089627000,-1395173000,1227378000,-1227378000,167795000,119601000,None,None,154762000,None,574524000,None,167795000,-1969697000,13033000,35161000,None,-13033000,None,None,None,35161000,-15933000,None,119601000,119601000,None,USD,5327282000,196940000,None,383313000,3123518000,2203764000,668490000,None,1671000,4279764000,762529000,68540000,16545000,52363000,998239000,38500000,38500000,None,3539738000,1438159000,18400000,2006824000,None,1002483000,1284550000,None,998239000,None,None,None,None,None,-2429552000,None,152445000,None,3889123000,None,1284550000,172239000,2125279000,None,None,None,351881000,5327282000,52363000,-1913831000,110000000,USD,-310704000,-41815000,-310704000,-53046000,135518000,104726000,-2520000,-94124000,119601000,44763000,250741000,-45937000,119930000,-28272000,-2520000,None,58109000,40853000,257658000,58109000,None,44763000,101.29,91.41
6,2018-12-31,USD,2317842000,-1623240000,1500500000,-1500500000,122964000,88681000,0,0,111505000,0,580516000,224000,122740000,-2203756000,11459000,None,None,None,-16819000,0,0,22824000,-11234000,0,88681000,88681000,None,USD,5091647000,65070000,None,252352000,2990263000,2101384000,643461000,391906000,1671000,4188435000,734717000,40087000,22698000,7600000,1352348000,250706000,250706000,None,3445111000,1502981000,15700000,2101384000,None,1364607000,898398000,21977000,1101642000,None,None,1671000,None,4188435000,-2429179000,None,None,None,3445111000,None,898398000,96056000,1637915000,None,None,None,340457000,5091647000,7600000,-1884132000,108710825,USD,None,-64573000,-300518000,19035000,68353000,-9707000,-2507000,17864000,88681000,13000,310238000,-10780000,114086000,-26209000,-49344000,None,43940000,138884000,319553000,43940000,None,13000,93.04,101.29
7,2018-09-30,USD,2209760000,-1549957000,1375269000,-1375269000,174688000,131110000,0,0,164727000,0,551002000,None,174688000,-2100959000,9961000,None,None,None,0,0,0,33617000,-9961000,0,131110000,131110000,None,USD,4721671000,0,None,239257000,2641093000,2080578000,518428000,394527000,2080578000,0,607569000,0,120182000,7587000,1212660000,248680000,248680000,None,3241507000,1342482000,17500000,2080578000,0,1233320000,820864000,0,963980000,0,0,0,0,0,0,None,None,None,3241507000,None,820864000,89141000,1428433000,None,None,None,None,4721671000,7587000,None,110000000,USD,None,74608000,-230831000,33522000,69734000,-25343000,-18875000,43873000,131110000,-7604000,248570000,31340000,108801000,-26202000,-50000000,0,-76016000,-21273000,264353000,-76016000,None,-7604000,118.94,93.04
8,2018-06-30,USD,2139027000,-1516738000,1301926000,-1301926000,214812000,151652000,0,0,204957000,0,514866000,None,214812000,-2031604000,9855000,None,None,None,0,0,0,53305000,-9855000,0,151652000,151652000,None,USD,4589243000,0,None,272608000,2555881000,2033362000,552866000,357386000,2033362000,0,641769000,0,122735000,15191000,1158537000,249436000,249436000,None,3142387000,1307421000,16700000,2033362000,0,1019622000,755575000,0,909101000,0,0,0,0,0,0,None,139435000,None,3281822000,None,755575000,88903000,1397344000,None,None,None,None,4589243000,15191000,-1782297000,111000000,USD,None,79370000,-176080000,29556000,-7908000,-83226000,951000,38542000,151652000,8109000,267415000,22496000,107423000,-26242000,-50027000,0,-118719000,25193000,205636000,-118719000,None,8109000,121.55,118.94
9,2018-03-31,USD,1948245000,-1348483000,1179702000,-1179702000,168781000,118142000,0,0,159629000,0,494179000,None,168781000,-1842662000,9152000,None,None,None,0,0,0,41487000,-9152000,0,118142000,118142000,None,USD,4421657000,0,None,328079000,2478594000,1943063000,545282000,341078000,1943063000,0,88373000,0,141317000,7082000,1092516000,247609000,247609000,None,3044276000,1236064000,16400000,1943063000,0,900903000,752423000,0,844907000,0,0,0,0,0,0,None,141317000,None,3185593000,None,752423000,88373000,1386078000,None,None,None,None,4421657000,7082000,-1720446000,111000000,USD,None,48955000,-179344000,26764000,-63364000,-89804000,-99000,-25018000,118142000,-7530000,261618000,-49189000,105583000,-26341000,0,0,19864000,18263000,206108000,19864000,None,-7530000,117.15,121.55
10,2017-12-31,USD,1990161000,583454000,1260894000,729267000,146048000,385307000,0,0,139783000,0,481134000,235000,145813000,102320000,6265000,None,None,None,0,0,0,-245524000,-31650000,0,385307000,385307000,None,USD,4465349000,73691000,None,99162000,2626024000,1839325000,0,323250000,1671000,3803844000,76661000,39764000,143290000,14612000,921844000,1087049000,1087049000,None,2983331000,1338728000,None,1725870000,0,1204266000,1085649000,20688000,1463714000,0,0,1671000,0,3803844000,-2277001000,None,29835000,None,3126621000,None,1085649000,76661000,1162310000,None,None,None,310811000,4465349000,14612000,None,109753008,USD,None,-43845000,-195173000,3537000,764000,-24526000,-48000,94651000,385307000,6905000,226604000,11232000,102320000,-25242000,0,0,-166111000,-175731000,198710000,-52679000,None,6905000,114.98,117.15
11,2017-09-30,USD,1843334000,533688000,1144674000,698660000,164972000,100385000,0,0,156662000,0,437729000,None,164972000,95959000,8310000,None,None,None,0,0,0,56277000,0,0,100385000,100385000,None,USD,4053923000,114422000,None,254586000,2581953000,1471970000,746833000,188170000,0,0,68564000,55737000,171523000,7707000,681755000,1086301000,1086301000,None,2875809000,1006591000,None,1471970000,0,915821000,1084801000,0,681755000,0,0,0,0,0,0,None,None,None,2875809000,None,1084801000,68564000,1900198000,None,None,None,None,4053923000,7707000,None,111000000,USD,None,83757000,-287553000,-135995000,146863000,102884000,-18736000,10982000,100385000,433000,185102000,10956000,95960000,-25243000,0,0,113432000,3722000,151558000,-109678000,None,433000,111.08,114.98
12,2017-06-30,USD,1726915000,504651000,1058649000,668266000,163615000,97869000,0,0,156222000,0,411601000,None,163615000,93050000,7393000,None,None,None,0,0,0,58353000,0,0,97869000,97869000,None,USD,3778382000,0,None,152035000,2370661000,1407721000,753277000,188786000,0,0,66118000,0,50001000,7274000,608092000,943174000,943174000,None,2820030000,908351000,None,1407721000,0,799043000,943174000,0,608092000,0,0,0,0,0,0,None,None,None,2820030000,None,943174000,66118000,1762569000,None,None,None,None,3778382000,7274000,None,111000000,USD,None,21955000,-74082000,3803000,-14337000,-88719000,-155000,17690000,97869000,-4987000,157814000,12211000,93049000,-25275000,-48952000,0,3754000,-25661000,77885000,-41609000,None,-4987000,91.38,111.08
13,2017-03-31,USD,1629158000,495981000,983788000,645370000,149389000,102702000,0,0,142572000,0,403792000,None,149389000,92189000,6817000,None,None,None,0,0,0,39870000,0,0,102702000,102702000,None,USD,3770395000,0,None,173647000,2398101000,1372294000,792561000,216762000,0,0,68457000,0,46426000,12261000,586525000,None,None,None,2830628000,893341000,None,1372294000,0,753859000,950558000,0,586525000,0,0,0,0,0,0,None,None,None,2830628000,None,950558000,68457000,1811576000,None,None,None,None,3770395000,12261000,None,112000000,USD,None,3017000,-94474000,4301000,-29636000,-185275000,-276000,35063000,102702000,5884000,285633000,35063000,92189000,-25602000,-129761000,0,37855000,14807000,98775000,37855000,None,5884000,91.74,91.38
14,2016-12-31,USD,1721062000,477467000,1049234000,671828000,194432000,117556000,0,0,188485000,0,385674000,71000,194361000,91793000,5947000,None,None,None,0,0,0,70929000,-10023000,0,117556000,117556000,None,USD,3828988000,2356000,None,107513000,2414927000,1414061000,0,188826000,1671000,3218943000,64881000,0,64516000,6377000,573134000,986278000,986278000,None,2818791000,945681000,2900000,1414061000,0,813214000,986278000,18577000,1363768000,0,0,1671000,0,3218943000,-2099640000,None,64516000,None,2883307000,None,986278000,64881000,1051159000,None,None,None,293087000,3828988000,6377000,-1440124000,111305021,USD,None,-22310000,-126617000,12900000,56363000,-42667000,484000,-36766000,117556000,896000,170180000,-101952000,91793000,-24513000,-75001000,0,-120994000,73151000,139517000,11942000,None,896000,97.07,91.74
15,2016-09-30,USD,1690659000,486543000,1021139000,669520000,182977000,109425000,0,0,176492000,0,395542000,None,182977000,91001000,6485000,None,None,None,0,0,0,67067000,0,0,109425000,109425000,None,USD,3729994000,0,None,61900000,2344911000,1385083000,731068000,197932000,0,0,69302000,0,78852000,5481000,600845000,None,None,None,2808741000,842401000,None,1385083000,0,775020000,943696000,0,600845000,0,0,0,0,0,0,None,78852000,None,2887593000,None,943696000,69302000,1744066000,None,None,None,None,3729994000,5481000,-1400339000,113000000,USD,None,38203000,-100806000,46600000,-3790000,-114815000,-11386000,31350000,109425000,-5796000,209825000,22869000,91001000,-24879000,-74760000,0,132936000,-2921000,147406000,-48752000,None,-5796000,81.14,97.07
16,2016-06-30,USD,1615026000,481044000,958190000,656836000,175792000,105011000,0,0,169372000,0,390680000,None,175792000,90364000,6420000,None,None,None,0,0,0,64361000,0,0,105011000,105011000,None,USD,3697364000,0,None,71705000,2317939000,1379425000,742574000,209064000,0,0,65075000,0,103441000,11277000,552716000,None,None,None,2766915000,827008000,None,1379425000,0,847467000,957574000,0,552716000,0,0,0,0,0,0,None,None,None,2766915000,None,957574000,65075000,1765223000,None,None,None,None,3697364000,11277000,None,114000000,USD,None,11440000,-143505000,51216000,3157000,-20452000,-121000,19828000,105011000,5285000,169242000,15317000,90364000,-24788000,1300000,0,84184000,40000,194721000,-52930000,None,5285000,80.93,81.14
17,2016-03-31,USD,1528712000,472696000,888126000,640586000,167890000,100098000,0,0,161448000,0,384344000,None,167890000,88352000,6442000,None,None,None,0,0,0,61350000,0,0,100098000,100098000,None,USD,3646958000,0,None,118586000,2360878000,1286080000,755477000,199529000,0,0,63341000,0,92662000,5992000,580714000,None,None,None,2739366000,814930000,None,1286080000,0,783014000,961346000,0,580714000,0,0,0,0,0,0,None,None,None,2739366000,None,961346000,63341000,1780164000,None,None,None,None,3646958000,5992000,None,114000000,USD,None,94776000,-114460000,42326000,-64668000,-190010000,-574000,None,100098000,426000,304896000,26665000,88352000,-24810000,-99958000,0,0,26259000,156786000,-31254000,None,426000,84.24,80.93
18,2015-12-31,USD,1621015000,468227000,959895000,661120000,192979000,116745000,0,0,188604000,0,379854000,86000,192893000,88373000,4375000,None,None,None,0,0,0,71859000,-25491000,0,116745000,116745000,None,USD,3636567000,0,None,176068000,2336215000,1300352000,740220000,192085000,1671000,2885843000,58552000,0,75871000,5566000,532417000,998003000,998003000,None,2701329000,859367000,None,1300352000,0,730413000,1005026000,23191000,532417000,0,0,1671000,0,2885843000,-1855890000,None,None,None,2701329000,None,1005026000,58552000,1803798000,None,None,None,268728000,3636567000,5566000,None,113947780,USD,None,-88317000,-125777000,37571000,25249000,-50547000,-2156000,-29580000,116745000,24000,176348000,-53326000,88374000,-24069000,-49571000,0,8011000,96016000,163348000,16856000,None,24000,73.36,84.24
19,2015-09-30,USD,1586494000,452718000,939930000,646564000,193846000,115139000,0,0,186008000,0,366517000,None,193846000,86201000,7838000,None,None,None,0,0,0,70869000,0,0,115139000,115139000,None,USD,3519264000,0,None,91231000,2270077000,1249187000,673030000,188377000,0,0,59646000,0,80584000,5542000,544048000,None,None,None,2670509000,768171000,None,1249187000,0,751982000,993353000,0,544048000,0,0,0,0,0,0,None,None,None,2670509000,None,993353000,59646000,1726029000,None,None,None,None,3519264000,5542000,None,116000000,USD,None,16816000,-131412000,48681000,99417000,-112055000,-10560000,None,115139000,-44000,243423000,20627000,86201000,-24350000,-176562000,0,0,10797000,180093000,-6157000,None,-44000,71.4,73.36
