,fiscalDateEnding,reportedCurrency_x,totalRevenue,totalOperatingExpense,costOfRevenue,grossProfit,ebit,netIncome_x,researchAndDevelopment,effectOfAccountingCharges,incomeBeforeTax,minorityInterest,sellingGeneralAdministrative,otherNonOperatingIncome,operatingIncome,otherOperatingExpense,interestExpense,taxProvision,interestIncome,netInterestIncome,extraordinaryItems,nonRecurring,otherItems,incomeTaxExpense,totalOtherIncomeExpense,discontinuedOperations,netIncomeFromContinuingOperations,netIncomeApplicableToCommonShares,preferredStockAndOtherAdjustments,reportedCurrency_y,totalAssets,intangibleAssets,earningAssets,otherCurrentAssets,totalLiabilities,totalShareholderEquity,deferredLongTermLiabilities,otherCurrentLiabilities,commonStock,retainedEarnings,otherLiabilities,goodwill,otherAssets,cash,totalCurrentLiabilities,shortTermDebt,currentLongTermDebt,otherShareholderEquity,propertyPlantEquipment,totalCurrentAssets,longTermInvestments,netTangibleAssets,shortTermInvestments,netReceivables,longTermDebt,inventory,accountsPayable,totalPermanentEquity,additionalPaidInCapital,commonStockTotalEquity,preferredStockTotalEquity,retainedEarningsTotalEquity,treasuryStock,accumulatedAmortization,otherNonCurrrentAssets,deferredLongTermAssetCharges,totalNonCurrentAssets,capitalLeaseObligations,totalLongTermDebt,otherNonCurrentLiabilities,totalNonCurrentLiabilities,negativeGoodwill,warrants,preferredStockRedeemable,capitalSurplus,liabilitiesAndShareholderEquity,cashAndShortTermInvestments,accumulatedDepreciation,commonStockSharesOutstanding,reportedCurrency,investments,changeInLiabilities,cashflowFromInvestment,otherCashflowFromInvestment,netBorrowings,cashflowFromFinancing,otherCashflowFromFinancing,changeInOperatingActivities,netIncome_y,changeInCash,operatingCashflow,otherOperatingCashflow,depreciation,dividendPayout,stockSaleAndPurchase,changeInInventory,changeInAccountReceivables,changeInNetIncome,capitalExpenditures,changeInReceivables,changeInExchangeRate,changeInCashAndCashEquivalents,clossingVal,nextClossingVal
0,2020-06-30,USD,204199000,189156000,163457000,40742000,18889000,10257000,None,None,14006000,None,25699000,None,15043000,None,470000,3749000,None,-470000,None,None,None,3749000,-567000,None,10257000,10257000,None,USD,407457000,12125000,None,None,169219000,238238000,None,None,115000,124058000,39331000,9650000,18663000,1535000,112168000,None,34334000,-8630000,128148000,238871000,None,216463000,None,56953000,14730000,172068000,36323000,None,None,None,None,None,None,None,11875000,None,168586000,2990000,None,7758000,57051000,None,None,None,None,None,None,None,None,USD,-3516000,-18801000,-3516000,946000,-13076000,-24593000,50345000,1464000,10257000,542000,28651000,None,4413000,-11472000,None,16446000,10211000,1546000,4462000,None,None,None,85.33,
1,2020-03-31,USD,211624000,23408000,168819000,42805000,18523000,13466000,None,None,17944000,None,23408000,-874000,19397000,None,579000,4478000,None,-579000,None,None,None,4478000,-566000,None,13466000,13466000,None,USD,430694000,12704000,None,5249000,187426000,243383000,None,2091000,115000,125273000,33288000,9650000,15940000,993000,135209000,44372000,46463000,-4529000,124964000,262798000,None,220914000,None,68042000,15670000,188514000,88746000,None,None,115000,None,125273000,-1204000,None,14605000,5973000,167896000,3259000,15670000,36547000,52217000,None,None,None,123613000,430694000,993000,-237171000,12000000,USD,-4385000,-7339000,-4385000,-290000,23381000,23308000,-73000,8355000,13466000,-400000,-19323000,967000,4296000,0,None,-16174000,-14512000,-27000,4095000,-14512000,None,-400000,89.4,85.33
2,2019-12-31,USD,246423000,25514000,196443000,49980000,23625000,17461000,None,None,23190000,None,25514000,-841000,24466000,None,435000,5729000,None,-435000,None,None,None,5729000,-567000,None,17461000,17461000,None,USD,399703000,13282000,None,5992000,170787000,229031000,None,1349000,115000,111807000,32998000,9650000,14740000,1393000,117736000,20605000,21954000,-4786000,124830000,232378000,None,205984000,None,52653000,16597000,172340000,95782000,None,None,115000,None,111807000,-1204000,None,13947000,5616000,167325000,3456000,16597000,36454000,53051000,None,None,None,122984000,399703000,1393000,-233825000,12000000,USD,-3046000,16357000,-3046000,301000,-4557000,-28265000,-761000,1586000,17461000,506000,31817000,-419000,4813000,-22947000,None,-15887000,7819000,1673000,3347000,7819000,None,506000,91.28,89.4
3,2019-09-30,USD,217846000,23186000,175598000,42248000,18092000,12926000,None,None,17571000,None,23186000,-970000,19062000,None,521000,4645000,None,-521000,None,None,None,4645000,-566000,None,12926000,12926000,None,USD,393222000,13954000,None,5291000,159172000,234165000,None,1302000,115000,117293000,32839000,9650000,15306000,887000,104407000,23427000,24729000,-5044000,126037000,223105000,None,210446000,None,60474000,18152000,156453000,79678000,None,None,115000,None,117293000,-1204000,None,14504000,5972000,170117000,3774000,18152000,36613000,54765000,None,None,None,122890000,393222000,887000,-231944000,12000000,USD,-3102000,2525000,-3102000,16000,14251000,-20070000,-218000,-10313000,12926000,-704000,22468000,656000,4412000,-34321000,None,571000,497000,881000,3118000,497000,None,-704000,96.6,91.28
4,2019-06-30,USD,216762000,27194000,173144000,43618000,15739000,11265000,None,None,15144000,None,27194000,-685000,16424000,None,595000,3879000,None,-595000,None,None,None,3879000,-487000,None,11265000,11265000,None,USD,391304000,14626000,None,5754000,136749000,254670000,None,901000,115000,137712000,32462000,9650000,15505000,1591000,83906000,7338000,8239000,-4325000,126183000,225340000,None,230279000,None,60971000,20381000,157024000,75667000,None,None,115000,None,137712000,-1204000,None,9782000,5723000,165964000,None,20381000,32462000,52843000,None,None,None,122257000,391304000,1591000,-228778000,12000000,USD,-2766000,6856000,-2766000,229000,-37375000,-37375000,22803137,7400000,11265000,501000,40642000,-150000,4298000,0,None,21885000,-3316000,-196000,2995000,-3316000,None,501000,79.69,96.6
5,2019-03-31,USD,201834000,23407000,163019000,38815000,14597000,10331000,None,None,13809000,None,23407000,-811000,15408000,None,788000,3478000,None,-788000,None,None,None,3478000,-487000,None,10331000,10331000,None,USD,409749000,15298000,None,6168000,165331000,244533000,None,1722000,115000,126447000,29096000,9650000,12965000,1090000,114368000,42396000,44118000,-2590000,127901000,243935000,None,219470000,None,57768000,21867000,178909000,70250000,None,None,115000,None,126447000,-1204000,None,8412000,4553000,165814000,None,21867000,29096000,50963000,None,None,None,121650000,409749000,1090000,-225626000,12000000,USD,-2525000,-19744000,-2525000,188000,6585000,6581000,-4000,6786000,10331000,-1493000,-5549000,1759000,4212000,-29074000,None,-7201000,4722000,372000,2713000,4722000,None,-1493000,71.87,79.69
6,2018-12-31,USD,253317000,26243000,210434000,42883000,15876000,11264000,0,None,15078000,None,26243000,-764000,16640000,None,798000,None,None,None,None,None,None,3814000,-798000,None,11264000,11264000,None,USD,411429000,15970000,None,6943000,178056000,233488000,None,3887000,115000,116116000,28834000,9650000,13334000,2583000,125515000,31795000,7254000,-2787000,128661000,243814000,None,207753000,None,62580000,23707000,171708000,89833000,None,None,115000,None,116116000,-1204000,None,8743000,4591000,167615000,None,23707000,28834000,52541000,None,None,None,121133000,411429000,2583000,-222976000,11000000,USD,None,11132000,-4555000,58000,-26433000,-26768000,-335000,-1978000,11264000,1368000,32691000,-1887000,4367000,-22803140,None,9323000,-3495000,1987000,4613000,-3495000,None,1368000,55.66,71.87
7,2018-09-30,USD,204288000,22902000,171334000,32954000,9276000,6606000,0,None,8397000,None,22902000,-776000,10052000,None,879000,None,None,None,None,None,None,1791000,-879000,None,6606000,6606000,None,USD,415427000,16812000,None,4190000,194080000,221462000,0,1121000,115000,104852000,28541000,9650000,14746000,1215000,140002000,59153000,7212000,-2984000,128896000,245323000,None,194885000,0,58887000,25537000,181031000,79728000,0,0,115000,0,104852000,-1204000,None,9102000,5644000,170104000,None,25537000,28541000,54078000,None,None,None,120568000,415427000,1215000,-220376000,11000000,USD,None,3641000,-4768000,-14000,17933000,-11141000,22803140,3413000,6606000,-234000,15675000,1374000,4168000,-29074000,0,-6669000,6536000,19000,4754000,6536000,None,-234000,71.38,55.66
8,2018-06-30,USD,211505000,22492000,178592000,32913000,9714000,5601000,701000,0,8841000,0,22492000,-707000,10421000,-888595000,873000,None,None,None,0,0,0,3240000,604000,0,5601000,5322000,None,USD,415773000,17654000,None,6309000,172851000,243037000,0,2062000,115000,127240000,28302000,9650000,15589000,1449000,117193000,38447000,7169000,-3181000,125078000,247802000,None,215618000,0,65426000,27356000,174618000,76684000,0,0,115000,0,127240000,-1204000,None,10565000,5024000,167971000,None,27356000,28302000,55658000,None,None,None,119952000,415773000,1449000,-217689000,11000000,USD,None,10729000,-4115000,54000,-28538000,-28538000,22803140,754000,5601000,436000,33089000,1763000,4199000,-29074000,0,10264000,-297000,830000,4169000,-297000,None,436000,74.45,71.38
9,2018-03-31,USD,203181000,19083000,169995000,33186000,13282000,8631000,0,0,12278000,0,19083000,-821000,14103000,0,1004000,None,None,None,0,0,0,3647000,-1496000,0,8631000,8631000,None,USD,426203000,18499000,None,7395000,190170000,236033000,0,3520000,115000,121639000,28622000,9650000,14425000,1013000,132384000,63707000,7128000,-3853000,125210000,258419000,None,207884000,0,65129000,29164000,184882000,65157000,0,0,115000,0,121639000,-1204000,None,8846000,5579000,167784000,None,29164000,28622000,57786000,None,None,None,119336000,426203000,1013000,-217135000,11000000,USD,None,-32077000,-2050000,44000,25377000,25377000,22803140,4327000,8631000,-2039000,-25366000,3473000,4167000,-29074000,0,-16030000,5224000,1246000,2094000,5224000,None,-2039000,57.87,74.45
10,2017-12-31,USD,259118000,23631000,221238000,37880000,13515000,7756000,0,0,12710000,0,23631000,-734000,14249000,0,805000,None,None,None,0,0,0,4954000,597000,0,7756000,7756000,None,USD,426475000,19341000,None,13457000,200034000,226441000,0,2894000,115000,113008000,28480000,9638000,44015000,3052000,140722000,37274000,7274000,-4063000,126662000,255798000,None,197462000,0,70437000,30832000,168852000,100554000,0,0,115000,0,113008000,-1204000,None,9057000,5979000,170677000,None,30832000,28480000,59312000,None,None,None,118585000,426475000,3052000,-214426000,11000000,USD,None,19732000,-25949000,-21859000,-6231000,-6862000,-631000,-5953000,7756000,2183000,34994000,-3540000,3739000,-28370000,0,-997000,3570000,4734000,4090000,3570000,None,2183000,63.25,57.87
11,2017-09-30,USD,214791000,17504000,179951000,34840000,16222000,10432000,0,0,15441000,0,17504000,-1114000,17336000,0,781000,None,None,None,0,0,0,5009000,-1895000,0,10432000,10711000,-279000,USD,389661000,0,None,4543000,171406000,218255000,0,1484000,114000,105252000,28071000,0,19209000,869000,118985000,39883000,3429000,-4233000,127566000,242886000,None,218255000,0,71576000,24350000,165898000,77618000,0,0,114000,0,105252000,-1204000,None,9541000,9668000,146775000,None,24350000,28071000,52421000,None,None,None,118326000,389661000,869000,-213252000,11000000,USD,None,-264000,-2854000,22000,6685000,-21669000,-631000,-7588000,10432000,-1086000,23437000,38000,3325000,-28370000,16000,16522000,6746000,130000,2876000,-6746000,None,-1086000,67.31,63.25
12,2017-06-30,USD,201591000,22017000,167958000,33633000,11396000,6724000,658000,0,10580000,0,22017000,-220000,11616000,0,816000,None,None,None,0,0,0,3856000,-2586000,0,6724000,7544000,-820000,USD,398059000,0,None,4172000,162591000,235582000,0,932000,114000,123190000,27507000,0,19220000,1955000,109873000,32874000,3418000,-4404000,125462000,253377000,None,235468000,0,64830000,25211000,182420000,76067000,0,0,114000,0,123190000,-1204000,None,10125000,9095000,144682000,None,25211000,27507000,52718000,None,None,None,117772000,398059000,1955000,-210606000,11000000,USD,None,14266000,-2415000,242000,-34791000,-34791000,None,1998000,6724000,107000,37313000,1009000,3650000,-56464000,0,18978000,13243000,-1886000,2657000,-5428000,None,107000,63.11,67.31
13,2017-03-31,USD,173376000,17996000,144950000,28426000,10063000,6336000,0,0,9199000,0,17996000,-367000,10430000,0,864000,None,None,None,0,0,0,2863000,-449000,0,6336000,6336000,None,USD,412317000,233000,None,4625000,185519000,226798000,0,2979000,114000,116466000,29256000,0,17810000,1848000,130194000,64745000,64745000,-5810000,127234000,267273000,None,226565000,0,59402000,26069000,201398000,62470000,0,0,114000,0,116466000,-1204000,None,9683000,7894000,145044000,None,26069000,29256000,55325000,None,None,None,117232000,412317000,1848000,-209864000,11000000,USD,None,-48783000,-1504000,52000,48376000,48396000,-631000,2822000,6336000,-183000,-47075000,2822000,3936000,-56464000,20000,-18745000,18671000,755000,1556000,6604000,None,-183000,73.19,63.11
14,2016-12-31,USD,249375000,23647000,205986000,43389000,19443000,12885000,0,0,18835000,0,23647000,-299000,19742000,0,608000,None,None,None,0,0,0,5950000,1157000,0,12885000,12885000,None,USD,405691000,611000,None,6841000,185990000,219701000,0,2652000,114000,110130000,29227000,0,18811000,2031000,129838000,15824000,15824000,-6015000,129348000,257532000,None,219090000,0,66007000,26925000,182653000,111362000,0,0,114000,0,110130000,-1204000,None,10091000,8109000,148159000,None,26925000,29227000,56152000,None,None,None,116676000,405691000,2031000,-206751000,11000000,USD,None,30308000,-2920000,47000,11068000,-17234000,None,-2423000,12885000,669000,20823000,-2423000,3948000,-28314000,12000,-35457000,12067000,1841000,2967000,9721000,None,669000,70.39,73.19
15,2016-09-30,USD,222293000,19919000,185818000,36475000,16146000,10180000,0,0,15524000,0,19919000,-410000,16556000,0,622000,None,None,None,0,0,0,5344000,-1032000,0,10180000,10180000,None,USD,378895000,990000,None,3819000,144860000,234035000,0,1896000,113000,125559000,28727000,0,20046000,1362000,88354000,4642000,4642000,-6220000,130731000,228118000,None,233045000,0,75741000,27779000,147196000,81816000,0,0,113000,0,125559000,-1204000,None,10001000,9055000,150777000,None,27779000,28727000,56506000,None,None,None,115787000,378895000,1362000,-203782000,11000000,USD,None,14873000,-3704000,1000,-10642000,-38761000,1085000,685000,10180000,-858000,41607000,685000,4025000,-28150000,31000,9377000,2346000,121000,3705000,2346000,None,-858000,51.33,70.39
16,2016-06-30,USD,231538000,21258000,197874000,33664000,12229000,7277000,653000,0,11353000,0,21258000,-177000,12406000,0,876000,None,None,None,0,0,0,4076000,-2282000,0,7277000,7441000,-164000,USD,391406000,1369000,None,5292000,140213000,251306000,0,811000,113000,143573000,28071000,0,19430000,2220000,83259000,15491000,3342000,-6425000,129803000,242173000,None,249824000,0,78088000,28883000,156573000,66957000,0,0,113000,0,143573000,-1204000,None,9471000,8590000,149233000,None,28883000,28071000,56954000,None,None,None,115136000,391406000,2220000,-200416000,11000000,USD,None,-9031000,-2371000,52000,-46646000,-46577000,70000,726000,7277000,-703000,48245000,2363000,4223000,-22486000,-1000,50746000,-2436000,-745000,2423000,-6588000,None,-703000,42.63,51.33
17,2016-03-31,USD,215742000,20119000,190154000,25588000,5156000,3078000,0,0,4259000,0,20119000,-313000,5469000,0,897000,None,None,None,0,0,0,1181000,-60000,0,3078000,3231000,-153000,USD,442481000,1798000,None,11310000,197262000,245219000,0,3561000,113000,136296000,24408000,0,17669000,2923000,143116000,58532000,None,-4374000,131760000,293052000,None,243421000,0,71500000,29738000,207319000,81023000,0,0,113000,0,136296000,-1204000,None,9710000,6161000,149429000,None,29738000,24408000,54146000,None,None,None,114388000,442481000,2923000,-198747000,11000000,USD,None,-27639000,-2164000,44000,42574000,42929000,230000,None,3078000,-103000,-40868000,363000,4133000,-22486000,125000,-22040000,4152000,672000,2208000,565000,None,-103000,69.09,42.63
18,2015-12-31,USD,279002000,25319000,233991000,45011000,19346000,12050000,0,0,18542000,0,25319000,-346000,19692000,0,804000,None,None,None,0,0,0,6492000,287000,0,12050000,12204000,-154000,USD,418793000,2225000,None,6965000,177678000,241115000,0,1344000,113000,133218000,24682000,0,18397000,3026000,122406000,17323000,None,-4527000,133061000,267335000,None,238890000,0,72065000,30590000,185279000,103739000,0,0,113000,0,133218000,-1204000,None,9961000,6211000,151458000,None,30590000,24682000,55272000,None,None,None,113515000,418793000,3026000,-195565000,11000000,USD,None,15261000,-2751000,34000,-14919000,-36747000,645000,None,12050000,1413000,40911000,-1477000,4162000,-22486000,13000,2642000,3587000,2563000,2785000,5710000,None,1413000,54.03,69.09
19,2015-09-30,USD,225777000,19460000,192572000,33205000,13223000,7990000,0,0,12308000,0,19460000,-522000,13745000,0,915000,None,None,None,0,0,0,4318000,-1437000,0,7990000,8143000,-153000,USD,426469000,2652000,None,3610000,176556000,249913000,0,1379000,112000,143654000,24449000,0,16489000,1613000,120666000,31356000,None,-4681000,134814000,275166000,None,247261000,0,82022000,31441000,187921000,87931000,0,0,112000,0,143654000,-1204000,None,10180000,3657000,151303000,None,31441000,24449000,55890000,None,None,None,112032000,426469000,1613000,-192489000,11000000,USD,None,19456000,-7639000,-37000,-33680000,-33654000,8000,None,7990000,-333000,40960000,1273000,4067000,0,18000,10076000,2123000,221000,7602000,-2123000,None,-333000,51.26,54.03
