,fiscalDateEnding,reportedCurrency_x,totalRevenue,totalOperatingExpense,costOfRevenue,grossProfit,ebit,netIncome_x,researchAndDevelopment,effectOfAccountingCharges,incomeBeforeTax,minorityInterest,sellingGeneralAdministrative,otherNonOperatingIncome,operatingIncome,otherOperatingExpense,interestExpense,taxProvision,interestIncome,netInterestIncome,extraordinaryItems,nonRecurring,otherItems,incomeTaxExpense,totalOtherIncomeExpense,discontinuedOperations,netIncomeFromContinuingOperations,netIncomeApplicableToCommonShares,preferredStockAndOtherAdjustments,reportedCurrency_y,totalAssets,intangibleAssets,earningAssets,otherCurrentAssets,totalLiabilities,totalShareholderEquity,deferredLongTermLiabilities,otherCurrentLiabilities,commonStock,retainedEarnings,otherLiabilities,goodwill,otherAssets,cash,totalCurrentLiabilities,shortTermDebt,currentLongTermDebt,otherShareholderEquity,propertyPlantEquipment,totalCurrentAssets,longTermInvestments,netTangibleAssets,shortTermInvestments,netReceivables,longTermDebt,inventory,accountsPayable,totalPermanentEquity,additionalPaidInCapital,commonStockTotalEquity,preferredStockTotalEquity,retainedEarningsTotalEquity,treasuryStock,accumulatedAmortization,otherNonCurrrentAssets,deferredLongTermAssetCharges,totalNonCurrentAssets,capitalLeaseObligations,totalLongTermDebt,otherNonCurrentLiabilities,totalNonCurrentLiabilities,negativeGoodwill,warrants,preferredStockRedeemable,capitalSurplus,liabilitiesAndShareholderEquity,cashAndShortTermInvestments,accumulatedDepreciation,commonStockSharesOutstanding,reportedCurrency,investments,changeInLiabilities,cashflowFromInvestment,otherCashflowFromInvestment,netBorrowings,cashflowFromFinancing,otherCashflowFromFinancing,changeInOperatingActivities,netIncome_y,changeInCash,operatingCashflow,otherOperatingCashflow,depreciation,dividendPayout,stockSaleAndPurchase,changeInInventory,changeInAccountReceivables,changeInNetIncome,capitalExpenditures,changeInReceivables,changeInExchangeRate,changeInCashAndCashEquivalents,clossingVal,nextClossingVal
0,2020-06-30,USD,9627952,10879791,6147904,3480048,-1139385,-1935521,None,None,-1367222,None,4731887,None,-1251839,5126253,9498,-446,None,-9498,None,None,None,-446,-105885,-568745,-1366776,-1935521,None,USD,57350863,3190000,None,879127,10386684,46964179,None,None,467573,3830132,211238,410918,207439,20546013,9881136,None,None,-828572,8416818,43871833,1253855,43363261,3748313,8189950,None,9941657,4639862,None,None,None,None,None,None,None,207439,None,13479030,494303,None,None,505548,None,None,None,None,None,None,None,None,USD,2542377,1905830,2542377,-117839,None,-170937,None,408572,-1935521,-15453,-2378127,None,218339,-186237,-10139,-1744016,-1441083,219803,32323,None,None,None,5.07,
1,2020-03-31,USD,9162742,4960890,5425595,3737147,-803583,1504633,None,None,-813176,None,4960890,420160,-1223743,5126253,9593,-4457,102170,-9593,2313350,None,None,-4457,420160,2313352,-808719,1504633,None,USD,56838766,None,None,1195961,7876064,48962702,67175,113022,467347,5957796,67175,None,None,21041110,7600058,None,None,-844219,7951593,48192240,355000,48962702,11299604,6565654,None,8089911,7487036,None,None,467347,None,5957796,None,None,694933,None,8646526,321853,None,208831,276006,None,None,None,43381778,56838766,32340714,None,9346966,USD,-1969405,-2211317,6503857,8530179,None,-274065,24226,-1159464,1504633,6470422,240630,-1552398,211461,-189505,-108786,371202,3641383,-219701,56917,3641383,None,6470422,4.46,5.07
2,2019-12-31,USD,559829,3849412,-1753465,2313294,-4470437,1717899,None,None,-4480143,None,3849412,-2934319,-1536118,5846015,9706,20388,45250,-9706,None,None,None,20388,-2934319,6218430,-4500531,1717899,None,USD,59150712,None,None,6571133,11758430,47392282,164348,1309153,462637,4649395,164348,None,892904,14607510,11350044,None,None,-697664,8238089,49401810,250000,47392282,9449650,10242405,None,8531112,10040891,None,None,462637,None,4649395,None,None,1510813,None,9748902,359973,None,244038,408386,None,None,None,42977914,59150712,24057160,None,9252749,USD,-4198169,457246,-4296266,-15897,None,-851662,756896,-1159464,1717899,-725506,4422422,6730315,-55887,-186310,-1422248,-40177,-1053281,3135356,82200,-1053281,None,-725506,6.17,4.46
3,2019-09-30,USD,18222980,6108756,10485429,7737551,1730427,1737859,None,None,1720731,None,6108756,101632,1628795,5846015,9696,-17128,98650,-9696,None,None,None,-17128,101632,505119,1737859,1737859,None,USD,57707450,None,None,1650601,11451039,46256411,90642,109354,465441,3435845,90642,None,19068,15299190,11095205,None,None,-833900,9303323,47989485,None,46256411,5502752,12950442,None,12586500,10985851,None,None,465441,None,3435845,None,None,414642,None,9717965,374546,None,265192,355834,None,None,None,43189025,57707450,20801942,None,9308820,USD,-1502703,2238000,-1582494,3500,None,-274652,-88344,1258220,1737859,1551269,3408415,35056,333583,-186308,-41490,1023061,-2053510,94366,83291,-2053510,None,1551269,4.57,6.17
4,2019-06-30,USD,15400076,5972100,9692074,5708002,2789210,2773178,None,None,2779616,None,5972100,3053308,-264098,5846015,9594,6438,67150,-9594,None,None,None,6438,3053308,505119,2773178,2773178,None,USD,54075694,None,None,1690939,9302251,44773443,78941,94316,465829,1901373,78941,None,19068,13778116,8909620,None,None,-769938,9607354,44026337,None,44773443,4000974,10907395,None,13648913,8815304,None,None,465829,None,1901373,None,None,442003,None,10049357,408006,None,313690,392631,None,None,None,43176179,54075694,17779090,None,9316576,USD,-4000571,-763758,874087,4907853,None,-164825,21349,1009874,2773178,4300473,3591211,1118787,333538,-186174,46860,637422,2349710,-2857666,33195,2349710,None,4300473,3.01,4.57
5,2019-03-31,USD,16723294,6246330,10296329,6426965,224590,240113,None,None,215146,None,6246330,43955,180635,5846015,9444,-3970,35450,-9444,1032010,None,None,-24967,43955,1032009,240113,240113,None,USD,52191121,2000,None,2818280,10089856,42101265,40551,89435,465426,-677819,40551,None,871670,9490706,9701285,89435,89435,-722675,9933199,40934261,None,42101265,None,13272257,348020,15353018,9611850,None,None,465426,None,-677819,None,None,1323661,None,11256860,437455,None,348020,388571,None,None,None,43036333,52191121,9490706,None,9308520,USD,-217302,-1798899,-217302,9000,None,-158975,25509,-1723877,240113,-1567189,-1190912,-1112223,421563,-184484,25510,849494,138418,70622,226302,138418,None,-1567189,2.65,3.01
6,2018-12-31,USD,18659109,7162890,11756138,6902971,-324708,-745648,3786000,0,-334289,0,6799214,-64789,-259919,6799215,9581,404390,None,None,-1860730,363676,0,411359,-512416,0,-745648,-745648,None,USD,53321164,4765,None,1702008,11668037,41653127,None,778541,457922,-734001,28267,None,19068,11056426,11639770,None,None,-751293,10962239,42335092,None,41653127,None,13401042,None,16175616,11639770,None,None,457922,None,-734001,None,None,23833,None,10986072,None,None,28267,28267,None,None,None,42680499,53321164,11056426,None,9158438,USD,2618978,2202858,2555169,5575570,None,-342030,23971,146179,-745649,2456697,243558,123224,519397,-366001,75700,-67617,-1942684,154029,63809,-1942684,None,2456697,2.03,2.65
7,2018-09-30,USD,15291993,6842348,10051419,5240574,-1537283,-1544732,0,0,-1546869,0,6842348,64491,-1601774,6799215,9586,None,None,None,0,0,0,-2137,54905,0,-1544732,-1544732,None,USD,52256280,7784,None,1828310,9682165,42574115,0,1012783,457494,193408,None,0,38136,8632794,9682165,None,None,-699236,11552470,40657890,None,42574115,2618322,11448146,0,16130318,9682165,0,0,457494,0,193408,0,None,45920,None,11598390,None,None,None,None,None,None,None,42622449,52256280,11251116,None,9149877,USD,3489707,-849931,3396662,-5500,None,-338145,27568,712976,-1544732,573230,-2485287,-123743,522895,-365713,0,-577115,34761,52578,87545,34761,None,573230,2.8,2.03
8,2018-06-30,USD,15038159,6707289,11053074,3985085,-2643553,-2641510,0,0,-2653035,0,6707289,78651,-2722204,6799215,9482,None,None,None,0,0,0,-11525,69169,0,-2641510,-2641510,None,USD,54938744,10761,None,1705725,10514668,44424076,0,1002222,457132,2104414,None,0,38136,8066304,10514668,None,None,-686282,11972989,42916858,None,44424076,6105626,11473993,0,15565210,10514668,0,0,457132,0,2104414,0,None,48897,None,12021886,None,None,None,None,None,None,None,42548812,54938744,14171930,None,9142649,USD,-82689,354922,-420845,10250,None,-347600,22819,155236,-2641509,-3488962,-2720517,133076,541044,-370419,0,-1385867,242131,35686,348406,242131,None,-3488962,3.81,2.8
9,2018-03-31,USD,16773685,7152840,11595066,5178619,-1842569,-1859845,0,0,-1852275,0,7152840,131652,-1974221,6799215,9706,None,None,None,0,0,0,7570,121946,0,-1859845,-1859845,None,USD,57735514,14557,None,1848821,10250293,47485221,0,1028545,456149,5113019,31401,0,38136,11592110,10218892,None,None,-585717,12233152,45449669,None,47485221,6018503,11761183,0,14229052,10218892,0,0,456149,0,5113019,0,None,52693,None,12285845,None,None,31401,31401,None,None,None,42501770,57735514,17610613,None,9122986,USD,-484191,1740653,-719045,29013,None,-389396,1342,716072,-1859845,-868927,239514,-538961,631512,-390738,0,-218697,427806,57046,263867,427806,None,-868927,3.7696,3.81
10,2017-12-31,USD,19041638,7141193,13485011,5556627,-1655308,-1697408,3639000,0,-1664897,0,7182513,-70742,-1584566,27501367,9589,None,None,None,0,-41320,0,32511,-4019528,0,-1697408,-1697408,None,USD,58146261,17000,None,1304366,8975534,49170727,0,4405000,448685,7328671,15000,0,55000,12453663,8960390,None,None,-613379,12624730,45466418,None,49170727,5540744,12183217,0,13984428,8960390,0,0,448685,0,7328671,0,None,55113,None,12679843,None,None,15144,15144,None,None,None,42006750,58146261,17994407,None,8973708,USD,-4817012,-1195985,-5201241,-478,None,-338749,22823,794565,-1697408,-4618435,921555,357013,696797,-361572,0,1035944,2393000,96939,383751,1628255,5613,-4612822,3.56,3.7696
11,2017-09-30,USD,20412439,7957554,17108532,3303907,-4588556,-4522015,0,0,-4631355,0,7161323,65091,-4653647,0,42799,None,None,None,0,796231,0,-109340,73886,0,-4522015,-4522015,None,USD,61260334,19000,None,1659996,10157482,51102852,0,4728000,448176,9386374,38000,0,20000,17066485,10119546,None,None,-626124,12963718,48276813,None,51102852,725112,13807564,0,15017656,10119546,0,0,448176,0,9386374,0,None,19803,None,12983521,None,None,37936,37936,None,None,None,41894426,61260334,17791597,None,8963516,USD,719204,-1559484,614928,146966,None,-330930,27963,-242955,-4522015,-2056152,-2340150,188634,767279,-358893,0,3273840,765000,560220,251242,-1048624,10551,-2045601,4.255,3.56
12,2017-06-30,USD,22068462,10077428,16057822,6010640,-4108901,-4090697,0,0,-4118382,0,7318047,-42113,-4066788,0,9481,None,None,None,0,2759381,0,-27685,-65921,0,-4090697,-4090697,None,USD,67642191,18000,None,1573355,11798215,55843976,0,5149000,447817,14267533,165000,0,291000,19112086,11633335,None,None,-657392,14197023,53154433,None,55843976,1444556,12750055,0,18274381,11633335,0,0,447817,0,14267533,0,None,290735,None,14487758,None,None,164880,164880,None,None,None,41786018,67642191,20556642,None,8956343,USD,922620,1252960,895728,73400,None,-345185,24260,650661,-4090697,3924844,3374301,923937,849025,-369445,0,1657211,1814000,1748669,100292,1033196,15981,3940825,4.33,4.255
13,2017-03-31,USD,20800079,7424893,14835014,5965065,-1435942,-1515512,0,0,-1445501,0,7037255,23886,-1459828,0,9559,None,None,None,0,387638,0,70011,14327,0,-1515512,-1515512,None,USD,70509866,1836000,None,2415532,10419996,60089870,62414,4665000,446882,18726976,139000,1463000,1996000,15171261,10219174,None,None,-693433,14872364,53641962,None,60089870,2368339,13776287,0,19910543,10219174,0,0,446882,0,18726976,0,None,1995540,None,16867904,None,None,138408,200822,None,None,None,41609445,70509866,17539600,None,8937640,USD,3435154,-900826,3397072,0,None,-346389,21999,494578,-1515512,4744897,1694214,34798,873357,-368388,0,2301681,780000,120233,38082,780483,-16910,4727987,4.4,4.33
14,2016-12-31,USD,22758408,7635653,17012226,5746182,-1799027,-1838614,5366000,0,-1824281,0,7635653,90444,-1889471,27501367,25254,None,None,None,0,3901930,0,14333,832843,0,-1838614,-1838614,None,USD,73177016,1653000,None,2367450,11544324,61632692,52998,4415000,443869,20596203,123000,1463000,2085000,10443274,11368163,None,None,-686661,15719403,55373093,None,61632692,5805276,14552191,0,22204902,11368163,0,0,443869,0,20596203,0,None,2084520,None,17803923,None,None,123163,176161,None,None,None,41279281,73177016,16248550,None,8877379,USD,3732610,-1113104,3338131,2265,-103603,-255091,103860,-326745,-1838612,7240406,4157366,1919979,928820,-358951,0,2330182,3249000,124560,396744,1805541,-30522,7209884,4.63,4.4
15,2016-09-30,USD,25616640,7866009,18926042,6690598,-1216240,-1263769,0,0,-1260468,0,7866009,-40829,-1175411,0,44228,None,None,None,0,0,0,3301,-116467,0,-1263769,-1263769,None,USD,76471515,1676000,None,4280766,12711405,63760110,50371,6918,443120,22792222,132000,1463000,2914000,3233390,12529786,None,None,-610054,16294720,57263107,None,63760110,8815960,16372514,0,24560477,12522868,0,0,443120,0,22792222,0,None,2913688,None,19208408,None,None,131248,181619,None,None,None,41134822,76471515,12049350,None,8862408,USD,509161,-3691171,-105451,3481,-3100000,-4503584,21062,None,-1263770,-5049233,-440198,570658,920341,-1424646,0,2195687,1444000,15354,618093,812703,28167,-5021066,4.76,4.63
16,2016-06-30,USD,26311442,10047201,18935699,7375743,-2598974,-2544498,0,0,-2640048,0,10047201,72484,-2671458,0,41074,None,None,None,0,0,0,-95550,3443003,0,-2544498,-2544498,None,USD,85946384,1697000,None,4761596,20676031,65270353,40926,122005,442462,24392000,183000,1462000,3736000,8254456,20451820,3100000,None,-622789,16615954,65594145,None,65270353,8605825,17195626,0,26776642,17229815,0,0,442462,0,24392000,0,None,3736285,None,20352239,None,None,183285,224211,None,None,None,41058680,85946384,16860281,None,8849236,USD,247538,3683043,-216682,0,1600000,175106,1170,None,-2544499,931999,973575,-624916,943437,-1426064,0,-1888512,631000,139995,464220,1265027,-136859,795140,6.97,4.76
17,2016-03-31,USD,24666444,5489225,17897426,6769018,-2122730,-2466667,0,0,-2131801,0,9637061,-3402523,1279793,-4147836,9071,None,None,None,0,0,0,4482702,-3411594,0,-6614503,-2466667,None,USD,84714020,1740000,None,4012408,15466599,69247421,31482,142234,441643,28370965,149000,1463000,4777000,7459316,15286729,1500000,None,-452249,17131316,62806455,None,69247421,7931517,18479882,0,24923332,13644495,0,0,441643,0,28370965,0,None,4776249,None,21907565,None,None,148388,179870,None,None,None,40887062,84714020,15390833,None,8832854,USD,1257324,-652093,1419468,969114,1396397,-315689,-293345,None,-2466667,-2371603,-3475382,-172014,890411,-1418741,0,45478,633822,-486675,806970,-633822,18182,-2353421,7.35,6.97
18,2015-12-31,USD,27680761,11224873,19984241,7696520,-3485740,-5740620,8291000,0,-3504085,0,11224873,42613,-3528353,27501367,18345,None,None,None,0,3901930,0,752,-1201035,0,-3504837,-5740620,None,USD,87916230,1770000,None,4013574,15731539,72184691,61453,442234,437727,32284061,229000,1463000,8559000,9812737,15441452,103603,103603,-666382,17468420,61889746,6293505,72184691,5228668,17849207,0,24985560,14895615,0,0,437727,0,32284061,0,None,8558064,None,26026484,None,None,228634,290087,None,None,None,40129285,87916230,15041405,None,8754550,USD,1199758,408269,589667,1453,-4034421,-5476015,-93554,-344778,-5740616,1870925,6757273,1780483,836343,-1400949,52909,919903,-3979435,3377175,611544,5175716,-85829,1785096,7.77,7.35
19,2015-09-30,USD,32246166,9992444,21822331,10423835,542126,1283954,0,0,514298,0,9992444,110735,431391,0,27828,None,None,None,0,0,0,-757671,139967,0,1271969,1283954,None,USD,98610970,1802000,None,5459026,19606484,79004486,631819,434286,437360,39437485,136000,1463000,12812000,8027641,18838735,4138024,None,-841801,17577043,68222415,None,79004486,2685691,26129484,0,25920573,14266425,0,0,437360,0,39437485,0,None,12811512,None,30388555,None,None,135930,767749,None,None,None,39971442,98610970,10713332,None,8747201,USD,717489,748085,623262,33530,667849,-684099,2443,None,1283952,143752,204589,-202292,842984,-1400932,46541,3379881,9155151,-168590,127757,-5679431,-88518,55234,8.34,7.77
