,fiscalDateEnding,reportedCurrency_x,totalRevenue,totalOperatingExpense,costOfRevenue,grossProfit,ebit,netIncome_x,researchAndDevelopment,effectOfAccountingCharges,incomeBeforeTax,minorityInterest,sellingGeneralAdministrative,otherNonOperatingIncome,operatingIncome,otherOperatingExpense,interestExpense,taxProvision,interestIncome,netInterestIncome,extraordinaryItems,nonRecurring,otherItems,incomeTaxExpense,totalOtherIncomeExpense,discontinuedOperations,netIncomeFromContinuingOperations,netIncomeApplicableToCommonShares,preferredStockAndOtherAdjustments,reportedCurrency_y,totalAssets,intangibleAssets,earningAssets,otherCurrentAssets,totalLiabilities,totalShareholderEquity,deferredLongTermLiabilities,otherCurrentLiabilities,commonStock,retainedEarnings,otherLiabilities,goodwill,otherAssets,cash,totalCurrentLiabilities,shortTermDebt,currentLongTermDebt,otherShareholderEquity,propertyPlantEquipment,totalCurrentAssets,longTermInvestments,netTangibleAssets,shortTermInvestments,netReceivables,longTermDebt,inventory,accountsPayable,totalPermanentEquity,additionalPaidInCapital,commonStockTotalEquity,preferredStockTotalEquity,retainedEarningsTotalEquity,treasuryStock,accumulatedAmortization,otherNonCurrrentAssets,deferredLongTermAssetCharges,totalNonCurrentAssets,capitalLeaseObligations,totalLongTermDebt,otherNonCurrentLiabilities,totalNonCurrentLiabilities,negativeGoodwill,warrants,preferredStockRedeemable,capitalSurplus,liabilitiesAndShareholderEquity,cashAndShortTermInvestments,accumulatedDepreciation,commonStockSharesOutstanding,reportedCurrency,investments,changeInLiabilities,cashflowFromInvestment,otherCashflowFromInvestment,netBorrowings,cashflowFromFinancing,otherCashflowFromFinancing,changeInOperatingActivities,netIncome_y,changeInCash,operatingCashflow,otherOperatingCashflow,depreciation,dividendPayout,stockSaleAndPurchase,changeInInventory,changeInAccountReceivables,changeInNetIncome,capitalExpenditures,changeInReceivables,changeInExchangeRate,changeInCashAndCashEquivalents,clossingVal,nextClossingVal
0,2020-06-30,USD,410537000,336835000,254835000,155702000,120717000,61345000,29902000,None,76673000,None,52098000,None,73702000,None,211000,15328000,87000,-124000,None,None,None,15328000,None,None,61345000,61345000,None,USD,2428474000,465491000,None,None,878786000,1549688000,113525000,None,1036000,2235320000,327136000,686334000,264168000,213345000,494845000,None,115000,None,337380000,669101000,None,360685000,None,300945000,208000,None,9880000,None,None,None,None,None,None,None,220591000,None,1759373000,None,None,68274000,383941000,None,None,None,None,None,None,None,None,USD,-44506000,165277000,-44506000,None,-55027000,-85742000,None,43803000,61345000,103831000,234079000,None,43833000,-32935000,0,None,None,22334000,44530000,None,None,None,184.03,
1,2020-03-31,USD,429406000,78897000,258571000,170835000,91938000,73855000,28308000,None,91970000,None,47391000,None,91938000,3198000,-32000,18115000,197000,32000,None,None,None,18115000,-3198000,None,73855000,73855000,None,USD,2229419000,466845000,None,151013000,715556000,1513863000,228685000,160317000,1036000,2206910000,305926000,686333000,248954000,109514000,298408000,81000,81000,None,277091000,479650000,None,360685000,None,219123000,55166000,None,138010000,None,None,1036000,None,2206910000,-1181673000,None,213110000,106390000,1472678000,None,55166000,133297000,417148000,None,None,None,487590000,2229419000,109514000,None,77000000,USD,-28005000,-55144000,-28005000,-19200000,54994000,3566000,-703000,771000,73855000,37001000,61440000,-6485000,43735000,-32984000,-17741000,None,None,12836000,8805000,-7357000,None,37001000,155.24,184.03
2,2019-12-31,USD,419119000,76148000,249267000,169852000,93704000,72098000,27187000,None,93894000,None,48961000,None,93704000,None,-190000,21796000,346000,190000,None,None,None,21796000,190000,None,72098000,72098000,None,USD,2187439000,474813000,None,150515000,700693000,1486746000,223737000,215425000,1036000,2166039000,298662000,686332000,246141000,72513000,343154000,None,None,None,278695000,427731000,6000000,325601000,None,204703000,None,None,127729000,None,None,1036000,None,2166039000,-1161334000,None,218564000,101304000,1481013000,None,None,133802000,357539000,None,None,None,481005000,2187439000,72513000,None,77000000,USD,-49970000,-49329000,-49970000,-32313000,54994000,-66157000,-552000,-1857000,72098000,-24166000,91961000,-8425000,42149000,-30731000,-34874000,None,29659000,5809000,17657000,29659000,None,-24166000,145.67,155.24
3,2019-09-30,USD,438005000,74027000,245791000,192214000,118187000,89370000,24591000,None,118539000,None,49436000,None,118187000,None,-352000,29169000,508000,352000,None,None,None,29169000,352000,None,89370000,89370000,None,USD,2225978000,472228000,None,153082000,749318000,1476660000,221962000,266831000,1035000,2124672000,294052000,686030000,232090000,96679000,393078000,None,None,None,274531000,484123000,6000000,318402000,None,234362000,None,None,126247000,None,None,1035000,None,2124672000,-1124269000,None,212253000,96813000,1467324000,None,None,134278000,356240000,None,None,None,475222000,2225978000,96679000,None,77000000,USD,-1150000,-77263000,-75425000,-61174000,54994000,-44576000,-2072000,-48756000,89370000,3051000,123052000,-13486000,42088000,-30771000,-11733000,None,77123000,5220000,13101000,77123000,None,3051000,145.97,145.67
4,2019-06-30,USD,393509000,-490701000,-1606020000,1999529000,80294000,60993000,-167836000,None,79189000,None,-322865000,876000,79418000,None,-747000,18197000,179000,-227000,None,None,None,-132504000,-227000,None,211693000,60993000,None,USD,2184829000,451136000,None,147923000,755816000,1429013000,217010000,339752000,1035000,2066073000,285854000,666944000,219827000,93628000,469962000,None,None,None,272474000,569448000,5000000,310933000,None,327897000,None,None,130210000,None,None,1035000,None,2066073000,-1110124000,None,134743000,90084000,1342907000,None,None,68844000,285854000,None,None,None,472029000,2184829000,93628000,None,77000000,USD,-42608000,213065000,-42608000,-31427000,-35000000,-96921000,-175000,18248000,60993000,58230000,197759000,-6526000,41306000,-30775000,-30971000,None,-119312000,8233000,11181000,-119312000,None,58230000,133.92,145.97
5,2019-03-31,USD,380364000,68329000,235594000,144770000,76441000,59252000,23442000,None,76372000,None,44887000,None,76441000,None,69000,17120000,-69000,-69000,None,None,None,17120000,-69000,None,59252000,59252000,None,USD,2002879000,448673000,None,145175000,576876000,1426003000,212608000,188999000,1035000,2035855000,246011000,666858000,218844000,35398000,330865000,35000000,35000000,None,279948000,388556000,None,310472000,None,207983000,None,None,106866000,None,None,1035000,None,2035855000,-1076536000,None,133639000,85205000,1334375000,None,None,33403000,246011000,None,None,None,465649000,2002879000,35398000,None,77000000,USD,-38374000,-48480000,-38374000,-28925000,35000000,6291000,-313000,-7414000,59252000,9242000,41325000,-9871000,40711000,-30866000,2470000,None,-6028000,5741000,9449000,-6028000,None,9242000,138.74,133.92
6,2018-12-31,USD,386275000,70787000,227284000,158991000,88204000,68089000,23990000,None,88308000,None,46797000,None,88204000,None,-104000,None,None,None,None,None,None,20219000,56000,None,68089000,68089000,None,USD,1971777000,447024000,None,142258000,579822000,1391955000,210489000,240863000,1034000,2007469000,239748000,666770000,211890000,26156000,340074000,None,None,None,283454000,362639000,None,278161000,None,194225000,None,None,99211000,None,None,1034000,None,2007469000,-1076536000,None,129562000,82328000,1325684000,None,None,29259000,239748000,None,None,None,459988000,1971777000,26156000,None,77000000,USD,-1150000,-64527000,-57390000,-48423000,35000000,-76636000,-228000,-7906000,68089000,-88716000,45310000,-16842000,39886000,-57104000,-19304000,None,14855000,3849000,8967000,14855000,None,-88716000,126.52,138.74
7,2018-09-30,USD,392543000,69209000,220112000,172431000,103222000,83551000,24026000,None,103366000,None,45183000,None,103222000,None,-144000,None,None,None,None,None,None,19815000,-195000,None,83551000,83551000,None,USD,2033102000,441798000,None,140261000,664538000,1368564000,209033000,296675000,1034000,1967921000,244312000,649929000,197039000,114872000,420226000,None,None,None,286497000,457839000,None,276837000,0,202706000,0,0,123551000,0,0,1034000,0,1967921000,-1055260000,None,119500000,77539000,1288766000,None,None,35279000,244312000,None,None,None,454869000,2033102000,114872000,None,78000000,USD,None,-47860000,-52263000,-28262000,35000000,-11039000,-13257000,-33204000,83551000,83432000,146734000,-28926000,38730000,-57104000,2218000,0,98708000,2531000,24001000,98708000,None,83432000,160.08,126.52
8,2018-06-30,USD,417229000,-470057000,-1511602000,1928831000,110420000,85280000,-156274000,0,107931000,0,-315677000,1894000,108526000,0,-2670000,None,None,None,0,0,0,-6077000,-4393000,0,114008000,85280000,None,USD,2050303000,441673000,None,123795000,783475000,1266828000,282707000,355538000,1033000,1856917000,295579000,649929000,203315000,31440000,487896000,None,None,None,286850000,468536000,None,175226000,0,313301000,0,0,132358000,0,0,1033000,0,1856917000,-1055260000,None,107775000,95540000,1294917000,None,None,12872000,295579000,None,None,None,464138000,2050303000,31440000,None,78000000,USD,-5000000,162964000,-52771000,-30494000,-105000000,-150461000,-54000,4940000,85280000,-25962000,177270000,-11122000,39729000,-28592000,-16815000,0,-122684000,23103000,22277000,-122684000,None,-25962000,130.36,160.08
9,2018-03-31,USD,384684000,66776000,221592000,163092000,96316000,72395000,22591000,0,95712000,0,44185000,None,96316000,0,604000,None,None,None,0,0,0,23317000,-604000,0,72395000,72395000,None,USD,1905368000,436248000,None,122313000,682283000,1223085000,275744000,199116000,1032000,1800229000,288045000,652245000,188625000,57402000,289238000,105000000,105000000,None,261220000,362030000,5000000,134592000,0,182315000,105000000,0,90122000,0,0,1032000,0,1800229000,-1036292000,None,99891000,93734000,1282118000,None,105000000,12301000,393045000,None,None,None,458116000,1905368000,57402000,None,78000000,USD,-5000000,-57051000,-36746000,-26137000,5000000,-21535000,-135000,8188000,72395000,-317000,57964000,-227000,38944000,-28585000,2185000,0,-2107000,6010000,5609000,-2107000,None,-317000,120.95,130.36
10,2017-12-31,USD,374756000,67838000,211653000,163103000,95265000,155574000,22414000,0,95161000,0,45613000,None,95265000,-189000,104000,None,None,None,0,0,0,-60413000,-177000,0,155574000,155574000,None,USD,1917076000,437982000,None,121424000,743076000,1174000000,277255000,265222000,1032000,1756419000,122533000,652329000,1275390000,57719000,353754000,100000000,100000000,None,272086000,369600000,None,83689000,0,190457000,100000000,0,88532000,0,0,1032000,0,1756419000,-1036292000,None,90641000,94438000,1275390000,None,100000000,12067000,389322000,None,None,None,452841000,1917076000,57719000,None,78000000,USD,-5000000,-90090000,-162024000,-153483000,100000000,77517000,-111000,-8965000,155574000,-46321000,38186000,-3460000,37038000,-23940000,1568000,0,115572000,-71205000,8541000,10329000,None,-46321000,116.96,120.95
11,2017-09-30,USD,359934000,62957000,204715000,155219000,92262000,63411000,20929000,0,92220000,0,43733000,None,92262000,-1705000,42000,None,None,None,0,0,0,28809000,0,0,63411000,63411000,None,USD,1796345000,381317000,None,124374000,758532000,1037813000,335949000,324516000,1032000,1624785000,122892000,558831000,1118640000,104040000,414740000,None,None,None,273834000,403871000,None,97665000,0,175457000,0,0,90224000,0,0,1032000,0,1624785000,-1036292000,None,84699000,93793000,1118640000,None,None,7843000,343792000,None,None,None,448288000,1796345000,104040000,None,78000000,USD,-5000000,-53814000,-40285000,-36577000,-50000000,-109162000,-7033000,-23526000,63411000,-10725000,138722000,-13645000,36275000,-23904000,-28225000,0,105243000,1252000,3708000,105243000,None,-10725000,102.79,116.96
12,2017-06-30,USD,383769000,65423000,219398000,164371000,98948000,64691000,23340000,0,98594000,0,45353000,None,98948000,-3270000,354000,None,None,None,0,0,0,33903000,-753000,0,64691000,64691000,None,USD,1908945000,374143000,None,108208000,876894000,1032051000,348148000,382777000,1031000,1585278000,136161000,552465000,1105980000,114765000,471192000,50000000,50000000,None,282934000,520031000,None,105443000,0,297058000,50000000,0,88415000,0,0,1031000,0,1585278000,-1006274000,None,82525000,96847000,1105980000,None,50000000,7554000,405702000,None,None,None,452016000,1908945000,114765000,None,78000000,USD,-5000000,175062000,-38087000,-24290000,49800000,-48519000,-37000,-29542000,64691000,71849000,158455000,-2935000,35350000,-24066000,-24416000,0,-22499000,23206000,13797000,-136919000,None,71849000,103.87,102.79
13,2017-03-31,USD,353767000,58309000,206727000,147040000,88731000,60044000,20801000,0,88495000,0,37508000,None,88731000,0,236000,None,None,None,0,0,0,28451000,0,0,60044000,60044000,None,USD,1686983000,373901000,None,108142000,674871000,1012112000,347361000,194814000,1031000,1544653000,151564000,552853000,1102811000,42916000,269876000,50000000,50000000,None,285018000,299154000,None,85358000,0,148096000,50000000,0,75062000,0,0,1031000,0,1544653000,-980019000,None,76983000,99074000,1102811000,None,50000000,7634000,404995000,None,None,None,446447000,1686983000,42916000,None,78000000,USD,None,-76849000,-33796000,-23051000,-50000000,-22476000,-49000,2324000,60044000,-21272000,35000000,88000,34976000,-24059000,1632000,0,114420000,9988000,10745000,6753000,None,-21272000,93.1,103.87
14,2016-12-31,USD,348553000,61801000,198146000,150407000,88606000,58814000,20873000,0,88482000,0,40928000,None,88606000,0,124000,None,None,None,0,0,0,29668000,0,0,58814000,58814000,None,USD,1718095000,371305000,None,103644000,746683000,971412000,359617000,245170000,1030000,1508668000,170749000,552853000,1105085000,64188000,328588000,None,None,None,289273000,323737000,None,47254000,0,155905000,50000000,0,83418000,0,0,1030000,0,1508668000,-980019000,None,76773000,104154000,1105085000,None,50000000,8478000,418095000,None,None,None,441733000,1718095000,64188000,None,78000000,USD,None,-70358000,-37802000,-28510000,50000000,-13025000,-57000,72000,58814000,-20331000,30496000,72000,35324000,-21725000,-41243000,0,107667000,4472000,9292000,2172000,None,-20331000,88.78,93.1
15,2016-09-30,USD,345028000,58848000,194763000,150265000,91417000,62244000,19739000,0,91383000,0,39109000,None,91417000,0,34000,None,None,None,0,0,0,29139000,0,0,62244000,62244000,None,USD,1732252000,365593000,None,106964000,759663000,972589000,370341000,295911000,1030000,1471579000,183908000,552853000,1096115000,84519000,379371000,None,None,None,293237000,342900000,None,54143000,0,151417000,0,0,83460000,0,0,1030000,0,1471579000,-937473000,None,75104000,102565000,1096115000,None,None,9951000,380292000,None,None,None,437453000,1732252000,84519000,None,79000000,USD,None,-55365000,-31901000,-23788000,-200000,-87261000,-5337000,-22313000,62244000,14209000,133371000,-22313000,34136000,-21857000,-59867000,0,105495000,9174000,8113000,105495000,None,14209000,85.55,88.78
16,2016-06-30,USD,366970000,45195000,205270000,161700000,116505000,84270000,23964000,0,116106000,0,40722000,None,116505000,-19491000,399000,None,None,None,0,0,0,31836000,18313000,0,84270000,84270000,None,USD,1815512000,222115000,None,92060000,819302000,996210000,366130000,343525000,1029000,1431192000,186969000,552853000,1085019000,70310000,443732000,200000,200000,None,298564000,431929000,None,221242000,0,269559000,0,0,100007000,0,0,1029000,0,1431192000,-876134000,None,70461000,99799000,1085019000,None,None,9440000,375570000,None,None,None,440123000,1815512000,70310000,None,80000000,USD,-5000000,170662000,-2366000,10659000,-100016000,-139408000,939000,-22117000,84270000,16309000,158083000,-6999000,34529000,-22081000,-18250000,0,-13735000,-2472000,13025000,-121907000,None,16309000,87.27,85.55
17,2016-03-31,USD,333186000,59083000,194273000,138913000,79830000,53883000,19854000,0,79398000,0,39229000,None,79830000,0,432000,None,None,None,0,0,0,25515000,0,0,53883000,53883000,None,USD,1702622000,228087000,None,110327000,753755000,948867000,364782000,202270000,1028000,1369003000,190610000,556256000,1094629000,54001000,279264000,213000,213000,None,298023000,309970000,None,164524000,0,145642000,100000000,0,76781000,0,0,1028000,0,1369003000,-855594000,None,58944000,98717000,1094629000,None,100000000,9709000,474491000,None,None,None,434430000,1702622000,54001000,None,79000000,USD,None,-62717000,-40477000,-28683000,-110000,-20702000,-23000,5335000,53883000,-1125000,60054000,5335000,32134000,-22065000,1496000,0,108172000,21734000,11794000,9685000,None,-1125000,84.57,87.27
18,2015-12-31,USD,332872000,57640000,190445000,142427000,84787000,59348000,18862000,0,84602000,0,38778000,None,84787000,0,185000,None,None,None,0,0,0,25254000,0,0,59348000,59348000,None,USD,1708865000,214992000,None,114684000,796391000,912474000,352292000,246272000,1028000,1337185000,204221000,556256000,1086757000,55126000,333751000,323000,None,None,302091000,320017000,None,141226000,0,150207000,100000000,0,87156000,0,0,1028000,0,1337185000,-855594000,None,57364000,101276000,1086757000,None,100000000,10348000,462640000,None,None,None,429855000,1708865000,55126000,None,80000000,USD,None,-70779000,-44558000,-25960000,99216000,-5084000,126000,None,59348000,-29359000,20283000,-7746000,31781000,-19772000,-84654000,0,98487000,7118000,18598000,561000,None,-29359000,78.06,84.57
19,2015-09-30,USD,321618000,57418000,183663000,137955000,80537000,51366000,18554000,0,80430000,0,38864000,None,80537000,0,107000,None,None,None,0,0,0,29064000,0,0,51366000,51366000,None,USD,1714197000,361991000,None,111486000,759913000,954284000,353459000,293775000,1028000,1297609000,208807000,556256000,1072831000,84485000,397226000,1107000,None,None,295941000,345425000,None,36037000,0,149454000,0,0,102344000,0,0,1028000,0,1297609000,-769714000,None,154584000,None,1072831000,None,None,9228000,362687000,None,None,None,425361000,1714197000,84485000,None,81000000,USD,None,-37303000,-48562000,-35654000,-51590000,-141962000,-2326000,None,51366000,-63828000,126696000,-20167000,31204000,-20200000,-67846000,0,97926000,3670000,12908000,97926000,None,-63828000,69.61,78.06
