,fiscalDateEnding,reportedCurrency_x,totalRevenue,totalOperatingExpense,costOfRevenue,grossProfit,ebit,netIncome_x,researchAndDevelopment,effectOfAccountingCharges,incomeBeforeTax,minorityInterest,sellingGeneralAdministrative,otherNonOperatingIncome,operatingIncome,otherOperatingExpense,interestExpense,taxProvision,interestIncome,netInterestIncome,extraordinaryItems,nonRecurring,otherItems,incomeTaxExpense,totalOtherIncomeExpense,discontinuedOperations,netIncomeFromContinuingOperations,netIncomeApplicableToCommonShares,preferredStockAndOtherAdjustments,reportedCurrency_y,totalAssets,intangibleAssets,earningAssets,otherCurrentAssets,totalLiabilities,totalShareholderEquity,deferredLongTermLiabilities,otherCurrentLiabilities,commonStock,retainedEarnings,otherLiabilities,goodwill,otherAssets,cash,totalCurrentLiabilities,shortTermDebt,currentLongTermDebt,otherShareholderEquity,propertyPlantEquipment,totalCurrentAssets,longTermInvestments,netTangibleAssets,shortTermInvestments,netReceivables,longTermDebt,inventory,accountsPayable,totalPermanentEquity,additionalPaidInCapital,commonStockTotalEquity,preferredStockTotalEquity,retainedEarningsTotalEquity,treasuryStock,accumulatedAmortization,otherNonCurrrentAssets,deferredLongTermAssetCharges,totalNonCurrentAssets,capitalLeaseObligations,totalLongTermDebt,otherNonCurrentLiabilities,totalNonCurrentLiabilities,negativeGoodwill,warrants,preferredStockRedeemable,capitalSurplus,liabilitiesAndShareholderEquity,cashAndShortTermInvestments,accumulatedDepreciation,commonStockSharesOutstanding,reportedCurrency,investments,changeInLiabilities,cashflowFromInvestment,otherCashflowFromInvestment,netBorrowings,cashflowFromFinancing,otherCashflowFromFinancing,changeInOperatingActivities,netIncome_y,changeInCash,operatingCashflow,otherOperatingCashflow,depreciation,dividendPayout,stockSaleAndPurchase,changeInInventory,changeInAccountReceivables,changeInNetIncome,capitalExpenditures,changeInReceivables,changeInExchangeRate,changeInCashAndCashEquivalents,clossingVal,nextClossingVal
0,2020-06-30,CNY,828628000.0,663100000.0,271176000.0,557452000.0,165528000.0,376660000.0,None,None,432796000.0,234642000.0,391924000.0,None,165528000.0,None,None,59621000,66419000,66419000,None,None,None,59621000.0,200849000.0,None,373175000.0,376660000.0,None,CNY,14752498000.0,182887000.0,None,None,3034989000.0,11692417000.0,None,None,54000.0,6356264000.0,214356000,1036124000.0,43271000.0,1953885000.0,2561282000.0,None,None,254827000,592915000.0,11345848000,1551453000,10473406000,8775551000.0,207615000,None,None,49748000.0,None,None,None,None,None,None,None,15219000,None,3406650000,88653000,None,None,473707000,None,None,None,None,None,None,None,None,CNY,None,None,None,None,None,None,None,None,376660000.0,None,None,None,None,None,None,None,None,None,0,None,None,None,71.79,
1,2020-03-31,CNY,791111000.0,621137000.0,254303000.0,536808000.0,169974000.0,205246000.0,None,None,238686000.0,239540000.0,366834000.0,None,169974000.0,None,None,36771000,44315000,44315000,None,None,None,36771000.0,24397000.0,None,201915000.0,205246000.0,None,CNY,14972644000.0,192612000.0,None,3085000,3726485000.0,11219917000.0,None,None,54000.0,5979604000.0,209679000,1036124000.0,37064000.0,2899211000.0,3257733000.0,None,None,254832000,581489000.0,11629642000,1495713000,9991181000,8331892000.0,211017000,None,None,75234000.0,None,None,None,None,None,None,None,12537000,None,3343002000,81366000,None,None,468752000,None,None,None,4967497000,None,11231103000,None,68000000,CNY,None,0,None,None,None,None,None,None,205246000.0,None,None,None,None,None,None,None,None,None,0,None,None,None,61.39,71.79
2,2019-12-31,CNY,1135619000.0,740322000.0,378148000.0,757471000.0,395297000.0,249549000.0,0,0,305474000.0,242679000.0,362174000.0,0,395297000.0,49966000,0,57630000,49214000,49214000,0,0,0,57630000.0,-139037000.0,0,247844000.0,249549000.0,0,CNY,14289542000.0,203162000.0,None,483766000,3315506000.0,10948331000.0,0,1.39,53000.0,5774358000.0,214307000,1036124000.0,32567000.0,2294904000.0,2833462000.0,0,0,254524000,592741000.0,10942404000,1482544000,9709045000,7645686000.0,266437000,0,0,48114000.0,0,0,0,0,0,0,0,10420000,0,3347138000,85580000,0,0,482044000,0,0,0,4901466000,0,9940590000,0,67000000,CNY,0,0,0,0,0,0,0,0,249549000.0,0,0,0,0,0,0,0,0,0,0,0,0,0,84.9,61.39
3,2019-09-30,CNY,988953000.0,732207000.0,306690000.0,682263000.0,256746000.0,300161000.0,0,0,349231000.0,244569000.0,425517000.0,0,256746000.0,49966000,0,50784000,48390000,48390000,0,0,0,50784000.0,44095000.0,0,298447000.0,300161000.0,0,CNY,13833991000.0,213096000.0,None,5470000,3246550000.0,10561907000.0,0,0.98,53000.0,5525460000.0,229242000,1036124000.0,28327000.0,2222881000.0,2740139000.0,0,0,254631000,607807000.0,11116442000,832195000,9312687000,7955020000.0,257745000,0,0,58980000.0,0,0,0,0,0,0,0,10449000,0,2717549000,95865000,0,0,506411000,0,0,0,4764484000,0,10177901000,0,68000000,CNY,0,0,0,0,0,0,0,0,300161000.0,0,0,0,0,0,0,0,0,0,0,0,0,0,74.0,84.9
4,2019-06-30,CNY,963592000.0,693376000.0,287733000.0,675859000.0,270216000.0,67424000.0,0,0,133983000.0,246139000.0,405643000.0,0,270216000.0,49966000,0,67420000,45424000,45424000,0,0,0,67420000.0,-181657000.0,0,66563000.0,67424000.0,0,CNY,13349665000.0,223285000.0,None,15816000,3110710000.0,10213971000.0,0,1.51,53000.0,5225299000.0,231237000,1036124000.0,27750000.0,2016791000.0,2595628000.0,0,0,254245000,621730000.0,10633681000,807095000,8954562000,7739937000.0,207940000,0,0,55801000.0,0,0,0,0,0,0,0,10440000,0,2715984000,101409000,0,0,515082000,0,0,0,4717095000,0,9756728000,0,68000000,CNY,0,0,0,0,0,0,0,0,67424000.0,0,0,0,0,0,0,0,0,0,0,0,0,0,75.5,74.0
5,2019-03-31,CNY,911861000.0,628335000.0,249364000.0,662497000.0,283526000.0,-84816000.0,0,0,-26596000.0,246856000.0,378971000.0,0,283526000.0,49966000,0,60056000,-372450000,32556000,0,0,0,60056000.0,-342678000.0,0,-86652000.0,-84816000.0,0,CNY,12797342000.0,233786000.0,None,77910000,4929527000.0,7867815000.0,0,1.87,51000.0,5175154000.0,204565000,1036124000.0,25555000.0,2289987000.0,4632989000.0,0,2112914000,477025000,628757000.0,10144025000,729095000,6374747000,7142835000.0,188830000,0,0,58220000.0,0,0,0,0,0,0,0,10025000,0,2653317000,106522000,0,0,495998000,0,0,0,2215585000,0,9432822000,0,62000000,CNY,0,0,0,0,0,0,0,0,-84816000.0,0,0,0,0,0,0,0,0,0,0,0,0,0,77.88,75.5
6,2018-12-31,CNY,495199.64,305134.64,147272.48,347927.16,190065.0,382533.29,0,0,413584.5,111210.52,157862.17,0,190065.0,0,-16613.57,None,None,None,0,0,0,31881.2,223519.51,0,381703.3,382533.29,0,CNY,5467014.74,109196.31,None,229434.38,1974553.56,3381250.66,0,952859.61,22.34,2349677.73,94144.89,462846.27,11052.04,879280.78,1880408.67,0,770654.91,113546.81,235424.76,4322801.82,325693.55,2809208.08,3067055.41,135931.87,0,0,22282.31,0,0,0,0,0,0,0,0,0,0,0,0,0,0,0,0,0,6314488.98,0,27144873.45,0,63000000,USD,0,0,0,0,0,0,0,0,124494584.58,0,0,0,0,0,0,0,0,0,0,0,0,0,62.44,77.88
7,2018-09-30,USD,137431466.46,98044519.5,37753788.82,99677677.65,39386946.96,114344800.48,0,0,123183624.74,34355428.09,60290730.68,0,39386946.96,0,-5414404.05,None,None,None,0,0,0,8913799.88,83796677.78,0,114269824.86,114344800.48,0,USD,1710619167.55,33168629.62,None,75488215,726401752.83,949861986.64,0,355137358.24,7279.19,641097410.07,19738531.64,148707071.0,3838605.89,282883722.28,706663221.19,0,316694230.52,16932551.06,77939116.89,1371603459.07,75362285.08,767986286.01,983016203.47,30215318.32,0,0,6814628.25,0,0,0,0,0,0,0,0,0,0,0,0,0,0,0,0,0,0,0,0,0,67000000,USD,0,0,0,0,0,0,0,0,114344800.48,0,0,0,0,0,0,0,0,0,0,0,0,0,76.99,62.44
8,2018-06-30,USD,132841181.76,0.09,36708308.34,96132873.43,32714757.05,-8492501.5,0,0,1251199.76,35450959.81,63418116.38,0,32714757.05,0,-5577534.49,None,None,None,0,0,0,9847330.53,-31463557.29,0,-8596130.77,-8492501.5,0,USD,1644295440.91,35523995.2,None,83697360.53,751224805.04,857619676.06,0,306926664.67,7498.5,542623125.37,21683863.23,153187462.51,4417666.47,281946310.74,729540941.81,0,393371625.67,20561337.73,81062837.43,1300274295.14,69829184.16,668908218.36,908186562.69,26444061.19,0,0,8240401.92,0,0,0,0,0,0,0,0,0,0,0,0,0,0,0,0,0,0,0,0,0,61000000,USD,0,0,0,0,0,0,0,0,-8492501.5,0,0,0,0,0,0,0,0,0,0,0,0,0,97.64,76.99
9,2018-03-31,USD,127595414.38,90013215.51,32638324.97,94957089.4,37582198.87,-52991322.35,0,0,-46724146.17,37105803.68,57374890.53,None,37582198.87,0,-5921662.29,None,None,None,0,0,0,7033675.66,-84306345.04,0,-53757821.83,-52991322.35,None,USD,1673050553.3,24861396.39,None,118141867.69,725053419.31,910891330.31,0,335479977.71,7961.15,585118859.96,19056922.22,162638961.87,18961069.98,295799538.25,357052304.75,348944192.34,348944192.34,21693654.96,87251651.94,1310252846.11,69084627.02,723390972.06,871585861.0,24725579.17,348944192.34,0,7837114.88,0,0,0,0,0,0,None,None,None,None,None,None,None,None,None,None,None,None,None,None,None,61000000,USD,0,0,0,0,0,0,0,0,-52991322.35,0,0,None,0,0,0,0,0,0,0,None,None,None,86.04,97.64
10,2017-12-31,USD,139391000.0,1978068000.0,37173000.0,2093994000.0,881625000.0,47157000.0,0,0,54798000.0,20000.0,51576000.0,None,50642000.0,0,-37799000,None,None,None,0,0,0,7621000.0,-195422000.0,0,517739000.0,47157000.0,None,USD,1540619000.0,181897000.0,None,78037000,588963000.0,915171000.0,18635000,273025000,8000.0,637012000.0,121348000,156994000.0,253239000.0,352347000.0,313950000.0,1667967000,1667967000,136947000,76517000.0,7878241000,433886000,4770902000,743863000.0,238235000,256362000,None,5462000.0,None,None,None,None,None,None,None,None,None,None,None,None,None,None,None,None,None,None,None,None,None,61000000,USD,-673719000,237088000,-1434256000,-113157000,None,65231000,-35000,159339000,47157000.0,371402000,221586000,None,63667000,None,424450000,None,-74356000,609640000,3636000,None,None,None,60.85,86.04
11,2017-09-30,USD,111803000.0,392758000.0,30424000.0,386126000.0,129904000.0,-156026000.0,0,0,-160817000.0,75000.0,50193000.0,None,31186000.0,0,-37799000,None,None,None,0,0,0,6391000.0,23072000.0,0,110322000.0,-156026000.0,None,USD,1386019000.0,42942000.0,None,81467000,556740000.0,827920000.0,None,264371000,8000.0,561195000.0,69102000,32675000.0,87169000.0,306842000.0,292437000.0,1689386000,1689386000,31505000,75808000.0,8137272000,286284000,5222694000,814095000.0,137309000,253917000,None,5723000.0,None,None,None,None,None,None,None,None,None,None,None,None,None,None,None,None,None,None,None,None,None,61000000,USD,None,0,None,None,None,None,None,None,-166982000.0,None,None,None,None,None,None,None,None,None,0,None,None,None,60.61,60.85
12,2017-06-30,USD,99508000.0,-828204000.0,26689000.0,-835955000.0,-305214000.0,10776000.0,0,0,16870000.0,24000.0,44704000.0,None,28115000.0,0,75598000,None,None,None,0,0,0,6070000.0,-195814000.0,0,-418326000.0,10776000.0,None,USD,1281021000.0,42351000.0,None,69931000,456996000.0,822764000.0,None,218893000,7000.0,575443000.0,71558000,32067000.0,85841000.0,262640000.0,244857000.0,1366600000,1366600000,31821000,75501000.0,7590640000,285984000,5290653000,771711000.0,104378000,201584000,None,5183000.0,None,None,None,None,None,None,None,None,None,None,None,None,None,None,None,None,None,None,None,None,None,61000000,USD,None,0,None,None,None,None,None,None,10776000.0,None,None,None,None,None,None,None,None,None,0,None,None,None,44.73,60.61
13,2017-03-31,USD,87119000.0,435210000.0,23052000.0,440987000.0,164445000.0,23669000.0,0,0,29653000.0,16000.0,40176000.0,None,23891000.0,0,-37799000,None,None,None,0,0,0,5968000.0,39660000.0,0,163028000.0,23669000.0,None,USD,1205868000.0,41914000.0,None,73445000,424288000.0,780362000.0,None,203750000,7000.0,556550000.0,68424000,31583000.0,84826000.0,307635000.0,414347000.0,1276033000,1276033000,32166000,75265000.0,7198291000,285984000,5082885000,652035000.0,87157000,None,None,5277000.0,None,None,None,None,None,None,None,None,None,None,None,None,None,None,None,None,None,None,None,None,None,60000000,USD,None,0,None,None,None,None,None,None,23669000.0,None,None,None,None,None,None,None,None,None,0,None,None,None,36.66,44.73
14,2016-12-31,USD,89158000.0,2128030000.0,26128000.0,2036853039.0,717983984.0,27151000.0,0,0,31533000.0,8279000.0,35205000.0,None,27825000.0,0,-74000000,None,None,None,0,0,0,4395000.0,87969793.0,0,563099893.0,27151000.0,None,USD,1114203000.0,41914000.0,None,70606000,397550000.0,715461000.0,8226000,181047000,7000.0,528309000.0,57166000,31311000.0,70543000.0,276692000.0,389316000.0,1257709000,1257709000,32282000,75838000.0,6719585000,189017000,4676429000,599122000.0,148590000,None,None,4683000.0,None,None,None,None,None,None,None,None,None,None,None,None,None,None,None,None,None,None,None,None,None,58000000,USD,-433539000,99269000,-489328000,-735000,None,23116000,-35000,141169000,27151000.0,795722000,156543000,None,62776000,None,160493000,None,-20071000,191556000,2928000,None,None,None,33.8,36.66
15,2016-09-30,USD,87827000.0,-823535000.0,25017000.0,-742480117.0,-228078952.0,16066000.0,0,0,21138000.0,0.0,40922000.0,None,21888000.0,0,73702000,None,None,None,0,0,0,5092000.0,231621.0,0,6261321.0,16066000.0,None,USD,1103562000.0,43909000.0,None,95771000,399111000.0,703192000.0,None,188557000,7000.0,515132000.0,None,32600000.0,68039000.0,195482000.0,391661000.0,1214700000,1214700000,None,79893000.0,6372621000,150216000,None,650843000.0,90253000,None,None,5217000.0,None,None,None,None,None,None,None,None,None,None,None,None,None,None,None,None,None,None,None,None,None,59000000,USD,None,None,None,None,None,None,None,None,16066000.0,None,None,None,None,None,None,None,None,None,0,None,None,None,33.38,33.8
16,2016-06-30,USD,80473000.0,422000000.0,22752000.0,380960078.0,121933968.0,24986000.0,0,0,30862000.0,0.0,39021000.0,None,18700000.0,0,-37000000,None,None,None,0,0,0,5950000.0,-154414.0,0,-4174214.0,24986000.0,None,USD,1039680000.0,44316000.0,None,93902000,364835000.0,673561000.0,None,162482000,7000.0,500616000.0,None,32711000.0,49407000.0,163045000.0,357243000.0,1164000000,1164000000,None,81469000.0,6040000000,24000000,None,640877000.0,73000000,None,None,5366000.0,None,None,None,None,None,None,None,None,None,None,None,None,None,None,None,None,None,None,None,None,None,58000000,USD,None,None,None,None,None,None,None,None,24986000.0,None,None,None,None,None,None,None,None,None,0,None,None,None,29.31,33.38
17,2016-03-31,USD,79332000.0,0.0,21595000.0,0.0,0.0,13315000.0,0,0,17272000.0,0.0,38026000.0,None,19711000.0,0,0,None,None,None,0,0,0,3964000.0,0.0,0,0.0,13315000.0,None,USD,1044414000.0,42170000.0,None,80265000,381628000.0,661387000.0,None,175240000,7000.0,489762000.0,1310000,33715000.0,47476000.0,227578000.0,197529000.0,None,None,None,85320000.0,None,None,None,593782000.0,None,177202000,None,6801000.0,None,None,None,None,None,None,None,None,None,None,None,None,None,None,None,None,None,None,None,None,None,58000000,USD,None,None,None,None,None,None,None,None,13315000.0,None,None,None,None,None,None,None,None,None,0,None,None,None,31.02,29.31
18,2015-12-31,USD,88006000.0,1487514000.0,25014000.0,1485241000.0,567706000.0,20483000.0,0,0,26033000.0,9070000.0,35261000.0,None,27731000.0,0,-34983000,None,None,None,0,0,0,5578000.0,176392000.0,0,617797000.0,20483000.0,None,USD,991426000.0,42221000.0,None,68809000,353229000.0,636797000.0,5357000,154031000,7000.0,474267000.0,1304000,33560000.0,46707000.0,173724000.0,175374000.0,1108877000,1108877000,2422000,86357000.0,5560298000,22800000,3851543000,592580000.0,150605000,171181000,None,3720000.0,None,None,None,None,None,None,None,None,None,None,None,None,None,None,None,None,None,None,None,None,None,58000000,USD,-419589000,73466000,-743682000,-735000,None,-73796000,-35000,29225000,20483000.0,51256000,133448000,None,55948000,None,83476000,None,-25030000,97887000,13343000,None,None,None,29.46,31.02
19,2015-09-30,USD,77043000.0,0.0,22277000.0,0.0,0.0,24884000.0,0,0,29369000.0,0.0,34516000.0,None,20250000.0,0,0,None,None,None,0,0,0,4498000.0,0.0,0,0.0,24884000.0,None,USD,966771000.0,42808000.0,None,77344000,346228000.0,619088000.0,None,156035000,8000.0,461019000.0,None,34205000.0,47115000.0,166576000.0,172555000.0,None,None,None,88744000.0,None,None,None,575356000.0,None,168081000,None,3636000.0,None,None,None,None,None,None,None,None,None,None,None,None,None,None,None,None,None,None,None,None,None,62000000,USD,None,None,None,None,None,None,None,None,24884000.0,None,None,None,None,None,None,None,None,None,0,None,None,None,27.4,29.46
