,fiscalDateEnding,reportedCurrency_x,totalRevenue,totalOperatingExpense,costOfRevenue,grossProfit,ebit,netIncome_x,researchAndDevelopment,effectOfAccountingCharges,incomeBeforeTax,minorityInterest,sellingGeneralAdministrative,otherNonOperatingIncome,operatingIncome,otherOperatingExpense,interestExpense,taxProvision,interestIncome,netInterestIncome,extraordinaryItems,nonRecurring,otherItems,incomeTaxExpense,totalOtherIncomeExpense,discontinuedOperations,netIncomeFromContinuingOperations,netIncomeApplicableToCommonShares,preferredStockAndOtherAdjustments,reportedCurrency_y,totalAssets,intangibleAssets,earningAssets,otherCurrentAssets,totalLiabilities,totalShareholderEquity,deferredLongTermLiabilities,otherCurrentLiabilities,commonStock,retainedEarnings,otherLiabilities,goodwill,otherAssets,cash,totalCurrentLiabilities,shortTermDebt,currentLongTermDebt,otherShareholderEquity,propertyPlantEquipment,totalCurrentAssets,longTermInvestments,netTangibleAssets,shortTermInvestments,netReceivables,longTermDebt,inventory,accountsPayable,totalPermanentEquity,additionalPaidInCapital,commonStockTotalEquity,preferredStockTotalEquity,retainedEarningsTotalEquity,treasuryStock,accumulatedAmortization,otherNonCurrrentAssets,deferredLongTermAssetCharges,totalNonCurrentAssets,capitalLeaseObligations,totalLongTermDebt,otherNonCurrentLiabilities,totalNonCurrentLiabilities,negativeGoodwill,warrants,preferredStockRedeemable,capitalSurplus,liabilitiesAndShareholderEquity,cashAndShortTermInvestments,accumulatedDepreciation,commonStockSharesOutstanding,reportedCurrency,investments,changeInLiabilities,cashflowFromInvestment,otherCashflowFromInvestment,netBorrowings,cashflowFromFinancing,otherCashflowFromFinancing,changeInOperatingActivities,netIncome_y,changeInCash,operatingCashflow,otherOperatingCashflow,depreciation,dividendPayout,stockSaleAndPurchase,changeInInventory,changeInAccountReceivables,changeInNetIncome,capitalExpenditures,changeInReceivables,changeInExchangeRate,changeInCashAndCashEquivalents,clossingVal,nextClossingVal
0,2020-06-30,USD,13593000,20610000,3532000,10061000,-6138000,-9447000,881000,None,-9447000,None,16197000,None,-7017000,None,1399000,None,None,-1399000,None,None,None,None,-1031000,None,-9447000,-9447000,None,USD,328491000,55563000,None,None,86029000,242462000,None,2654000,5000,-143214000,40121000,68420000,None,113054000,24771000,None,128000,161000,24131000,180377000,None,118479000,None,14897000,21017000,48875000,6003000,None,None,None,None,None,None,None,None,None,148114000,None,None,28220000,61258000,None,None,None,None,None,None,None,None,USD,-3726000,-2485000,-3726000,None,-30000,70957000,None,1634000,-9447000,59474000,-7751000,None,1910000,None,None,-4503000,849000,4291000,2003000,None,None,None,43.76,
1,2020-03-31,USD,16356000,20853000,4143000,12213000,-3191000,-4945000,1265000,None,-4945000,None,15445000,None,-4497000,None,379000,None,-379000,-379000,None,None,None,None,-69000,None,-4945000,-4945000,None,USD,174199000,19821000,None,1361000,34932000,139267000,None,2467000,4000,-133767000,None,15179000,None,53580000,13832000,None,126000,-1361000,24078000,115121000,None,104267000,None,14118000,21043000,43966000,8262000,None,None,None,None,None,-187000,None,59078000,None,59078000,57000,21043000,57000,21100000,None,None,None,274578000,None,53580000,None,16000000,USD,-5623000,1739000,-5623000,-1670000,-5031000,-4530000,None,-1747000,-4945000,-17086000,-6956000,None,1375000,None,-187000,-5096000,760000,958000,3953000,None,None,None,39.64,43.76
2,2019-12-31,USD,18952000,21983000,4502000,14450000,-1610000,-5429000,1905000,None,-4329000,None,15576000,None,-3031000,None,1306000,None,-1306000,-1306000,-1100000,None,None,None,8000,-1100000,-4329000,-5429000,None,USD,194564000,18974000,None,1250000,52203000,142361000,None,2723000,4000,-128822000,12410000,26183000,None,70777000,13663000,124000,124000,-3000,21349000,128058000,None,97204000,None,16003000,26067000,38000000,6467000,None,None,None,None,None,None,None,66506000,None,66506000,63000,26067000,None,38540000,None,None,None,271182000,None,70777000,None,15000000,USD,-1529000,-1279000,-1529000,-49836000,-30000,59966000,-4080000,2156000,-5429000,51519000,-6926000,None,1413000,None,61137000,-3276000,-694000,183000,1380000,None,None,None,46.99,39.64
3,2019-09-30,USD,20744000,22283000,4849000,15895000,-234000,-2664000,1396000,None,-2877000,None,16038000,None,-1539000,None,1297000,None,-1297000,-1297000,213000,None,None,None,-41000,213000,-2877000,-2664000,None,USD,153424000,12440000,None,38168000,67319000,86105000,None,4457000,4000,-123393000,45000,10732000,None,19669000,46184000,30000000,30123000,-985000,21532000,108720000,None,62933000,None,14182000,21090000,34533000,7746000,None,None,None,None,None,None,None,44704000,None,44704000,None,21090000,45000,21135000,None,None,None,210479000,None,19669000,None,15000000,USD,-1736000,1746000,-1736000,47000,-29000,455000,-4080000,-830000,-2664000,-1710000,-429000,None,1346000,None,1141000,-1352000,373000,952000,2022000,None,None,None,35.26,46.99
4,2019-06-30,USD,18200000,19990000,4581000,13619000,-743000,-2618000,1234000,None,-2459000,None,14175000,None,-1790000,None,632000,None,-632000,-632000,-159000,None,None,None,-37000,-159000,-2459000,-2618000,None,USD,151432000,12628000,None,35364000,63350000,88082000,None,2031000,4000,-120729000,None,10971000,None,21858000,42187000,30000000,30121000,-455000,20990000,106843000,None,64483000,None,14974000,21112000,32855000,6000000,None,None,None,None,None,None,None,44589000,None,44589000,75000,21112000,None,21163000,None,None,None,209262000,None,21858000,None,14000000,USD,-53675000,0,-1736000,47000,-29000,30062000,-4080000,-830000,-2618000,-30556000,-6943000,None,1084000,None,657000,-2983000,-4319000,952000,3702000,None,None,None,39.0,35.26
5,2019-03-31,USD,14656000,17373000,4001000,10655000,-1889000,-3020000,1213000,None,-3020000,None,12159000,None,-2717000,None,303000,None,-303000,-303000,None,None,None,None,-303000,-159000,-3020000,-3020000,None,USD,112006000,2106000,None,None,31957000,80049000,None,1689000,4000,-118111000,None,None,None,52774000,10823000,120000,120000,-322000,16789000,93111000,None,77943000,None,10296000,21134000,28081000,6344000,None,None,None,None,None,None,None,18895000,None,18895000,None,21134000,None,21134000,None,None,None,198478000,None,52774000,None,14000000,USD,-4982000,2373000,-4982000,47000,-29000,536000,-4080000,-787000,-3020000,-7917000,-3471000,None,828000,None,565000,-2156000,-1180000,471000,4982000,None,None,None,44.23,39.0
6,2018-12-31,USD,14568000,16434000,4054000,10514000,-1866000,-2468000,1277000,0,-2468000,0,11103000,None,-1866000,0,-533000,None,None,None,0,0,0,0,-602000,-159000,-2468000,-2468000,None,USD,112105000,2181000,None,None,30373000,81732000,None,1576000,4000,-115091000,None,None,None,60691000,9217000,118000,118000,-623000,12768000,97156000,None,79551000,None,9501000,21156000,25708000,3971000,None,None,None,None,None,None,None,None,None,None,None,21156000,None,None,None,None,None,197442000,None,60691000,None,13000000,USD,None,-1932000,-459000,-502000,-4094000,39415000,None,-78000,-2468000,36228000,-2728000,None,715000,None,43835000,473000,276000,286000,58000,None,None,None,34.88,44.23
7,2018-09-30,USD,15820000,16992000,3843000,11977000,-1172000,-1865000,1122000,0,-1865000,0,12027000,None,-1172000,0,-608000,None,None,None,0,0,0,0,-693000,-159000,-1865000,-1865000,None,USD,76878000,2260000,None,1045000,36193000,40685000,None,1594000,2000,-112623000,None,None,2260000,24463000,10916000,117000,117000,-343000,12774000,61844000,None,38425000,None,9456000,25277000,26880000,5903000,None,None,None,None,None,None,None,None,None,None,None,None,None,None,None,None,None,None,None,None,None,13000000,USD,None,448000,-1159000,-502000,-28000,298000,None,117000,-1865000,-2043000,-1182000,None,777000,None,None,-1002000,75000,268000,1144000,None,None,None,36.64,34.88
8,2018-06-30,USD,15077000,17197000,3807000,11270000,-2120000,-2692000,1115000,0,-2692000,0,12275000,None,-2120000,0,-562000,None,None,None,0,0,0,0,-572000,0,-2692000,-2692000,None,USD,77845000,2340000,None,1063000,35788000,42057000,None,1683000,2000,-110758000,None,None,2340000,26506000,10490000,115000,115000,-242000,12770000,62735000,None,39717000,None,9755000,25298000,25411000,5455000,None,None,None,None,None,None,None,None,None,None,None,None,None,None,None,None,None,None,None,None,None,13000000,USD,None,-1742000,-1417000,-502000,-28000,-28000,None,1253000,-2692000,-8085000,-6640000,None,719000,None,None,-1715000,-2917000,454000,1396000,None,None,None,26.64,36.64
9,2018-03-31,USD,12094000,16489000,3175000,8919000,-4395000,-5000000,1218000,0,-5000000,0,12096000,None,-4395000,0,-552000,None,None,None,0,0,0,0,-605000,0,-5000000,-5000000,None,USD,80643000,2414000,None,1114000,35889000,44754000,0,946000,2000,-108066000,None,0,2414000,34591000,10570000,114000,114000,217000,12280000,65949000,None,42340000,0,6838000,25319000,23406000,7197000,0,0,0,0,0,0,None,None,None,None,None,None,None,None,None,None,None,None,None,None,None,12000000,USD,None,1702000,-2930000,-502000,-28000,-28000,None,-801000,-5000000,-7991000,-5033000,None,681000,0,0,-2557000,-1235000,2177000,2771000,None,None,None,15.06,26.64
10,2017-12-31,USD,11681000,63919000,2392000,10129000,-6230000,-4826000,941000,0,-8913000,0,10256000,None,-4044000,0,633000,None,None,None,0,0,0,0,-1227000,0,-8642000,-23238000,None,USD,82301000,2349000,None,831000,34806000,47495000,0,3859000,2000,-103066000,None,0,2349000,42582000,9467000,113000,113000,135000,10391000,69561000,None,45146000,0,5603000,25339000,20545000,5495000,0,0,0,0,0,0,None,None,None,None,None,None,None,None,None,None,None,None,None,None,None,4000000,USD,None,1952000,-6544000,-502000,7914000,54734000,-990000,-205000,-8932000,40973000,-7217000,None,2405000,-5965000,53775000,-4410000,-1505000,3478000,5207000,None,None,None,19.19,15.06
11,2017-09-30,USD,12375000,-24306000,3028000,30439000,-1245000,-5410000,1127000,0,-1323000,0,9445000,None,-3425000,0,762000,None,None,None,0,0,0,0,-650000,0,-1594000,-2994000,None,USD,41083000,2443000,None,1954000,37902000,3181000,0,5203000,1000,-82221000,None,0,2443000,2238000,10416000,111000,111000,193000,9749000,28891000,None,-74929000,0,5686000,27486000,19013000,5102000,0,0,0,75667000,0,0,None,None,None,None,None,None,None,None,None,None,None,None,None,None,None,2000000,USD,None,-1010000,-5286000,0,2056000,9809000,-250000,520000,-4087000,-68000,-3894000,None,0,0,0,0,0,354000,3949000,None,None,None,nan,19.19
12,2017-06-30,USD,11802000,12479000,2896000,-13533000,1843000,2589000,668000,0,2589000,0,8989000,None,1834000,0,650000,None,None,None,0,0,0,0,-580000,0,2589000,5413000,None,USD,40027000,1483000,None,960000,35785000,4242000,None,4132000,1000,-80685000,None,None,1483000,2306000,10354000,25541000,25541000,72000,9785000,28759000,None,-71424000,None,6526000,25431000,18967000,6112000,None,None,None,74183000,None,None,None,None,None,None,None,None,None,None,None,None,None,None,None,None,None,2000000,USD,None,402000,-1512000,-1037000,5529000,8003000,-250000,573000,-1266000,-140000,-4229000,None,594000,-5965000,53775000,-2294000,-2626000,388000,2844000,None,None,None,nan,nan
13,2017-03-31,USD,9762000,0,2349000,7415000,-840000,-1285000,687000,0,-1285000,0,7752000,None,-837000,0,445000,None,None,None,0,0,0,0,-3000,0,-1285000,-2711000,None,USD,33793000,1535000,None,424000,28745000,-67681000,None,1304000,1000,-79419000,None,None,None,2446000,8841000,108000,108000,None,8882000,23376000,None,-69216000,None,3900000,19904000,16606000,7429000,None,None,None,None,None,None,None,None,None,None,None,None,None,None,None,None,None,None,None,None,None,2000000,USD,None,1589000,-1632000,-300000,2474000,2474000,-990000,-191000,-1285000,837000,-5000,None,498000,-5965000,-250000,-1153000,198000,339000,1332000,None,None,None,nan,nan
14,2016-12-31,USD,9418000,41446000,2618000,26367000,-4148000,-6572000,624000,0,-6572000,0,7573000,None,-4148000,0,420000,None,None,None,0,0,0,0,-2424000,0,-6572000,-12448000,None,USD,30676000,1258000,None,233000,24682000,5994000,None,3601000,1000,-78134000,None,None,1258000,1609000,7251000,107000,107000,None,8592000,20826000,None,-66567000,None,4098000,17431000,14886000,3543000,None,None,None,71303000,None,None,None,None,None,None,None,None,None,None,None,None,None,None,None,None,None,None,USD,None,1544000,-4754000,-502000,4398000,3604000,-794000,1036000,-6572000,-2269000,-1119000,None,1902000,-5965000,53775000,889000,-280000,362000,4348000,None,None,None,nan,nan
15,2016-09-30,USD,10135000,0,3179000,0,0,0,501000,0,0,0,6981000,None,0,0,399000,None,None,None,0,0,0,0,0,0,0,0,None,USD,None,None,None,None,None,None,None,None,None,None,None,None,None,None,None,None,None,None,None,None,None,None,None,None,None,None,None,None,None,None,None,None,None,None,None,None,None,None,None,None,None,None,None,None,None,None,None,None,2000000,USD,None,None,None,None,None,None,None,None,None,None,None,None,None,None,None,None,None,None,0,None,None,None,nan,nan
16,2016-06-30,USD,17745000,0,4732000,0,0,0,1096000,0,0,0,14461000,None,0,0,657000,None,None,None,0,0,0,0,0,0,0,0,None,USD,None,None,None,None,None,None,None,None,None,None,None,None,None,None,None,None,None,None,None,None,None,None,None,None,None,None,None,None,None,None,None,None,None,None,None,None,None,None,None,None,None,None,None,None,None,None,None,None,None,USD,None,None,None,None,None,None,None,None,None,None,None,None,None,None,None,None,None,None,0,None,None,None,nan,nan
17,2016-03-31,USD,0,0,0,0,0,0,0,0,0,0,0,None,0,0,0,None,None,None,0,0,0,0,0,0,0,0,None,USD,None,None,None,None,None,None,None,None,None,None,None,None,None,None,None,None,None,None,None,None,None,None,None,None,None,None,None,None,None,None,None,None,None,None,None,None,None,None,None,None,None,None,None,None,None,None,None,None,None,USD,None,None,None,None,None,None,None,None,None,None,None,None,None,None,None,None,None,None,0,None,None,None,nan,nan
18,2015-12-31,USD,31004000,37596000,9361000,21637000,-6592000,-7891000,1789000,0,-7853000,0,26381000,None,-6592000,0,1230000,None,None,None,0,0,0,0,-1261000,-38000,-7853000,-12688000,None,USD,30691000,887000,None,222000,19376000,11315000,None,4237000,1000,-71562000,None,None,887000,3878000,6337000,101000,101000,None,7336000,22468000,None,-54999000,None,3818000,13039000,14550000,1999000,None,None,None,65427000,None,None,None,None,None,None,None,None,None,None,None,None,None,None,None,None,None,None,USD,None,1354000,-1713000,498000,-98000,-98000,-794000,299000,-7891000,-2703000,-892000,None,1854000,-5965000,53775000,3272000,-1047000,1267000,2211000,None,None,None,nan,nan
19,2015-09-30,USD,0,0,0,0,0,0,0,0,0,0,0,None,0,0,0,None,None,None,0,0,0,0,0,0,0,0,None,USD,None,None,None,None,None,None,None,None,None,None,None,None,None,None,None,None,None,None,None,None,None,None,None,None,None,None,None,None,None,None,None,None,None,None,None,None,None,None,None,None,None,None,None,None,None,None,None,None,None,USD,None,None,None,None,None,None,None,None,None,None,None,None,None,None,None,None,None,None,0,None,None,None,nan,nan
