,fiscalDateEnding,reportedCurrency_x,totalRevenue,totalOperatingExpense,costOfRevenue,grossProfit,ebit,netIncome_x,researchAndDevelopment,effectOfAccountingCharges,incomeBeforeTax,minorityInterest,sellingGeneralAdministrative,otherNonOperatingIncome,operatingIncome,otherOperatingExpense,interestExpense,taxProvision,interestIncome,netInterestIncome,extraordinaryItems,nonRecurring,otherItems,incomeTaxExpense,totalOtherIncomeExpense,discontinuedOperations,netIncomeFromContinuingOperations,netIncomeApplicableToCommonShares,preferredStockAndOtherAdjustments,reportedCurrency_y,totalAssets,intangibleAssets,earningAssets,otherCurrentAssets,totalLiabilities,totalShareholderEquity,deferredLongTermLiabilities,otherCurrentLiabilities,commonStock,retainedEarnings,otherLiabilities,goodwill,otherAssets,cash,totalCurrentLiabilities,shortTermDebt,currentLongTermDebt,otherShareholderEquity,propertyPlantEquipment,totalCurrentAssets,longTermInvestments,netTangibleAssets,shortTermInvestments,netReceivables,longTermDebt,inventory,accountsPayable,totalPermanentEquity,additionalPaidInCapital,commonStockTotalEquity,preferredStockTotalEquity,retainedEarningsTotalEquity,treasuryStock,accumulatedAmortization,otherNonCurrrentAssets,deferredLongTermAssetCharges,totalNonCurrentAssets,capitalLeaseObligations,totalLongTermDebt,otherNonCurrentLiabilities,totalNonCurrentLiabilities,negativeGoodwill,warrants,preferredStockRedeemable,capitalSurplus,liabilitiesAndShareholderEquity,cashAndShortTermInvestments,accumulatedDepreciation,commonStockSharesOutstanding,reportedCurrency,investments,changeInLiabilities,cashflowFromInvestment,otherCashflowFromInvestment,netBorrowings,cashflowFromFinancing,otherCashflowFromFinancing,changeInOperatingActivities,netIncome_y,changeInCash,operatingCashflow,otherOperatingCashflow,depreciation,dividendPayout,stockSaleAndPurchase,changeInInventory,changeInAccountReceivables,changeInNetIncome,capitalExpenditures,changeInReceivables,changeInExchangeRate,changeInCashAndCashEquivalents,clossingVal,nextClossingVal
0,2020-05-31,USD,77247000,37830000,67011000,10236000,-27474000,-7438000,None,None,-27694000,None,33145000,120000,-27594000,1501000,220000,-20256000,None,-220000,None,3184000,None,-20256000,-3064000,None,-7438000,-7438000,None,USD,425964000,None,None,7950000,356113000,69851000,None,50792000,173219000,-103368000,6821000,None,5621000,30140000,121071000,None,None,None,77375000,159179000,None,69851000,None,22014000,40000000,99075000,70279000,None,None,173219000,None,-103368000,None,None,189410000,None,266785000,239013000,40000000,195042000,235042000,None,None,None,None,425964000,30140000,-220156000,14014503,USD,-2354000,-40142000,-2354000,98000,40000000,40027000,-8000,-1147000,-7438000,8000,-37665000,3214000,6077000,None,35000,-4401000,None,5025000,2452000,None,None,8000,1.13,
1,2020-02-29,USD,209411000,67716000,146905000,62506000,-5011000,-4918000,None,None,-5161000,None,54211000,199000,-5210000,1527000,150000,-20256000,None,-220000,None,11978000,None,-243000,-3064000,None,-4918000,-4918000,None,USD,422442000,None,None,6705000,345487000,76955000,None,53154000,172885000,-95930000,8311000,None,8001000,30132000,141440000,None,None,76955000,82863000,131511000,None,76955000,None,None,40000000,94674000,88286000,None,None,172885000,None,-95930000,None,None,206543000,None,1525000,239013000,None,204047000,204047000,None,None,None,None,422442000,30132000,-223017000,13955826,USD,-2354000,-3367000,-2921000,-15680000,-25362000,-25321000,-10000,2837000,-4918000,25930000,54172000,-2376000,6579000,None,51000,45548000,None,12706000,2921000,None,None,25930000,1.18,1.13
2,2019-11-30,USD,144936000,54317000,104800000,40136000,-14023000,-22306000,None,None,-14192000,None,49323000,158000,-14181000,1602000,169000,-243000,None,-150000,None,3392000,None,8114000,-11779000,None,-22306000,-22306000,None,USD,466377000,None,None,8417000,385804000,80573000,None,53210000,171585000,-91012000,8883000,None,7227000,4202000,145132000,None,None,None,96096000,152841000,None,80573000,None,None,25000000,140222000,91922000,None,None,171585000,None,-91012000,None,None,216496000,944000,313536000,248890000,25000000,215672000,240672000,None,None,None,None,466377000,4202000,-216717000,13897530,USD,-2921000,7206000,-4302000,-15680000,25000000,24769000,-33000,-3993000,-22306000,-10448000,-30915000,-2874000,6875000,None,-198000,-31989000,None,12173000,4302000,None,None,-10448000,1.56,1.18
3,2019-08-31,USD,119885000,47535000,93312000,26573000,-20736000,-17120000,None,None,-20804000,None,43818000,226000,-20962000,1736000,68000,8114000,None,-169000,None,1981000,None,-3684000,-3234000,None,-17120000,-17120000,None,USD,468998000,None,None,8662000,366592000,102406000,None,53561000,170869000,-68463000,9148000,None,15239000,14650000,138744000,None,None,None,102566000,131545000,None,102406000,None,None,25000000,108233000,85183000,None,None,170869000,None,-68463000,None,None,225877000,9010000,337453000,259999000,None,227848000,227848000,None,None,None,None,468998000,14650000,-209917000,13961029,USD,-4302000,17840000,-4531000,-8457000,25000000,-1013000,-44000,9000,-17120000,-17873000,-12329000,-1327000,7064000,None,-969000,-17827000,None,-959000,4531000,None,None,-17873000,1.47,1.56
4,2019-05-31,USD,129648000,48907000,93429000,36219000,-12360000,-8921000,None,None,-12430000,None,45190000,328000,-12688000,1839000,70000,-3684000,None,-68000,None,1878000,None,-3509000,-1755000,None,-8921000,-8921000,None,USD,475423000,None,None,9598000,355615000,119808000,None,52090000,170105000,-50297000,8352000,None,11470000,32523000,118918000,52090000,52090000,None,106326000,132527000,None,119808000,None,None,228345000,90406000,66828000,None,None,170105000,None,-50297000,None,None,231244000,5326000,342896000,272261000,None,236697000,236697000,None,None,None,None,475423000,32523000,-203861000,14224648,USD,-4531000,-9955000,-3926000,-8457000,25000000,-2300000,-44000,-3981000,-8921000,-25423000,-19197000,-548000,7258000,None,-2300000,-5972000,None,-1059000,3926000,None,None,-25423000,4.03,1.47
5,2019-02-28,USD,216147000,55226000,141841000,74306000,19452000,14157000,None,None,19385000,None,53397000,372000,19080000,1829000,67000,None,None,None,None,None,None,5228000,None,None,14157000,14157000,None,USD,277148000,None,None,15561000,146348000,130800000,51871000,None,169477000,-38677000,None,None,None,57946000,86536000,None,None,None,110823000,157941000,None,130800000,None,None,None,84434000,86536000,None,None,169477000,None,-38677000,None,None,6681000,1703000,119207000,None,None,7941000,59812000,None,None,None,None,277148000,57946000,-196697000,14504824,USD,None,-9120000,-3750000,None,None,-5281000,-4000,None,14157000,34109000,43140000,3458000,7474000,None,-5277000,29325000,None,-2154000,3750000,None,None,34109000,11.68,4.03
6,2019-01-31,USD,216147000,55226000,141841000,74306000,26913000,14157000,0,0,19385000,0,32782000,372000,19080000,7815000,67000,5228000,None,None,0,0,0,5228000,372000,0,14157000,14157000,None,USD,277148000,None,None,15561000,146348000,130800000,51871000,25844000,169477000,-38677000,59812000,None,8384000,57946000,86536000,None,None,None,110823000,157941000,None,130800000,None,3800000,None,84434000,48170000,None,None,169477000,None,-38677000,None,None,119207000,1703000,6681000,None,None,7941000,59812000,None,None,None,None,277148000,57946000,-196697000,16000000,USD,-3750000,-17394000,-28775000,-28775000,25000000,-15756000,-382000,6229000,3780000,-22210000,22321000,3458000,29453000,None,-15374000,29325000,None,-2154000,28775000,None,None,34109000,10.22,11.68
7,2018-11-30,USD,154571000,50271000,107918000,46653000,-3394000,-2780000,0,0,-3463000,0,48404000,224000,-3618000,1867000,69000,None,None,None,0,0,0,-683000,155000,0,-2780000,-2780000,None,USD,284641000,0,None,23314000,163391000,121250000,53971000,10300000,168725000,-47475000,62663000,0,8456000,23837000,100728000,None,None,None,115275000,160910000,None,121250000,0,None,0,113759000,100728000,0,0,168725000,0,-47475000,0,None,7201000,None,1255000,None,None,8692000,62663000,None,None,None,None,284641000,23837000,-192617000,15063439,USD,None,18311000,-6743000,-25025000,None,-6477000,-4000,-306000,-2780000,-11522000,1698000,-1704000,7616000,0,-6477000,-18293000,0,-1452000,6743000,None,None,-11522000,10.85,10.22
8,2018-08-31,USD,133899000,45759000,97101000,36798000,-8691000,-6715000,0,0,-8757000,0,43985000,270000,-8961000,1774000,66000,None,None,None,0,0,0,-2042000,204000,0,-6715000,-6715000,None,USD,277538000,0,None,21053000,147481000,130057000,53491000,10400000,168198000,-38141000,62540000,0,8592000,35359000,84941000,None,None,None,117068000,151878000,None,130057000,0,None,0,95466000,84941000,0,0,168198000,0,-38141000,0,None,7248000,None,1344000,None,None,9049000,62540000,None,None,None,None,277538000,35359000,-185572000,15741818,USD,None,-343000,-7199000,-25025000,None,-1131000,-378000,939000,-6715000,-22883000,-14553000,-1555000,7337000,0,-753000,-12302000,0,-975000,7199000,None,None,-22883000,9.09,10.85
9,2018-05-31,USD,142454000,46932000,97142000,45312000,-1289000,-882000,0,0,-1354000,0,45168000,331000,-1620000,1764000,65000,None,None,None,0,0,0,-472000,266000,0,-882000,-882000,None,USD,282601000,0,None,15848000,145196000,137405000,54235000,14862000,167999000,-30594000,62651000,0,8535000,58242000,82545000,None,None,None,116812000,157254000,None,137405000,0,None,0,83164000,82545000,0,0,167999000,0,-30594000,0,None,6531000,None,2004000,None,None,8416000,62651000,None,None,None,None,282601000,58242000,-180154000,15693494,USD,None,-10765000,-11083000,-25025000,None,-2867000,-378000,-90000,-882000,-21914000,-7964000,242000,7080000,0,-2867000,-1909000,0,-1730000,11083000,None,None,-21914000,12.83,9.09
10,2018-02-28,USD,224614000,43286000,160235000,64379000,21384000,12865000,0,0,21304000,0,56137000,291000,21093000,-12851000,80000,None,None,None,0,0,0,8439000,291000,0,12865000,12865000,None,USD,299197000,0,None,15988000,158436000,140761000,53303000,46395000,167501000,-26740000,61496000,0,8759000,80156000,96940000,None,None,None,113039000,177399000,None,140761000,0,4000000,0,81255000,96940000,0,0,167501000,0,-26740000,0,None,6543000,None,2216000,None,None,8193000,61496000,None,None,None,None,299197000,80156000,-174383000,15977239,USD,None,17192000,-4807000,-28775000,None,-316000,-5000,15198000,12865000,52271000,57394000,1991000,7323000,0,-311000,23811000,0,-5788000,4807000,None,None,52271000,8.76,12.83
11,2017-08-31,USD,144979000,54305000,94441000,50538000,-3538000,-2362000,0,0,-3607000,0,47499000,229000,-3767000,6806000,69000,None,None,None,0,0,0,-1245000,0,0,-2362000,-2362000,None,USD,280917000,0,None,23063000,153073000,127844000,56757000,42370000,167063000,-39219000,64112000,0,7520000,27885000,86400000,None,None,None,115127000,158270000,None,127844000,0,None,0,107322000,86400000,0,0,167063000,0,-39219000,0,None,6552000,None,968000,None,None,9916000,66673000,None,None,None,None,280917000,27885000,-167952000,16002387,USD,None,21557000,-9787000,0,None,-145000,-8000,4781000,-2362000,-20809000,-10877000,-1982000,6819000,0,-137000,-33931000,0,-978000,9787000,None,None,-20809000,11.53,8.76
12,2017-05-31,USD,131683000,50691000,86688000,44995000,-5563000,-3772000,0,0,-5628000,0,44053000,133000,-5696000,6638000,65000,None,None,None,0,0,0,-1856000,0,0,-3772000,-3772000,None,USD,259813000,0,None,19457000,130044000,129769000,55556000,35648000,166408000,-36639000,63058000,0,7048000,48694000,64814000,None,None,None,111223000,141542000,None,129769000,0,None,0,73391000,64814000,0,0,166408000,0,-36639000,0,None,6026000,None,1022000,None,None,9674000,65230000,None,None,None,None,259813000,48694000,-162667000,16011169,USD,None,-3012000,-8243000,0,None,-117000,-193000,-1760000,-3772000,-11110000,-2750000,-3720000,6652000,0,76000,1278000,0,-176000,19417000,None,None,-11110000,9.05,11.53
13,2017-02-28,USD,132841000,49902000,85217000,47624000,-2192000,-1435000,0,0,-2253000,0,43505000,86000,-2278000,6397000,61000,None,None,None,0,0,0,-818000,0,0,-1435000,-1435000,None,USD,263090000,0,None,10789000,129827000,133263000,53913000,36424000,166130000,-32867000,62431000,0,6959000,59804000,66439000,None,None,None,110869000,145262000,None,133263000,0,None,0,74669000,66439000,0,0,166130000,0,-32867000,0,None,5815000,1144000,117828000,None,None,9475000,63388000,None,None,None,None,263090000,59804000,-156553000,15916563,USD,None,-6077000,-5587000,0,None,96000,-193000,6266000,-1435000,-4133000,1358000,2077000,6410000,0,96000,778000,0,-395000,5587000,None,None,-4133000,11.3,9.05
14,2016-11-30,USD,203160000,56205000,123977000,79183000,23058000,14543000,0,0,22988000,0,49586000,80000,22978000,6619000,70000,None,None,None,0,0,0,8445000,-337000,0,14543000,14543000,None,USD,270146000,0,None,13656000,136333000,133813000,53135000,35278000,165245000,-31432000,61413000,0,6236000,63937000,74441000,None,None,None,110870000,153040000,None,133813000,0,4800000,0,75447000,74441000,0,0,165245000,0,-31432000,0,None,5038000,1198000,117106000,None,None,8757000,61892000,None,None,None,None,270146000,63937000,-154901000,15906635,USD,None,-2251000,-4111000,-28775000,None,85000,-534000,15335000,14543000,35677000,39703000,-3474000,10494000,0,85000,24542000,0,-4151000,4111000,None,None,35677000,14.69,11.3
15,2016-08-31,USD,138240000,52086000,87762000,50478000,-1547000,-846000,0,0,-1614000,0,45651000,61000,-1608000,6435000,67000,None,None,None,0,0,0,-768000,0,0,-846000,-846000,None,USD,264820000,0,None,19503000,146269000,118551000,55535000,29711000,164526000,-45975000,62193000,0,3135000,28260000,82387000,None,None,None,113933000,147752000,None,118551000,0,None,0,99989000,82387000,0,0,164526000,0,-45975000,0,None,3135000,None,117068000,None,None,8347000,63882000,None,None,None,None,264820000,28260000,-148508000,15899840,USD,None,23545000,-8436000,0,None,95000,-193000,1032000,-846000,-1321000,7020000,1208000,4997000,0,95000,-25823000,0,3939000,8436000,None,None,-1321000,12.53,14.69
16,2016-05-31,USD,123017000,48168000,80744000,42273000,-5843000,-3567000,0,0,-5909000,0,41873000,52000,-5895000,6295000,66000,None,None,None,0,0,0,-2342000,0,0,-3567000,-3567000,None,USD,238962000,0,None,19874000,120409000,118553000,53969000,26446000,163682000,-45129000,59795000,0,3184000,29581000,58830000,None,None,None,112157000,123621000,None,118553000,0,None,0,74166000,58830000,0,0,163682000,0,-45129000,0,None,3184000,None,115341000,None,None,7610000,61579000,None,None,None,None,238962000,29581000,-142369000,15890898,USD,None,3450000,-10947000,4000,-47000,-140000,-185000,-11291000,-3567000,-8622000,2465000,-1784000,5170000,0,92000,-5059000,0,4255000,28315000,None,None,-8622000,13.29,12.53
17,2016-02-29,USD,129911000,48013000,80374000,49537000,1583000,916000,0,0,1510000,0,42040000,59000,1524000,5973000,73000,None,None,None,0,0,0,594000,0,0,916000,916000,None,USD,232222000,0,None,13627000,110619000,121603000,51165000,27647000,163165000,-41562000,57028000,0,2659000,38203000,52400000,None,None,None,108626000,120937000,None,121603000,0,None,0,69107000,52400000,0,0,163165000,0,-41562000,0,None,2659000,None,111285000,None,None,7054000,58219000,None,None,None,None,232222000,38203000,-138039000,15782652,USD,None,-7476000,-8682000,0,-224000,-127000,None,None,916000,-6149000,2660000,955000,4750000,0,97000,-885000,0,4400000,8682000,None,None,-6149000,14.29,13.29
18,2015-11-30,USD,198970000,53790000,118452000,80518000,26811000,16602000,0,0,26675000,0,47704000,83000,26728000,6086000,136000,None,None,None,0,0,0,10073000,-239000,0,16602000,16602000,None,USD,238585000,0,None,15206000,118890000,119695000,52951000,25943000,162173000,-42478000,54724000,0,1934000,44352000,59495000,None,None,None,105542000,131109000,None,119695000,0,3329000,0,68222000,59495000,0,0,162173000,0,-42478000,0,None,1934000,None,107476000,None,None,6444000,59395000,None,None,None,None,238585000,44352000,None,15774681,USD,None,-11626000,-9393000,-28775000,None,-19238000,-277000,4219000,16602000,11994000,40625000,-9018000,6105000,-25951000,-18961000,27238000,0,11324000,9393000,None,None,11994000,14.71,14.29
19,2015-10-31,USD,129238000,49033000,81137000,48101000,-874000,-270000,0,0,-944000,0,43476000,58000,-932000,5557000,70000,None,None,None,0,0,0,-674000,0,0,-270000,-270000,None,USD,258503000,0,None,18056000,137064000,121439000,50241000,26927000,161253000,-39814000,51896000,0,2107000,32358000,80889000,None,None,None,107000000,149396000,None,121439000,0,3522000,0,95460000,80889000,0,0,161253000,0,-39814000,0,None,2107000,None,109107000,None,None,5934000,56175000,None,None,None,None,258503000,32358000,None,17000000,USD,None,23982000,-14966000,0,None,-3413000,-46000,-932000,-270000,-16768000,1611000,1837000,5577000,-25951000,-3367000,-29565000,0,1170000,14966000,None,None,-16768000,22.99,14.71
