,fiscalDateEnding,reportedCurrency_x,totalRevenue,totalOperatingExpense,costOfRevenue,grossProfit,ebit,netIncome_x,researchAndDevelopment,effectOfAccountingCharges,incomeBeforeTax,minorityInterest,sellingGeneralAdministrative,otherNonOperatingIncome,operatingIncome,otherOperatingExpense,interestExpense,taxProvision,interestIncome,netInterestIncome,extraordinaryItems,nonRecurring,otherItems,incomeTaxExpense,totalOtherIncomeExpense,discontinuedOperations,netIncomeFromContinuingOperations,netIncomeApplicableToCommonShares,preferredStockAndOtherAdjustments,reportedCurrency_y,totalAssets,intangibleAssets,earningAssets,otherCurrentAssets,totalLiabilities,totalShareholderEquity,deferredLongTermLiabilities,otherCurrentLiabilities,commonStock,retainedEarnings,otherLiabilities,goodwill,otherAssets,cash,totalCurrentLiabilities,shortTermDebt,currentLongTermDebt,otherShareholderEquity,propertyPlantEquipment,totalCurrentAssets,longTermInvestments,netTangibleAssets,shortTermInvestments,netReceivables,longTermDebt,inventory,accountsPayable,totalPermanentEquity,additionalPaidInCapital,commonStockTotalEquity,preferredStockTotalEquity,retainedEarningsTotalEquity,treasuryStock,accumulatedAmortization,otherNonCurrrentAssets,deferredLongTermAssetCharges,totalNonCurrentAssets,capitalLeaseObligations,totalLongTermDebt,otherNonCurrentLiabilities,totalNonCurrentLiabilities,negativeGoodwill,warrants,preferredStockRedeemable,capitalSurplus,liabilitiesAndShareholderEquity,cashAndShortTermInvestments,accumulatedDepreciation,commonStockSharesOutstanding,reportedCurrency,investments,changeInLiabilities,cashflowFromInvestment,otherCashflowFromInvestment,netBorrowings,cashflowFromFinancing,otherCashflowFromFinancing,changeInOperatingActivities,netIncome_y,changeInCash,operatingCashflow,otherOperatingCashflow,depreciation,dividendPayout,stockSaleAndPurchase,changeInInventory,changeInAccountReceivables,changeInNetIncome,capitalExpenditures,changeInReceivables,changeInExchangeRate,changeInCashAndCashEquivalents,clossingVal,nextClossingVal
0,2020-06-30,USD,150450000,58452000,81027000,69423000,12287000,11151000,30547000,None,11899000,None,27905000,1316000,10971000,None,446000,690000,1374000,928000,None,None,None,690000,None,None,11209000,11151000,None,USD,1029465000,38207000,None,13735000,279821000,749644000,34508000,5471000,536487000,607733000,118893000,56053000,10627000,321775000,142804000,None,None,-7274000,55826000,839193000,7367000,655384000,194000000,195489000,None,114194000,137333000,None,None,536487000,None,607733000,-387302000,None,31671000,None,8515000,23595000,None,102509000,137017000,None,None,None,None,1029465000,515775000,None,61925000,USD,54000000,-3212000,50842000,54293000,-115617000,-144876000,-39000,10884000,11151000,-70436000,23598000,10884000,5069000,-7563000,-21657000,-9000000,None,5007000,3158000,3699000,None,-70436000,20.83,
1,2020-03-31,USD,150741000,58227000,81438000,69303000,13711000,11888000,29067000,None,13090000,None,29160000,2635000,11076000,None,661000,1162000,2675000,2014000,None,None,None,1162000,-9000,None,11928000,11888000,None,USD,1160898000,39757000,None,24149000,398500000,762398000,33690000,5236000,532912000,604013000,117913000,55946000,9002000,392307000,262037000,115617000,115617000,-9432000,55647000,970427000,7427000,666695000,248000000,199793000,None,106178000,141184000,None,None,532912000,None,604013000,-365095000,None,32146000,None,6975000,23786000,None,102773000,136463000,None,None,None,None,1160898000,640307000,None,62997000,USD,-129000000,14684000,-131466000,-128691000,39650000,12106000,-18000,-9446000,11888000,-105305000,14055000,-9446000,4769000,-7651000,-19875000,-12039000,None,5059000,2466000,-860000,None,-105305000,20.87,20.83
2,2019-12-31,USD,144297000,56950000,73933000,70364000,16193000,13477000,28292000,None,15670000,None,28658000,2779000,13414000,None,583000,2133000,2839000,2256000,None,None,None,2133000,-417000,None,13537000,13477000,None,USD,1118082000,41728000,None,16182000,342429000,775653000,33169000,5427000,529487000,599682000,123021000,55995000,8619000,497374000,202203000,75967000,75967000,-6647000,56826000,926607000,7477000,677930000,119000000,198842000,None,95209000,120809000,None,None,529487000,None,599682000,-346869000,None,30377000,None,6549000,22632000,None,107057000,140226000,None,None,None,None,1118082000,616374000,None,63758000,USD,108712000,9003000,106487000,-128691000,15063000,2152000,-10000,541000,13477000,133667000,25028000,541000,4759000,-7582000,-5319000,-6974000,-2961000,7183000,2225000,-2961000,None,133667000,27.2,20.87
3,2019-09-30,USD,139827000,57745000,74389000,65438000,11126000,6404000,28560000,None,10260000,None,29185000,3433000,7693000,None,918000,3804000,3485000,2567000,-4649000,None,None,3804000,-1639000,None,6456000,6404000,None,USD,1079616000,42651000,None,15429000,310553000,769063000,32054000,7226000,533590000,594625000,121704000,55691000,8903000,364184000,174642000,60904000,60904000,-9940000,72370000,893751000,6250000,670721000,229000000,195830000,14207000,89308000,113738000,None,None,533590000,None,594625000,-349212000,None,8744000,None,6409000,14207000,14207000,103857000,135911000,None,None,None,None,1079616000,593184000,None,63172000,USD,19000000,-9714000,17094000,171000,-10489000,-32567000,-32567000,10170000,6404000,-32687000,-17214000,10170000,5303000,-7664000,-14414000,8145000,-45301000,7779000,2077000,-45301000,919000,-31768000,23.48,27.2
4,2019-06-30,USD,127109000,56953000,68329000,58780000,5783000,1287000,28229000,None,5151000,None,28724000,3956000,1827000,None,632000,3864000,3956000,3324000,None,None,None,3864000,2737000,None,1287000,1287000,None,USD,1112569000,46198000,None,25133000,325134000,787435000,27154000,7545000,530016000,595803000,121179000,56248000,10531000,396012000,189254000,71194000,71194000,-4136000,74851000,918440000,6301000,684989000,248000000,151246000,14701000,98049000,118060000,None,None,530016000,None,595803000,-334248000,None,8673000,None,8159000,14701000,None,108726000,135880000,None,None,None,None,1112569000,644012000,None,63837000,USD,-40000000,4388000,-43315000,39000,60994000,20341000,20341000,-10592000,1287000,-23128000,-154000,-10592000,4995000,-7802000,-32863000,4539000,-12202000,7431000,3354000,-12202000,None,-23128000,22.55,23.48
5,2019-03-31,USD,115908000,58038000,60335000,55573000,1371000,-3555000,29577000,None,1146000,None,28461000,3836000,-2465000,None,254000,4672000,3865000,3611000,-2500000,None,None,4672000,643000,None,-3526000,-3555000,None,USD,1080145000,47421000,None,13638000,256931000,823214000,25263000,7550000,526419000,601913000,119290000,56050000,11662000,419337000,122748000,10004000,10004000,-4047000,76343000,882368000,6301000,719743000,208000000,138844000,14893000,102549000,112744000,None,None,526419000,None,601913000,-301071000,None,8731000,None,9232000,14893000,14893000,108920000,134183000,None,None,None,None,1080145000,627337000,None,65349000,USD,142000000,-33131000,138962000,141196000,9809000,-25176000,-25176000,-194000,-3555000,141120000,27334000,-194000,5237000,-8043000,-26930000,6020000,48401000,4556000,3038000,48401000,None,141120000,22.11,22.55
6,2018-12-31,USD,157208000,60244000,82409000,74799000,18338000,7517000,29803000,None,18130000,None,30441000,3783000,14555000,None,251000,None,None,None,-7700000,None,None,10570000,3501000,None,7560000,7517000,None,USD,1140786000,50252000,None,13667000,282377000,858409000,25359000,72931000,523117000,613525000,123917000,56340000,11964000,277942000,143457000,None,None,-4084000,77320000,943580000,1330000,751817000,355000000,187240000,15003000,109731000,143457000,None,None,523117000,None,613525000,-274149000,None,2508000,None,9456000,None,None,113561000,138920000,None,None,None,None,1140786000,632942000,None,66560000,USD,-62000000,-23060000,-65273000,-65273000,-183000,-33916000,-33916000,1798000,7517000,-43188000,56001000,1798000,4769000,-8057000,-25676000,5401000,56497000,3079000,3273000,56497000,None,-43188000,20.27,22.11
7,2018-09-30,USD,184824000,61249000,99001000,85823000,28140000,29635000,30740000,0,27870000,0,30509000,3566000,24574000,0,255000,None,None,None,0,0,0,-1738000,3376000,0,29608000,29635000,None,USD,1185740000,52871000,None,307561000,305533000,880207000,25591000,74168000,519244000,613529000,116270000,56550000,11606000,321148000,174076000,None,None,-3902000,76067000,987273000,1373000,770786000,293000000,243373000,15187000,115191000,174076000,0,0,519244000,0,613529000,-248664000,None,2589000,None,9017000,None,None,105866000,131457000,None,None,None,None,1185740000,321148000,None,67143000,USD,-35000000,-28975000,-39344000,-65273000,-178000,-33330000,-33916000,6906000,29635000,-42052000,29656000,6906000,4852000,-8176000,-24976000,6772000,13795000,2808000,4344000,13795000,715000,-42303000,23.84,20.27
8,2018-06-30,USD,268834000,62506000,141865000,126969000,67801000,60256000,29974000,0,67659000,0,32532000,3338000,64463000,0,263000,None,None,None,0,0,0,7282000,3141000,0,60377000,60256000,None,USD,1225925000,55131000,None,279255000,343843000,882082000,27316000,77848000,516208000,591951000,124828000,56649000,14281000,363200000,203578000,15437000,15437000,-1139000,76064000,1022442000,1358000,770302000,258000000,256694000,15437000,123293000,203578000,0,0,516208000,0,591951000,-224938000,None,2500000,None,11781000,None,None,112949000,140265000,None,None,None,None,1225925000,363200000,None,68006000,USD,30000000,7900000,25929000,-65273000,-180000,-41564000,-33916000,556000,60256000,22514000,36770000,556000,4951000,-8176000,-41384000,-5298000,-32621000,-3171000,4452000,-32621000,None,21135000,23.82,23.84
9,2018-03-31,USD,221772000,61011000,122325000,99447000,41383000,36313000,28657000,0,41152000,0,32354000,2947000,38436000,0,270000,None,None,None,0,0,0,4800000,2837000,0,36352000,36313000,None,USD,1204010000,60180000,None,311754000,324083000,879927000,27800000,64849000,513315000,539871000,120637000,57478000,13499000,340686000,187189000,16257000,16257000,9095000,75619000,995755000,1479000,762269000,288000000,224484000,16257000,118831000,187189000,0,0,513315000,0,539871000,-182354000,None,2577000,None,10922000,None,None,109094000,136894000,None,None,None,None,1204010000,340686000,None,69787000,USD,-29000000,22106000,-35273000,244000,-180000,-20850000,-33916000,-1384000,36313000,-50503000,6740000,-1384000,4744000,-8176000,-20670000,-13726000,-50718000,9596000,6517000,-50718000,None,-49383000,25.01,23.82
10,2017-12-31,USD,213691000,58043000,116489000,97202000,41150000,-69528000,30250000,0,40868000,0,27793000,1991000,39159000,0,266000,None,None,None,0,0,0,110400000,1755000,0,-69532000,-69528000,None,USD,1158586000,60586000,None,281686000,301312000,857274000,27313000,77894000,510736000,503558000,99165000,57063000,133531000,391189000,158704000,16130000,16130000,3864000,71720000,953335000,1518000,739625000,259528000,173777000,16130000,106683000,158704000,0,0,510736000,0,503558000,-160884000,None,2088000,None,12276000,None,None,115295000,142608000,None,None,None,None,1158586000,391189000,None,70604000,USD,-43000000,48200000,-48183000,0,-166000,-3391000,-3391000,1268000,-69528000,-1241000,50333000,1268000,4468000,-8176000,-3225000,13883000,24390000,27652000,5183000,24390000,None,-1241000,24.335,25.01
11,2017-09-30,USD,215892000,60054000,104105000,111787000,53919147,50664000,27698000,0,53450000,0,32356000,2186147,51733000,0,272000,None,None,None,0,-176035000,0,3016000,-32396000,0,50434000,50664000,None,USD,1171107000,62316000,None,239939000,251077000,920030000,27152000,124152000,506515000,569080000,14870000,56318000,149963000,392940000,192981000,16074000,16074000,2039000,67762000,953382000,1502000,801396000,216530000,198480000,16074000,122023000,192981000,0,0,506515000,0,569080000,-157604000,None,2056000,None,27771000,None,None,30944000,58096000,None,None,None,None,1171107000,392940000,None,70197000,USD,-106000000,-13224000,-108615000,923000,-160000,-21879000,-3650000,-3638000,50664000,-62350000,68144000,3394000,4518000,-8176000,-18069000,-982000,-67879000,8033853,3538000,15740000,-597000,-62947000,21.57,24.335
12,2017-06-30,USD,243897000,100234000,132199000,111698000,13207853,30811000,25980000,0,12951000,0,39047000,1743853,11464000,0,264000,None,None,None,0,35207000,0,-17900000,0,0,30851000,30811000,None,USD,1148916000,46244000,None,135027000,261145000,887771000,32324000,101261000,504155000,525410000,14197000,46065000,123198000,483929000,198593000,16031000,16031000,-2200000,66233000,959485000,1305000,795462000,138572000,214147000,16031000,126382000,198593000,0,0,504155000,0,525410000,-139594000,None,1991000,None,27593000,None,None,30228000,62552000,None,None,None,None,1148916000,483929000,None,71094000,USD,29000000,43409000,-4185000,-28572000,-154000,-162000,-3650000,-7600000,30811000,20841000,25188000,-7600000,3964000,0,-8000,-28887000,0,28016147,4613000,-44525000,-687000,20154000,19.02,21.57
13,2017-03-31,USD,199613000,57686000,109322000,90291000,34184000,29041000,25020000,0,33923000,0,32666000,1579000,32605000,0,261000,None,None,None,0,-176035000,0,4882000,0,0,29041000,29041000,None,USD,1074074000,47766000,None,155672000,219429000,854645000,32936000,66850000,505003000,494599000,14102000,81272000,149041000,435203000,156426000,15965000,15965000,-5550000,65725000,859308000,1312000,725607000,139000000,169748000,15965000,98685000,156426000,0,0,505003000,0,494599000,-139407000,None,2010000,None,16681000,None,None,30067000,63003000,None,None,None,None,1074074000,435203000,None,70974000,USD,-16312000,40253000,-29740000,1335000,-148000,-785000,-742000,305000,29041000,-17596000,12929000,305000,3831000,0,105000,-19895000,0,11005000,14763000,-51611000,-627000,-18223000,20.32,19.02
14,2016-12-31,USD,149639000,51037000,81321000,68318000,18453000,15583000,21505000,0,18191000,0,29532000,1172000,17281000,0,262000,None,None,None,0,35207000,0,2608000,0,0,15583000,15583000,None,USD,992760000,49287000,None,14348000,172291000,820469000,28434000,55865000,502561000,465558000,13068000,81272000,149464000,577426000,115210000,15579000,15579000,-8243000,49635000,793661000,None,689910000,0,118095000,15579000,83792000,115210000,0,0,502561000,0,465558000,-139407000,None,18905000,None,199099000,None,None,28647000,57081000,None,None,None,None,992760000,577426000,None,70941000,USD,-16312000,-3067000,-2659000,17000,-142000,142000,-16312000,263000,15583000,27532000,30049000,263000,3944000,0,284000,2339000,12517000,-1530000,2676000,12517000,1987000,29519000,15.95,20.32
15,2016-09-30,USD,145844000,62708000,76879000,66621000,4936000,10329000,22781000,0,4668000,0,39927000,1023000,3913000,0,268000,None,None,None,0,35207000,0,-5661000,-6433000,0,10329000,10329000,None,USD,982444000,50810000,None,15285000,175926000,806518000,27697000,63954000,498676000,449975000,12931000,81272000,151160000,547907000,118597000,16701000,16701000,-2726000,50342000,780942000,None,674436000,124000000,130455000,16701000,87295000,118597000,0,0,498676000,0,449975000,-139407000,None,19078000,None,201502000,None,None,29632000,57329000,None,None,None,None,982444000,547907000,None,70420000,USD,-124000000,-13853000,-1526000,0,-143000,-291000,-343000,1119000,10329000,32132000,33949000,2178000,4009000,-8176000,195000,-914000,-22139000,-9227000,1526000,41427000,-353000,31779000,12.93,15.95
16,2016-06-30,USD,216414000,61418000,114020000,100040000,39594000,31785000,22960000,0,39304000,0,38458000,972000,38639000,0,290000,None,None,None,0,0,0,7519000,0,0,31785000,31785000,None,USD,986707000,52475000,None,17830000,191035000,795672000,30908000,53809000,495961000,439118000,11173000,81272000,141189000,516128000,131870000,17000000,17000000,-528000,50195000,795323000,None,661925000,0,171809000,17084000,89556000,131870000,0,0,495961000,0,439646000,-139407000,None,7442000,None,191384000,None,None,28257000,59165000,None,None,None,None,986707000,516128000,None,None,USD,-16312000,17235000,-1847000,0,-140000,-102000,-138000000,-1157000,31785000,34135000,34458000,-1157000,4019000,0,38000,-10592000,0,5282000,1847000,-11135000,647000,34135000,12.17,12.93
17,2016-03-31,USD,156400000,57938000,84267000,69647000,12410000,5089000,22439000,0,12134000,0,35499000,701000,11755000,0,276000,None,None,None,0,0,0,7045000,0,0,5089000,5089000,None,USD,934978000,54140000,None,16463000,172072000,762906000,28473000,45612000,494022000,408291000,10724000,81272000,142884000,481993000,115701000,None,None,430000,51312000,740782000,None,627494000,0,162546000,17174000,79780000,115701000,0,0,494022000,0,407861000,-139407000,None,7472000,None,194196000,None,None,27898000,56371000,None,None,None,None,934978000,481993000,None,None,USD,None,42919000,-180000,938000,-134000,-1668000,177000,None,5089000,-10521000,-8673000,265000,4151000,0,-1711000,-12911000,0,4252000,1118000,-52438000,-421000,-10942000,11.32,12.17
18,2015-12-31,USD,149639000,52126000,81321000,68318000,18453000,15583000,21505000,0,18191000,0,27932000,1172000,17281000,0,273000,None,None,None,0,0,0,2608000,0,0,15583000,15583000,None,USD,992760000,49287000,None,14348000,172291000,755006000,29455000,36810000,492226000,465558000,11219000,81272000,143465000,577426000,115210000,None,None,-8243000,52076000,793661000,None,689910000,0,108628000,16508000,83792000,115210000,0,0,492226000,0,465558000,-137696000,None,18905000,None,195541000,None,None,27727000,57182000,None,None,None,None,992760000,577426000,None,None,USD,None,-3067000,-2659000,17000,-142000,142000,363000,None,15583000,27532000,30049000,263000,4051000,0,284000,2339000,7000,-1530000,2676000,12517000,1987000,29519000,11.67,11.32
19,2015-09-30,USD,119172000,56569000,58812000,58217000,2101000,9827000,21900000,0,1828000,0,34669000,453000,1648000,0,273000,None,None,None,0,35207000,0,-7999000,-2296000,0,9827000,9827000,None,USD,904466000,57471000,None,16937000,132575000,771891000,31316000,45971000,492339000,405505000,10842000,81272000,143863000,498614000,73934000,16483000,16483000,-1097000,53234000,707369000,None,633148000,0,112722000,16483000,79096000,73934000,0,0,492339000,0,405505000,-124856000,None,5120000,None,197097000,None,None,27325000,58641000,None,None,None,None,904466000,498614000,None,71240000,USD,9133000,-24232000,-3190000,180000,-122000,-14622000,540000,2700000,9827000,21717000,39529000,-1708000,4994000,-8176000,-15040000,-3410000,72304000,-9499000,3370000,63557000,972000,22689000,9.18,11.67
