,fiscalDateEnding,reportedCurrency_x,totalRevenue,totalOperatingExpense,costOfRevenue,grossProfit,ebit,netIncome_x,researchAndDevelopment,effectOfAccountingCharges,incomeBeforeTax,minorityInterest,sellingGeneralAdministrative,otherNonOperatingIncome,operatingIncome,otherOperatingExpense,interestExpense,taxProvision,interestIncome,netInterestIncome,extraordinaryItems,nonRecurring,otherItems,incomeTaxExpense,totalOtherIncomeExpense,discontinuedOperations,netIncomeFromContinuingOperations,netIncomeApplicableToCommonShares,preferredStockAndOtherAdjustments,reportedCurrency_y,totalAssets,intangibleAssets,earningAssets,otherCurrentAssets,totalLiabilities,totalShareholderEquity,deferredLongTermLiabilities,otherCurrentLiabilities,commonStock,retainedEarnings,otherLiabilities,goodwill,otherAssets,cash,totalCurrentLiabilities,shortTermDebt,currentLongTermDebt,otherShareholderEquity,propertyPlantEquipment,totalCurrentAssets,longTermInvestments,netTangibleAssets,shortTermInvestments,netReceivables,longTermDebt,inventory,accountsPayable,totalPermanentEquity,additionalPaidInCapital,commonStockTotalEquity,preferredStockTotalEquity,retainedEarningsTotalEquity,treasuryStock,accumulatedAmortization,otherNonCurrrentAssets,deferredLongTermAssetCharges,totalNonCurrentAssets,capitalLeaseObligations,totalLongTermDebt,otherNonCurrentLiabilities,totalNonCurrentLiabilities,negativeGoodwill,warrants,preferredStockRedeemable,capitalSurplus,liabilitiesAndShareholderEquity,cashAndShortTermInvestments,accumulatedDepreciation,commonStockSharesOutstanding,reportedCurrency,investments,changeInLiabilities,cashflowFromInvestment,otherCashflowFromInvestment,netBorrowings,cashflowFromFinancing,otherCashflowFromFinancing,changeInOperatingActivities,netIncome_y,changeInCash,operatingCashflow,otherOperatingCashflow,depreciation,dividendPayout,stockSaleAndPurchase,changeInInventory,changeInAccountReceivables,changeInNetIncome,capitalExpenditures,changeInReceivables,changeInExchangeRate,changeInCashAndCashEquivalents,clossingVal,nextClossingVal
0,2020-06-30,USD,8814646,5130520,4779577,4035069,-1101183,-1121541,2221154,None,-1101183,-21642,2909366,-5732,-1095451,None,None,42000,34030,34030,None,None,None,42000,-39762,None,-1143183,-1121541,None,USD,37628373,None,None,3906309,12331639,24160053,None,3373545,871096,-305953973,1352898,None,253750,8776820,10978741,None,None,1705520,1328207,29563201,4222896,25396871,6485696,6682329,None,3712047,7605196,None,None,871096,None,-305953973,-17238669,None,6736965,None,8065172,2314574,None,1352898,1352898,None,None,None,344776079,37628373,15262516,None,82596416,USD,2999050,-783864,3160594,211741,168000,168000,None,48675,-1143183,437744,-2890850,-499239,172994,None,None,-540017,-374014,276473,50197,-374014,None,461734,1.33,
1,2020-03-31,USD,7878605,-2106765,5647847,-5647847,-3627991,-3595519,2339748,None,-3627991,-61472,3432092,-86909,-3541082,-7878605,None,29000,73406,73406,None,None,None,29000,-160315,None,-3656991,-3595519,None,USD,38436381,None,None,1485817,11928407,25072949,None,2288825,870496,-304832432,1319324,None,253750,8333603,10609083,None,None,1658552,1450328,29879502,4346642,26586469,9307959,7324616,None,3427507,8320258,None,None,870496,None,-304832432,-17238669,None,2759909,None,8556879,2572949,None,1319324,1319324,None,None,None,344615002,38436381,17641562,None,82536416,USD,6297500,-657846,6196801,55231,168000,None,None,-33168,-3656991,2328346,-3868455,-657219,173149,None,None,-356766,260602,1026616,155930,260602,-23990,2304356,0.3492,1.33
2,2019-12-31,USD,8726419,12282608,9308164,-581745,-3361059,-7289476,-1553522,None,-7281924,-17023,4527966,None,-3556189,None,None,30000,105443,105443,None,None,None,30000,-3831178,None,-7311924,-7289476,None,USD,43046515,None,None,1269369,12663313,28608635,None,1041695,870496,-301236913,1353600,0,517411,6029247,11309713,None,None,1757184,1473341,33764641,4537159,30400225,15752997,6944332,None,3768696,10268018,None,None,870496,None,-301236913,-17238669,None,3271374,None,9281874,2833285,None,1353600,1353600,None,None,None,344456537,43046515,21782244,None,82536412,USD,1508316,-372968,1508316,65493,168000,-38387,-45510,384765,-7289476,-2728452,-4211762,None,195130,None,-38385,546068,-2158172,4358034,57177,None,None,None,0.4011,0.3492
3,2019-09-30,USD,6139332,4689944,-4689944,10829276,-6479364,-6625458,-2389573,None,-6479364,-120094,-5130019,-77816,-6401548,12540880,None,26000,120645,120645,None,-331344,None,26000,-529805,None,-6505364,-6625458,None,USD,51352347,None,None,2414235,13458674,35811003,None,2512080,865669,-293947437,1277439,0,844049,8757699,12181235,None,None,1883090,1621927,36783303,9029417,37888248,17258504,4910375,None,3442490,9669155,None,None,865669,None,-293947437,-17238669,None,12947117,None,14569044,3158497,None,1277439,1277439,None,None,None,344248350,51352347,26016203,None,82053697,USD,2165000,-768079,2166092,-5714,168000,-90000,-7130,18258,-6505364,-3360220,-5436312,18258,158797,None,-90000,-28406,358012,1153804,6806,534678,-16607,-3376827,0.6783,0.4011
4,2019-06-30,USD,9110133,13948387,5242514,3867619,-4664349,-4260391,3330202,None,-4211024,-114669,5375671,627230,-4838254,13948387,None,26000,154310,154310,None,None,None,26000,472920,None,-4237024,-4260391,None,USD,58358097,None,None,2129729,16498706,41974060,None,2289198,865669,-288523461,1304022,331344,1325163,12134526,12880652,None,None,1872372,5271552,42288905,9141133,41642716,19420229,4904247,None,3700174,4116685,None,None,865669,None,-288523461,-17238669,None,1325163,None,16069192,3331266,None,1049926,3618054,None,None,None,344998149,58358097,31554755,None,82000000,USD,-1595705,58603,-1595705,-50810,None,678531,-7130,196391,-4260391,-4448999,-3531977,196391,173905,None,0,-688845,-1191346,1260634,44895,-272274,152,-4448999,1.09,0.6783
5,2019-03-31,USD,5542925,17126596,5877077,-334152,-11319282,-11330927,4966716,None,-11293910,-138036,6282803,289761,-11583671,17126596,None,26000,163361,163361,None,None,None,26000,126400,None,-11319910,-11330927,None,USD,61427273,None,None,3169518,16818331,44746978,None,2608772,858004,-284263070,1304993,331344,1697599,16583525,12927432,1002309,1002309,1651904,5731232,48016999,5650099,44415634,20288917,3800689,2585906,4174350,4492572,None,None,858004,None,-284263070,-17238669,None,1697599,None,13410274,3588215,None,1044147,3890899,None,None,None,343738809,61427273,36872442,None,75000000,USD,2664219,1316481,2664219,-50000,None,7442872,-7128,221926,-11330927,2257178,-7846803,221926,264389,None,-7128,-620982,-953353,2307677,74920,-5367,-3110,2257178,1.34,1.09
6,2018-12-31,USD,7741157,14679727,7032766,708391,-6938570,-9964924,1447162,0,-9810736,-149053,6199799,-264110,-6938570,0,0,None,None,None,0,3944139,0,145000,-2872166,0,-9955736,-9964924,None,USD,59549111,None,None,1184401,11836290,47861874,None,1505933,785220,-271730661,1468925,331344,1649401,14326347,10367365,None,None,1554587,2598842,49404025,5565499,47530530,22918016,6178023,None,4797238,3921880,None,None,785220,None,-272932143,-17238669,None,1649401,None,10145086,None,None,1451631,1451631,None,None,None,335692879,59549111,37244363,None,73000000,USD,5000594,-598240,3776194,-757,None,-895717,-699105,-31406,-9964924,-5040701,-7921029,754435,269965,-699110,None,-104337,-1405456,3913369,223643,-2270930,-149,-5040701,0.999,1.34
7,2018-09-30,USD,5126330,3659800,-3659800,8786130,-10123979,-9791000,-4599266,0,-10123979,16596,-7166137,174894,-10298873,15425203,0,None,None,None,0,0,0,-316000,174894,0,-9807979,-9791000,None,USD,71625185,220909,None,3113081,12399798,59929152,154769,428642,776485,-261631136,2341340,1761136,2096578,19367048,10058458,None,None,3036681,5075602,56898144,5572816,57947107,26835968,2628139,0,4953908,9629816,59225387,334985791,776485,0,-261631136,-17238669,None,7669394,None,14727041,None,None,2186571,2341340,None,None,None,334985791,71625185,46203016,None,73135253,USD,3838870,1090480,3653904,34350,None,-1,-1,30884,-9807979,-3320998,-6974901,30884,558546,0,0,-946705,1121085,978788,219316,1121085,-54529,-3375527,2.42,0.999
8,2018-06-30,USD,5943898,3497750,-3497750,9441648,-9045673,-9240957,-4526156,0,-9045673,5716,-6913503,-52162,-8993511,14937409,0,None,None,None,0,0,0,201000,-52162,0,-9246673,-9240957,None,USD,79343029,441818,None,3658312,11493791,68539215,153844,317094,776485,-251839754,2203857,1768539,2173428,22742575,9289934,None,None,3046191,5125629,64124799,5708816,66328858,30681129,2785081,0,4257702,8972840,67849238,333794962,776485,0,-251839754,-17238669,None,7882244,None,15218230,None,None,2050013,2203857,None,None,None,333794962,79343029,53423704,None,73135253,USD,6199430,558894,6058717,45666,None,-11402,-11402,15529,-9246673,-1101493,-7148808,15529,575202,0,0,-406193,-583510,1937943,186379,-583510,-323832,-1425325,2.86,2.42
9,2018-03-31,USD,5653620,11383063,4062191,1591429,-5472104,-5536000,4451653,0,-5472104,-64174,6931410,4319530,-9791634,0,0,None,None,None,0,0,0,0,4319530,0,-5472104,-5536000,None,USD,86873000,662727,None,3736827,10772164,76751925,262207,384073,775920,-242598797,2027268,1801988,4194219,24167900,8744896,None,None,3294916,5304135,71009531,3900000,74287610,36873595,2457904,0,3773305,8360823,76100436,332518555,775920,0,-242598797,-17238669,None,8094219,None,15863069,None,None,1765061,2027268,None,None,None,332518555,86872600,61041495,None,73078783,USD,5909855,-2264724,5268430,-87632,None,-11402,-636978,98008,-5472104,-790614,-6059044,98008,554967,0,0,-198961,2586518,-1362748,553793,2586518,110287,-680327,3.12,2.86
10,2017-12-31,USD,11396237,6255492,10103609,1292628,-3698557,-1802648,1301106,0,-3698557,-204857,4354300,1263817,-4962374,0,0,None,None,None,0,600086,0,4104500,848336,0,-7803057,-1802648,None,USD,91322490,883636,None,1243029,13942643,78099269,374171,5768000,775720,-240121901,1838000,1780247,6506000,24848227,12103513,None,None,3564779,5077043,79739496,2500000,75435386,43907457,4659986,0,5080797,12103513,77379847,331119340,775720,0,-240121901,-17238669,None,3842068,None,11582994,None,None,1464959,1839130,None,None,None,331119340,91322490,68755684,None,73058783,USD,7481347,349734,5967680,-60944,None,-1563060,-771323,-1084146,-1877058,-1667276,-6071896,-955163,624688,-791737,0,886170,-2376593,-2652274,1452723,-2447993,632949,-1034327,3.2,3.12
11,2017-09-30,USD,6139167,10598859,4144884,1994283,-8298139,-8247422,5253860,0,-8298139,55217,5344999,306437,-8604576,0,0,None,None,None,0,1800258,0,4500,-501265,0,-8302639,-8247422,None,USD,95052700,1356546,None,1256409,16425606,78564797,0,11467000,767009,-238319253,268000,2376577,4701000,25882554,16157538,None,None,2346909,3660925,86690569,None,74831674,51454910,2147686,0,5949010,16157538,78627094,331008801,767009,0,-238319253,-17238669,None,968083,None,8362131,None,None,268068,268068,None,None,None,331008801,95052700,77337464,None,72187688,USD,2616897,1085881,2304275,-42620,None,24664000,-791737,289333,-8302640,-4858928,-7163203,289333,737213,0,0,-1740957,71000,937780,270002,-169813,200189,-4658739,4.17,3.2
12,2017-06-30,USD,5927469,9878482,4117226,1810243,-7260540,-7331971,4678221,0,-7260540,-71431,5200261,807699,-8068239,0,0,None,None,None,0,-1800258,0,1146000,1230796,0,-7260540,-7331971,None,USD,101633856,1829455,None,1532106,15247910,86260343,0,10074000,767009,-230071829,261000,2359979,5128000,30541293,14987242,None,None,2642260,3708747,92796884,None,82070909,54367251,1943272,0,4412962,14987242,86385946,330161572,767009,0,-230071829,-17238669,None,938791,None,8836972,None,None,260668,260668,None,None,None,330161572,101633856,84908544,None,72187688,USD,-4766797,240321,-6008156,-467600,None,24664250,-791737,-253906,-7260538,12597430,-6058664,-253906,710924,0,24664250,-528900,241000,581399,773759,452036,-449203,12148227,3.71,4.17
13,2017-03-31,USD,4378127,9923554,3117357,1260770,-9085879,-7858441,4281870,0,-9085879,81438,5641684,-423095,-8662784,0,0,None,None,None,0,600086,0,-1146000,-423095,0,-7939879,-7858441,None,USD,84052693,2302364,None,1263995,15374688,68594082,0,10309000,766409,-221901228,251000,2326948,5453000,18393066,15123502,None,None,3132503,2999590,75600045,None,63964770,49357503,2390660,0,4194821,3878123,68678005,329337949,766409,0,-221901228,-42741551,None,823746,None,8452648,None,None,251186,251186,None,None,None,329337949,84052693,67750569,None,64538686,USD,12570654,163533,9012928,-3259743,None,0,24664250,-22082,-7939879,2393993,-6618935,-22082,470430,0,0,-249340,210823,1169226,297983,-210823,176578,2570571,4.1,3.71
14,2016-12-31,USD,6373347,7908229,4697670,1675677,-4328543,-5270249,2970174,0,-4328543,29706,4938055,1904009,-6232552,0,0,None,None,None,0,600086,0,-1819949,17956234,0,-2508594,-5270249,None,USD,87832272,844000,None,1194901,13612629,74077686,0,8075000,766409,-214042787,246000,844023,1462000,15822495,13365707,None,None,1570971,2976006,83394104,300000,73233663,61375401,1699195,0,3302112,13365707,74219643,328524644,766409,0,-214042787,-42741551,None,618139,None,4438168,None,None,246922,246922,None,None,None,328524644,87832272,77197896,None,64538686,USD,52903350,-400650,2131869,-23179811,None,-501443,-501443,48295,-5154545,-4507578,-6138004,-164733,69517,0,0,-295897,-39629,-676151,724311,484455,-668329,-5175907,2.84,4.1
15,2016-09-30,USD,5794806,8103873,4573581,1221225,-8073086,-8117304,4123268,0,-8073086,-69782,3980605,-1190438,-6882648,0,0,None,None,None,0,0,0,114000,-18045043,0,-8187086,-8117304,None,USD,94497959,869000,None,1080749,13456921,80814614,0,9310000,761502,-208852911,259000,869984,1488000,20998402,13197517,None,None,3307825,2936621,90072791,None,79944630,63034380,1761276,0,3197984,13197517,81041038,328339749,761502,0,-208852911,-42741551,None,618563,None,4425168,None,None,259404,259404,None,None,None,328339749,94497959,84032782,None,64047985,USD,2507778,-391517,2663268,179845,None,-7653,-7653,-82229,-8273084,-5185475,-7841090,-82229,324188,0,0,-535000,524084,1785712,24355,-669160,371448,-4814027,2.18,2.84
16,2016-06-30,USD,4355275,701143,4682846,-327571,-821728,-3129102,4119401,0,-821728,344374,4282264,206986,-1028714,0,0,None,None,None,0,-7700522,0,1963000,-142098,0,-2784728,-3129102,None,USD,101215026,887000,None,1015284,14117339,86885294,0,8795000,761415,-200655234,274000,887512,1604000,25812429,13843305,None,None,1766202,2728951,96881884,None,85997782,65709596,1408876,0,2935699,13843305,87097687,327754462,761415,0,-200655234,-42741551,None,716679,None,4333142,None,None,274034,274034,None,None,None,327754462,101215026,91522025,None,64039260,USD,-2331225,1508681,4807062,7219826,None,-1500,None,None,-2784728,-1835216,-6642278,-196198,356499,0,0,-390274,145000,-5404407,81539,268149,12314,-1822902,2.22,2.18
17,2016-06-26,USD,31024214,0,164847,-338572,-805728,37073150,-24277655,0,-805728,-126607,-28050075,None,28389957,0,0,None,None,None,0,0,0,-6312000,8502901,0,-3113102,-3113102,None,USD,101215026,2302364,None,1015284,14329732,86885294,None,None,761415,-200655234,274034,887512,716679,25812429,13843305,None,None,1766202,2728951,96881884,None,85997782,65709596,1408876,None,2935699,13843305,None,None,None,None,None,None,None,None,None,None,None,None,None,None,None,None,None,None,None,None,None,None,USD,-2331225,1508681,4807062,22219826,None,-7653,-7653,-246198,-3113102,-1806902,-6626278,None,356499,None,None,-390274,268149,-5354407,81539,None,None,None,2.34,2.22
18,2016-03-31,USD,6119138,7800800,4647041,1472097,-6677788,-6917461,4039951,None,-6677788,98673,3760849,-349085,-6328703,None,0,None,None,None,None,None,None,141000,-349085,None,-6818788,-6917461,None,USD,101323464,928000,None,840943,12016456,89432403,0,7294000,760815,-197526132,282000,928066,2500000,27635331,11733696,None,None,1797607,2712658,96110673,860750,88504337,63248313,1680229,0,2705857,11733696,0,0,760815,0,-197526132,-42741551,None,711317,None,5212791,None,None,282760,282760,None,None,None,327141664,101323464,90883644,None,63979260,USD,-2244650,21267,13231177,15699347,None,-1500,-1500,491455,-6818788,7676354,-5553323,491455,373449,0,0,-306431,123073,808798,223520,-123073,191088,7867442,1.66,2.34
19,2015-12-31,USD,4611477,4953995,7615448,-3003971,-7109554,-6961054,872468,0,-7062111,-113557,4081527,847993,-7957547,0,0,None,None,None,0,600086,0,128700,9169194,0,-7122054,-6961054,None,USD,106060086,946000,None,16357996,11575307,94740875,0,7317000,760796,-190608671,298000,946082,2227000,19767889,11276844,None,None,771774,2677103,101156222,819263,93794793,60942891,1574973,0,2512473,11276844,0,0,760796,0,-190608671,-42741551,None,461416,None,4903864,None,None,298463,298463,None,None,None,326558527,106060086,80710780,None,63977385,USD,26077382,-554384,12300217,-15291,None,-612776,-612776,-207421,-7074614,4908693,-6778748,-478830,155647,0,0,-97337,2851000,-182017,2116107,1452787,-118287,4790406,2.72,1.66
