,fiscalDateEnding,reportedCurrency_x,totalRevenue,totalOperatingExpense,costOfRevenue,grossProfit,ebit,netIncome_x,researchAndDevelopment,effectOfAccountingCharges,incomeBeforeTax,minorityInterest,sellingGeneralAdministrative,otherNonOperatingIncome,operatingIncome,otherOperatingExpense,interestExpense,taxProvision,interestIncome,netInterestIncome,extraordinaryItems,nonRecurring,otherItems,incomeTaxExpense,totalOtherIncomeExpense,discontinuedOperations,netIncomeFromContinuingOperations,netIncomeApplicableToCommonShares,preferredStockAndOtherAdjustments,reportedCurrency_y,totalAssets,intangibleAssets,earningAssets,otherCurrentAssets,totalLiabilities,totalShareholderEquity,deferredLongTermLiabilities,otherCurrentLiabilities,commonStock,retainedEarnings,otherLiabilities,goodwill,otherAssets,cash,totalCurrentLiabilities,shortTermDebt,currentLongTermDebt,otherShareholderEquity,propertyPlantEquipment,totalCurrentAssets,longTermInvestments,netTangibleAssets,shortTermInvestments,netReceivables,longTermDebt,inventory,accountsPayable,totalPermanentEquity,additionalPaidInCapital,commonStockTotalEquity,preferredStockTotalEquity,retainedEarningsTotalEquity,treasuryStock,accumulatedAmortization,otherNonCurrrentAssets,deferredLongTermAssetCharges,totalNonCurrentAssets,capitalLeaseObligations,totalLongTermDebt,otherNonCurrentLiabilities,totalNonCurrentLiabilities,negativeGoodwill,warrants,preferredStockRedeemable,capitalSurplus,liabilitiesAndShareholderEquity,cashAndShortTermInvestments,accumulatedDepreciation,commonStockSharesOutstanding,reportedCurrency,investments,changeInLiabilities,cashflowFromInvestment,otherCashflowFromInvestment,netBorrowings,cashflowFromFinancing,otherCashflowFromFinancing,changeInOperatingActivities,netIncome_y,changeInCash,operatingCashflow,otherOperatingCashflow,depreciation,dividendPayout,stockSaleAndPurchase,changeInInventory,changeInAccountReceivables,changeInNetIncome,capitalExpenditures,changeInReceivables,changeInExchangeRate,changeInCashAndCashEquivalents,clossingVal,nextClossingVal
0,2020-06-30,USD,33514000,73833000,396000,33514000,-39531000,-46426000,42594000,None,-46289000,None,31239000,788000,-40319000,None,6758000,137000,849000,-5909000,None,None,None,137000,-61000,None,-46426000,-46426000,None,USD,380011000,None,None,7971000,250212000,129799000,None,2703000,7000,-972695000,73588000,None,714000,105017000,50570000,None,None,891000,2592000,317836000,48856000,129799000,193615000,9581000,113776000,1652000,47867000,None,None,7000,None,-972695000,None,None,10727000,None,62175000,14056000,113776000,85866000,199642000,None,None,None,1101596000,380011000,298632000,None,73366000,USD,-60018000,2070000,-60034000,None,None,2046000,-293000,1371000,-46426000,-98265000,-40277000,-3689000,2322000,None,2339000,-682000,-300000,6428000,16000,-300000,None,-98265000,18.94,
1,2020-03-31,USD,18138000,65494000,819000,18138000,-46356000,-52931000,33997000,None,-52865000,None,31497000,1000000,-47356000,None,6509000,66000,975000,-5534000,None,None,None,66000,25000,None,-52931000,-52931000,None,USD,416141000,None,None,7551000,249994000,166147000,2192000,4222000,7000,-926269000,75780000,None,714000,203234000,49699000,None,None,-420000,2814000,370920000,31373000,166147000,149884000,9281000,111769000,970000,45477000,None,None,7000,None,-926269000,None,None,11034000,None,45221000,14457000,111769000,86334000,200295000,None,None,None,1092829000,416141000,353118000,None,73095000,USD,-46469000,4061000,-46479000,-46469000,None,164829000,162096000,2988000,-52931000,73339000,-45011000,-1416000,2166000,None,2733000,-624000,-1419000,5152000,10000,-1419000,None,73339000,19.21,18.94
2,2019-12-31,USD,18096000,61362000,1394000,18096000,-42178000,-48647000,31579000,None,-48645000,None,30796000,1088000,-43266000,None,6467000,2000,1102000,-5365000,None,None,None,2000,-14000,None,-48647000,-48647000,None,USD,294963000,None,None,7289000,245189000,49774000,2192000,4487000,7000,-873338000,75780000,None,714000,129975000,46350000,None,None,-37000,3046000,278570000,2016000,49774000,133098000,7862000,109857000,346000,41863000,None,None,7000,None,-873338000,None,None,11331000,None,16393000,14848000,109857000,86790000,198839000,None,None,None,923142000,294963000,263073000,None,65370448,USD,-33469000,5857000,-33519000,78656000,None,34936000,31555000,5876000,-48647000,-38072000,-39489000,-2067000,1999000,None,3381000,-246000,66000,3549000,50000,66000,None,-38072000,19.17,19.21
3,2019-09-30,USD,13149000,52550000,1013000,13149000,-38254000,-41367000,26270000,None,-41347000,None,25267000,1147000,-39401000,1013000,3093000,20000,1137000,-1956000,None,None,None,20000,10000,None,-41367000,-41367000,None,USD,297745000,None,None,5310000,237875000,59870000,3479000,3713000,6000,-824691000,77068000,None,712000,168004000,39202000,None,None,-30000,3240000,280867000,2022000,59870000,99525000,7928000,107962000,100000,35489000,None,None,6000,None,-824691000,None,None,11616000,None,16878000,15226000,107962000,87232000,198673000,None,None,None,884585000,297745000,267529000,None,62705481,USD,40282000,7105000,40175000,112125000,None,88822000,88245000,5440000,-41367000,92491000,-36506000,291000,1774000,None,577000,-100000,-7928000,3719000,107000,-7928000,None,92491000,9.62,19.17
4,2019-06-30,USD,9493000,51179000,26517000,9493000,-40318000,-43415000,26517000,None,-43407000,None,24662000,1368000,-41686000,None,3089000,8000,1412000,-1677000,None,None,None,8000,-44000,None,-43415000,-43415000,None,USD,238100000,None,None,5671000,155631000,82469000,3245000,3262000,6000,-783324000,3245000,None,715000,75545000,32174000,None,None,61000,3375000,222830000,0,82469000,141614000,None,106157000,None,28912000,None,None,6000,None,-783324000,None,None,11895000,None,15270000,15577000,106157000,14055000,123457000,None,None,None,865726000,238100000,217159000,None,60965505,USD,39803000,-2480000,39803000,71843000,None,395000,73682000,27000,-43415000,-8006000,-48204000,-8010000,1585000,None,395000,-100000,-7928000,4116000,49000,None,None,-8006000,5.99,9.62
5,2019-03-31,USD,155000,65077000,37974000,155000,-63153000,-66161000,37974000,None,-66151000,None,27103000,1769000,-64922000,None,2998000,10000,-1227000,-1227000,None,None,None,10000,-2000,None,-66161000,-66161000,None,USD,287214000,None,None,7011000,165930000,121284000,3245000,12726000,6000,-739909000,3245000,None,714000,83506000,43860000,1375000,1375000,-28000,3617000,271435000,0,121284000,180918000,None,104368000,None,31134000,None,None,6000,None,-739909000,None,None,12162000,None,15779000,15832000,104368000,14457000,122070000,None,None,None,861215000,287214000,264424000,None,60864445,USD,32040000,-5271000,31991000,32040000,None,152000,73682000,-3780000,-66161000,-34480000,-66623000,-525000,1427000,None,152000,-100000,-7928000,3907000,49000,None,None,-34480000,5.84,5.99
6,2018-12-31,USD,206000,57661000,38890000,206000,-55700000,-58210000,38890000,0,-58193000,0,18771000,1755000,-57455000,0,2493000,None,None,None,0,0,0,17000,-738000,0,-58210000,-58210000,None,USD,341192000,None,None,6413000,158022000,183170000,8454000,10079000,6000,-673748000,8454000,None,716000,118021000,46904000,None,None,-244000,3863000,334612000,2001000,183170000,210178000,None,102664000,None,36825000,None,None,6000,None,-673748000,None,None,716000,None,6580000,None,102664000,None,111118000,None,None,None,857156000,341192000,328199000,None,60829308,USD,-102017000,13188000,-103110000,-105301000,166885000,167776000,-1000,2733000,-58210000,16494000,-48172000,-8410000,1363000,None,892000,-100000,-7928000,3897000,1093000,None,None,16494000,9.37,5.84
7,2018-09-30,USD,239000,49393000,36427000,239000,-48069000,-48083000,36427000,0,-48069000,0,12966000,1085000,-49154000,0,-2493000,None,None,None,0,0,0,14000,1085000,0,-48083000,-48083000,None,USD,219992000,0,None,4792000,48914000,171078000,7347000,10174000,6000,-615538000,7347000,0,712000,101600000,41567000,None,None,-153000,2914000,211562000,4804000,171078000,105170000,None,0,0,31393000,0,0,6000,0,-615538000,0,None,712000,None,8430000,None,None,None,7347000,None,None,None,786763000,219992000,206770000,None,60664857,USD,21057000,4959000,20566000,0,166885000,772000,-14000,6002000,-48083000,-17327000,-38665000,-513000,198000,0,786000,0,0,4774000,491000,None,None,-17327000,17.03,9.37
8,2018-06-30,USD,19891000,54223000,44734000,19891000,-33672000,-33655000,44734000,0,-33672000,0,9489000,660000,-34332000,0,-2493000,None,None,None,0,0,0,-17000,660000,0,-33655000,-33655000,None,USD,256589000,0,None,3438000,43117000,213472000,6573000,9781000,6000,-567454000,6573000,0,638000,118966000,36544000,None,None,-260000,2611000,244559000,8781000,213472000,122155000,None,0,0,26763000,0,0,6000,0,-567454000,0,None,638000,None,12030000,None,None,None,6573000,None,None,None,781180000,256589000,241121000,None,60501260,USD,-27207000,-7794000,-27604000,0,166885000,147132000,145720000,416000,-33655000,81900000,-37628000,-913000,294000,0,1412000,0,0,4440000,397000,None,None,81900000,16.99,17.03
9,2018-03-31,USD,10000000,48942000,41321000,10000000,-38447000,-38459000,41321000,0,-38447000,0,7621000,495000,-38942000,0,-2493000,None,None,None,0,0,0,12000,495000,0,-38459000,-38459000,None,USD,146373000,0,None,2396000,50844000,95529000,4110000,20240000,5000,-533800000,4110000,0,292000,37499000,46734000,None,None,-286000,2454000,133313000,10314000,95529000,93418000,None,0,0,26494000,0,0,5000,0,-533800000,0,None,292000,None,13060000,None,None,None,4110000,None,None,None,629610000,146373000,130917000,None,49670328,USD,2866000,-478000,2484000,0,166885000,429000,-231000,87000,-38459000,-31739000,-34652000,-208000,329000,0,429000,0,0,4164000,382000,None,None,-31739000,13.42,16.99
10,2017-12-31,USD,1534000,40986000,40812000,1534000,-39031000,-39040000,34833000,0,-39031000,0,6153000,421000,-39452000,0,-2493000,None,None,None,0,0,0,9000,804000,0,-39040000,-39040000,None,USD,180294000,0,None,1754000,50830000,129464000,1363000,22357000,5000,-495341000,1363000,0,29686000,69197000,49467000,None,None,-217000,2185000,148423000,29396000,129464000,77472000,None,0,0,27110000,0,0,5000,0,-495341000,0,None,290000,None,31871000,None,None,None,1363000,None,None,None,625017000,180294000,146669000,None,49533150,USD,-2846000,28294000,-2901000,0,None,22957000,22562000,10132000,-39040000,14518000,-5538000,251000,458000,0,395000,0,0,4499000,55000,None,29000,14547000,9.6,13.42
11,2017-09-30,USD,3000,31055000,30879000,0,-30627000,-30640000,25237000,0,-30627000,0,5818000,428000,-31055000,0,0,None,None,None,0,0,0,13000,815000,0,-30640000,-30640000,None,USD,163773000,0,None,2076000,22596000,141177000,1441000,1550000,5000,-456300000,1441000,0,39787000,54650000,21155000,None,None,-90000,2304000,121682000,39498000,141177000,64956000,None,0,0,19605000,0,0,5000,0,-456300000,0,None,289000,None,42091000,None,None,None,1441000,None,None,None,597562000,163773000,119606000,None,47154204,USD,20601000,3604000,20594000,0,None,160000,None,4870000,-30640000,-996000,-21750000,-69000,487000,0,160000,0,0,4868000,7000,None,65000,-931000,10.98,9.6
12,2017-06-30,USD,3000,29755000,29575000,3000,-29369000,-29387000,23120000,0,-29369000,0,6635000,383000,-29752000,0,0,None,None,None,0,0,0,18000,-387000,0,-29387000,-29387000,None,USD,185750000,0,None,2070000,19036000,166714000,1516000,1397000,5000,-425660000,1516000,0,37553000,55581000,17520000,None,None,-165000,2473000,145724000,37269000,166714000,88073000,None,0,0,16123000,0,0,5000,0,-425660000,0,None,284000,None,40026000,None,None,None,1516000,None,None,None,592534000,185750000,143654000,None,47123208,USD,-1134000,2022000,-1134000,0,None,52569000,52323000,10000,-29387000,29714000,-21721000,10000,505000,0,246000,0,0,5129000,0,None,90000,29804000,9.05,10.98
13,2017-03-31,USD,68000,30347000,30164000,68000,-29894000,-29917000,24083000,0,-29894000,0,6264000,385000,-30279000,0,0,None,None,None,0,0,0,23000,385000,0,-29917000,-29917000,None,USD,155435000,0,None,2146000,17072000,138363000,1591000,496000,4000,-396275000,1591000,0,40551000,25777000,15481000,None,None,-204000,2654000,112230000,40257000,138363000,84307000,None,0,0,14985000,0,0,4000,0,-396275000,0,None,294000,None,43205000,None,None,None,1591000,None,None,None,534838000,155435000,110084000,None,41902255,USD,549000,-1020000,549000,0,None,57000,None,-130000,-29917000,-24102000,-24708000,-130000,450000,0,57000,0,0,5909000,0,None,16000,-24086000,12.84,9.05
14,2016-12-31,USD,47000,81910000,27032000,47000,-26796000,-26935000,64261000,0,-26796000,0,17649000,369000,-27165000,0,-2493000,None,None,None,0,0,0,139000,1295000,0,-26935000,-26935000,None,USD,180385000,0,None,2084000,18142000,162243000,1666000,363000,4000,-366104000,1666000,0,45913000,49663000,16476000,None,None,-274000,2836000,131636000,45434000,162243000,79889000,None,0,0,16113000,0,0,4000,0,-366104000,0,None,479000,None,48749000,None,None,None,1666000,None,None,None,528617000,180385000,129552000,None,41887829,USD,6627000,1871000,6602000,0,None,19249000,19071000,42000,-26935000,5853000,-19998000,-600000,540000,0,178000,0,0,5126000,25000,None,-98000,5755000,9.4,12.84
15,2016-09-30,USD,48000,25790000,25611000,48000,-25425000,-25425000,19893000,0,-25425000,0,5897000,317000,-25742000,0,0,None,None,None,0,0,0,0,-29000,0,-25425000,-25425000,None,USD,183623000,0,None,3440000,16691000,166932000,1739000,450000,4000,-339169000,1739000,0,50381000,43908000,14952000,None,None,-28000,2991000,130251000,49598000,166932000,82903000,None,0,0,14502000,0,0,4000,0,-339169000,0,None,783000,None,53372000,None,None,None,1739000,None,None,None,506125000,183623000,126811000,None,39724003,USD,-4975000,-861000,-4975000,0,None,31479000,31463000,-65000,-25425000,6170000,-20334000,-65000,423000,0,16000,0,0,5594000,45000,None,21000,6191000,9.73,9.4
16,2016-06-30,USD,59000,30535000,30356000,59000,-30158000,-30158000,24579000,0,-30158000,0,5956000,318000,-30476000,0,0,None,None,None,0,0,0,0,-262000,0,-30158000,-30158000,None,USD,170897000,0,None,1464000,17331000,153566000,1808000,348000,4000,-313744000,1808000,0,43527000,37717000,15523000,None,None,138000,3170000,124200000,42933000,153566000,85019000,None,0,0,15175000,0,0,4000,0,-313744000,0,None,594000,None,46697000,None,None,None,1808000,None,None,None,467168000,170897000,122736000,None,35989260,USD,16223000,2291000,16217000,0,None,240000,-39000,108000,-30158000,-4437000,-20894000,108000,460000,0,240000,0,0,6405000,6000,None,-34000,-4471000,6.71,9.73
17,2016-03-31,USD,0,-27349000,27170000,0,-27059000,-27059000,-21795000,0,-27059000,0,-5554000,290000,-27349000,0,0,None,None,None,0,0,0,0,290000,0,-27059000,-27059000,None,USD,192135000,0,None,1726000,15099000,177036000,1877000,461000,4000,-283586000,1877000,0,50650000,42188000,13222000,None,None,94000,3343000,138142000,50165000,177036000,94228000,None,0,0,12761000,0,0,4000,0,-283586000,0,None,485000,None,53993000,None,None,None,1877000,None,None,None,460524000,192135000,136416000,None,35924738,USD,6790000,-1988000,6751000,0,None,196000,None,None,-27059000,-16218000,-23165000,231000,493000,0,196000,0,0,5158000,39000,None,48000,-16170000,8.92,6.71
18,2015-12-31,USD,25000,29328000,29151000,25000,-29046000,-29046000,24064000,0,-29046000,0,5264000,257000,-29303000,0,-2493000,None,None,None,0,0,0,0,257000,0,-29046000,-29046000,None,USD,215443000,0,None,1967000,17078000,198365000,1946000,301000,4000,-256527000,1946000,0,34360000,58358000,15132000,None,None,-282000,3483000,177600000,33878000,198365000,117275000,None,0,0,14831000,0,0,4000,0,-256527000,0,None,482000,None,37843000,None,None,None,1946000,None,None,None,455170000,215443000,175633000,None,35864765,USD,34345000,1837000,33843000,3000,None,1484000,1254000,7109000,-29046000,14952000,-20375000,878000,612000,0,230000,0,0,5344000,505000,None,-93000,14859000,13.25,8.92
19,2015-09-30,USD,75000,30685000,30520000,75000,-30373000,-30373000,25923000,0,-30373000,0,4762000,237000,-30610000,0,0,None,None,None,0,0,0,0,638000,0,-30373000,-30373000,None,USD,236971000,0,None,3107000,16379000,220592000,1939000,403000,4000,-227481000,1939000,0,34967000,43499000,14440000,None,None,-26000,3660000,198344000,34430000,220592000,151738000,None,0,0,14037000,0,0,4000,0,-227481000,0,None,537000,None,38627000,None,None,None,1939000,None,None,None,448095000,236971000,195237000,None,35711950,USD,44778000,-161000,44556000,-85000,None,39000,None,None,-89135000,19265000,-25330000,59792000,692000,0,39000,0,0,3482000,137000,None,3000,19268000,10.53,13.25
