,fiscalDateEnding,reportedCurrency_x,totalRevenue,totalOperatingExpense,costOfRevenue,grossProfit,ebit,netIncome_x,researchAndDevelopment,effectOfAccountingCharges,incomeBeforeTax,minorityInterest,sellingGeneralAdministrative,otherNonOperatingIncome,operatingIncome,otherOperatingExpense,interestExpense,taxProvision,interestIncome,netInterestIncome,extraordinaryItems,nonRecurring,otherItems,incomeTaxExpense,totalOtherIncomeExpense,discontinuedOperations,netIncomeFromContinuingOperations,netIncomeApplicableToCommonShares,preferredStockAndOtherAdjustments,reportedCurrency_y,totalAssets,intangibleAssets,earningAssets,otherCurrentAssets,totalLiabilities,totalShareholderEquity,deferredLongTermLiabilities,otherCurrentLiabilities,commonStock,retainedEarnings,otherLiabilities,goodwill,otherAssets,cash,totalCurrentLiabilities,shortTermDebt,currentLongTermDebt,otherShareholderEquity,propertyPlantEquipment,totalCurrentAssets,longTermInvestments,netTangibleAssets,shortTermInvestments,netReceivables,longTermDebt,inventory,accountsPayable,totalPermanentEquity,additionalPaidInCapital,commonStockTotalEquity,preferredStockTotalEquity,retainedEarningsTotalEquity,treasuryStock,accumulatedAmortization,otherNonCurrrentAssets,deferredLongTermAssetCharges,totalNonCurrentAssets,capitalLeaseObligations,totalLongTermDebt,otherNonCurrentLiabilities,totalNonCurrentLiabilities,negativeGoodwill,warrants,preferredStockRedeemable,capitalSurplus,liabilitiesAndShareholderEquity,cashAndShortTermInvestments,accumulatedDepreciation,commonStockSharesOutstanding,reportedCurrency,investments,changeInLiabilities,cashflowFromInvestment,otherCashflowFromInvestment,netBorrowings,cashflowFromFinancing,otherCashflowFromFinancing,changeInOperatingActivities,netIncome_y,changeInCash,operatingCashflow,otherOperatingCashflow,depreciation,dividendPayout,stockSaleAndPurchase,changeInInventory,changeInAccountReceivables,changeInNetIncome,capitalExpenditures,changeInReceivables,changeInExchangeRate,changeInCashAndCashEquivalents,clossingVal,nextClossingVal
0,2020-06-30,USD,37436000,42764000,21638000,15798000,-4233000,-4572000,7041000,None,-4736000,None,14085000,None,-5328000,None,-592000,-164000,None,592000,None,None,None,-164000,None,None,-4572000,-4572000,None,USD,391726000,2132000,None,None,57237000,334489000,None,None,334489000,None,2269000,5564000,9758000,47448000,35892000,None,None,None,47041000,253544000,73687000,326793000,116257000,39803000,None,42126000,13021000,None,None,None,None,None,None,None,None,None,138182000,23137000,None,1177000,21345000,None,None,None,None,None,None,None,None,USD,-8088000,-8677000,-8088000,None,None,1225000,None,2104000,-4572000,-16029000,-9209000,None,1095000,None,None,4298000,-6769000,3312000,4976000,None,None,None,53.38,
1,2020-03-31,USD,26212000,39234000,18184000,8028000,-11921000,-10054000,6483000,None,-10817000,None,14567000,None,-13022000,None,-2205000,-763000,2205000,2205000,None,None,None,-763000,None,None,-10054000,-10054000,None,USD,397340000,2380000,None,None,65745000,331595000,None,None,331595000,None,2175000,5564000,9575000,63477000,44005000,None,None,331595000,44961000,253032000,81828000,323651000,102238000,32846000,None,46599000,22969000,None,None,None,None,None,None,None,144308000,None,144308000,23293000,None,1190000,21740000,None,None,None,None,None,165715000,None,41000000,USD,34361000,-2705000,34361000,38017000,None,1515000,-53000,-2392000,-10054000,22734000,-13123000,None,1101000,None,1568000,-9503000,7385000,3045000,3656000,None,None,None,24.89,53.38
2,2019-12-31,USD,53235000,45342000,24616000,28619000,8975000,9341000,6021000,None,10079000,None,14705000,None,7893000,None,-2186000,738000,2186000,2978000,None,None,None,738000,1952000,None,9341000,9341000,None,USD,405466000,2494000,None,None,67163000,338303000,None,10941000,105000,32738000,2355000,5564000,8438000,40743000,45577000,None,None,843000,40295000,253282000,95393000,330245000,127567000,40510000,None,37477000,23449000,None,None,None,None,None,None,None,152184000,None,152184000,23133000,None,1320000,21586000,None,None,None,None,None,168310000,None,39000000,USD,-69267000,6414000,-69267000,-172744000,None,324000,-480000,-1672000,9341000,-53927000,14948000,None,1082000,None,135611000,-3076000,4727000,-1868000,1889000,None,None,None,34.23,24.89
3,2019-09-30,USD,44580000,43221000,25074000,19506000,2496000,1955000,5610000,None,1941000,None,12537000,None,1359000,None,-582000,-14000,582000,582000,None,None,None,-14000,582000,None,1955000,1955000,None,USD,382233000,2239000,None,None,52319000,329914000,None,8760000,329914000,None,2362000,5564000,9020000,94670000,38653000,None,None,329914000,30368000,298493000,36549000,322111000,119140000,44854000,None,34407000,17335000,None,None,None,None,None,None,None,83740000,None,83740000,14774000,None,1333000,13666000,None,None,None,None,None,213810000,None,42000000,USD,-12247000,-2670000,-12247000,-105366000,None,2462000,-669000,2710000,1955000,-9880000,-8000,None,1137000,None,-669000,418000,-11181000,7623000,2250000,None,None,None,30.78,34.23
4,2019-06-30,USD,43890000,44064000,25237000,18653000,967000,460000,5309000,None,375000,None,13518000,None,-174000,None,-549000,-85000,549000,549000,None,None,None,-85000,-687000,None,460000,460000,None,USD,370492000,2282000,None,None,53315000,317177000,None,8133000,317177000,None,2286000,5564000,8703000,104550000,39446000,None,None,317177000,29794000,285232000,38917000,309331000,106615000,34137000,None,34900000,20915000,None,None,None,None,None,None,None,85260000,None,85260000,14837000,None,1246000,13869000,None,None,None,None,None,211165000,None,37000000,USD,-40153000,201000,-40153000,-95369000,None,131504000,-669000,-1597000,460000,86969000,-4382000,None,1141000,None,132648000,78000,-8022000,3357000,1960000,None,None,None,31.66,30.78
5,2019-03-31,USD,38590000,39641000,22835000,15755000,-399000,-1160000,5467000,None,-1055000,None,11125000,None,-1051000,None,4000,105000,-4000,-4000,None,None,None,105000,-89000,None,-1589000,-1160000,None,USD,234503000,1747000,None,None,52853000,181650000,None,7317000,181650000,None,2248000,5564000,8255000,17559000,38798000,3104000,3104000,181650000,29322000,114165000,75450000,174339000,31257000,25988000,11807000,34881000,19330000,None,None,None,None,None,None,None,120338000,None,120338000,14911000,None,1258000,14055000,None,None,None,None,None,48816000,None,35000000,USD,-57830000,1161000,-57830000,-57176000,None,841000,-303000,3089000,-1160000,-56573000,446000,None,1081000,None,1144000,-1603000,-4141000,2448000,654000,None,None,None,23.8,31.66
6,2018-12-31,USD,37786000,36946000,19659000,18127000,840000,6977000,6231000,None,1181000,None,11056000,None,840000,None,-4000,-5796000,None,None,None,None,None,-5796000,341000,None,6977000,6977000,None,USD,214823000,1011000,None,None,35687000,179136000,None,6415000,89000,22571000,2515000,5092000,8367000,74132000,33172000,None,None,-238000,14994000,140756000,44603000,173033000,8981000,27613000,None,30030000,16614000,None,None,None,None,None,None,None,None,None,None,None,None,None,None,None,None,None,None,None,83113000,None,35000000,USD,42302000,-321000,39914000,23976000,None,4428000,-303000,311000,6977000,60033000,15726000,None,1362000,None,6425000,-4882000,8653000,3626000,2388000,None,None,None,18.72,23.8
7,2018-09-30,USD,37591000,34479000,18666000,18925000,3112000,3113000,5092000,None,3321000,None,10721000,None,3112000,None,-4000,None,None,None,None,None,None,208000,209000,None,3113000,3113000,None,USD,193610000,1277000,None,4750000,28426000,165184000,None,7243000,165184000,None,2028000,5092000,1711000,14099000,26398000,None,None,None,14023000,106229000,65278000,158815000,31548000,35370000,None,25212000,12311000,None,None,None,None,None,None,None,None,None,None,None,None,None,None,None,None,None,None,None,None,None,36000000,USD,-11346000,2030000,-15008000,None,None,930000,-303000,-1159000,3113000,-3124000,10958000,None,1236000,None,None,-125000,2557000,3306000,3662000,None,None,None,21.9,18.72
8,2018-06-30,USD,35876000,34143000,18448000,17428000,1733000,1774000,5317000,None,1910000,None,10378000,None,1733000,None,-4000,None,None,None,None,None,None,136000,177000,None,1774000,1774000,None,USD,183852000,1543000,None,3153000,26050000,157802000,None,6836000,86000,12481000,2119000,5092000,2064000,17223000,23931000,None,None,65000,10994000,96818000,67341000,151167000,18157000,36315000,None,25123000,10014000,None,None,None,None,None,None,None,None,None,None,None,None,None,None,None,None,None,None,None,None,None,35000000,USD,-2131000,3152000,-2893000,None,None,536000,-303000,-928000,1774000,2441000,4878000,None,1200000,None,None,4129000,-7871000,3422000,762000,None,None,None,17.8,21.9
9,2018-03-31,USD,31120000,30880000,15731000,15389000,240000,565000,5272000,None,625000,None,9877000,None,240000,None,None,None,None,None,None,None,None,60000,385000,None,565000,565000,None,USD,175969000,1809000,None,2239000,23205000,152764000,None,7456000,152764000,None,1782000,5092000,2088000,14782000,21423000,None,None,None,11387000,89533000,66060000,145863000,17390000,27890000,None,29471000,7272000,None,None,None,None,None,None,None,None,None,None,None,None,None,None,None,None,None,None,None,None,None,35000000,USD,-4849000,-5151000,-5331000,None,None,-369000,-900000,1555000,565000,-3847000,1806000,None,1167000,None,None,4915000,-2270000,1025000,482000,None,None,None,12.9,17.8
10,2017-12-31,USD,29950000,334000,14579000,57554000,-336000,276000,5647000,0,-1637000,0,14566000,None,-2130000,0,540000,None,None,None,0,503000,0,254000,878000,0,276000,276000,None,USD,178374000,7168000,None,2661000,27675000,150699000,None,13081000,86000,10443000,2155000,5092000,77717000,18629000,25520000,5046000,5046000,301000,11230000,89427000,69358000,143531000,10037000,25906000,None,34855000,12439000,None,None,None,None,None,None,None,None,None,None,None,None,None,None,None,None,None,None,None,None,None,34000000,USD,-36590000,-3356000,-46744000,-4494000,None,36437000,-1400000,-135000,-2015000,-4317000,5990000,None,5360000,None,37837000,-10629000,10181000,6584000,5660000,None,None,None,16.15,12.9
11,2017-09-30,USD,28447000,27872000,12913000,10786000,-3886000,-2506000,5845000,0,6000,0,14283000,None,47000,0,-888000,None,None,None,0,0,0,130000,-1817000,0,-5980000,-2506000,None,USD,179618000,7459000,None,4112000,30673000,148945000,None,13974000,148945000,None,2456000,5092000,78151000,14290000,28217000,None,None,None,10565000,90902000,68478000,141486000,3709000,37038000,None,35865000,14243000,None,None,None,None,None,None,None,None,None,None,None,None,None,None,None,None,None,None,None,None,None,35000000,USD,-8607000,973000,-9670000,None,None,36020000,-8607000,51000,-124000,-11417000,-2768000,None,1204000,None,996000,-2979000,-3624000,1731000,4500000,None,None,None,15.3,16.15
12,2017-06-30,USD,28589000,-56588000,14536000,-22520000,3871000,215000,4562000,0,327000,0,12868000,None,31000,0,888000,None,None,None,0,0,0,112000,1184000,0,5426000,215000,None,USD,174977000,7750000,None,2991000,28398000,146579000,None,11761000,84000,10635000,2197000,5092000,70345000,25707000,26201000,None,None,106000,11204000,93428000,60955000,138829000,2657000,32096000,None,32880000,14440000,None,None,None,None,None,None,None,None,None,None,None,None,None,None,None,None,None,None,None,None,None,35000000,USD,17792000,-1480000,15256000,None,None,35018000,17792000,-611000,215000,9937000,-5723000,None,1154000,None,319000,-2716000,-4332000,2047000,3431000,None,None,None,19.35,15.3
13,2017-03-31,USD,27102000,28382000,14345000,11895000,-1280000,-1737000,4780000,0,-1576000,0,12764000,None,-1280000,0,-296000,None,None,None,0,0,0,161000,-296000,0,-1737000,-1737000,None,USD,175634000,8041000,None,4155000,32694000,142940000,None,13693000,142940000,None,2098000,None,75771000,15770000,30596000,None,None,None,10311000,89552000,66027000,134899000,15344000,28651000,None,29787000,16903000,None,None,None,None,None,None,None,None,None,None,None,None,None,None,None,None,None,None,None,None,None,33000000,USD,-43388000,-1455000,-44283000,None,None,34705000,-1400000,1238000,-1737000,-7019000,2545000,None,1273000,None,36105000,-5936000,7226000,1936000,895000,None,None,None,19.1,19.35
14,2016-12-31,USD,31987000,-28467000,16468000,39532000,-977000,820000,5090000,0,757000,0,12570000,None,1983000,0,573000,None,None,None,0,503000,0,352000,-2947000,0,828000,820000,None,USD,140046000,8477000,None,3735000,32858000,107188000,None,13700000,78000,12144000,2725000,5092000,32015000,22789000,30133000,6103000,6103000,-82000,9247000,98784000,22492000,98711000,16500000,35373000,None,24122000,16433000,None,None,None,None,None,None,None,None,None,None,None,None,None,None,None,None,None,None,None,None,None,32000000,USD,-4869000,7489000,2463000,12794000,None,939000,71000,-398000,820000,4358000,956000,None,3418000,None,868000,-6061000,-9668000,5348000,5462000,None,None,None,12.65,19.1
15,2016-09-30,USD,30920000,4467000,15151000,3021000,2453000,361000,4397000,0,657000,0,12083000,None,2789000,0,-296000,None,None,None,0,0,0,296000,0,0,0,361000,None,USD,132186000,8720000,None,3903000,28822000,103364000,None,11874000,91791000,11406000,2594000,5092000,37010000,18477000,26228000,None,None,None,8337000,86881000,26145000,None,12069000,33294000,None,22955000,14354000,None,None,None,None,None,None,None,None,None,None,None,None,None,None,None,None,None,None,None,None,None,32000000,USD,None,None,3766000,None,None,564000,16568000,350000,361000,7168000,2468000,None,897000,None,None,306000,-3212000,None,4487000,None,None,None,9.38,12.65
16,2016-06-30,USD,23952000,24000000,11674000,12000000,0,0,4141000,0,107000,0,11517000,None,175000,0,0,None,None,None,0,0,0,234000,0,0,0,0,None,USD,124231000,910000,None,2821000,22074000,102157000,None,8759000,102000000,11000000,1815000,5000000,29656000,11309000,20259000,None,None,None,6070000,89000000,27000000,None,28053000,29000000,None,20069000,11500000,None,None,None,None,None,None,None,None,None,None,None,None,None,None,None,None,None,None,None,None,None,30000000,USD,None,None,1000000,None,None,273000,1000000,2000000,0,-3000000,-4000000,None,1000000,None,None,-2000000,-5000000,None,1533000,None,None,None,9.76,9.38
17,2016-03-31,USD,21835000,0,10841000,0,0,0,3755000,0,0,0,10579000,None,0,0,0,None,None,None,0,0,0,181000,0,0,0,0,None,USD,121574000,966000,None,3322000,20204000,101370000,None,6984000,None,None,1912000,None,30707000,14428000,18292000,None,None,None,4844000,None,None,None,28335000,None,None,18558000,11308000,None,None,None,None,None,None,None,None,None,None,None,None,None,None,None,None,None,None,None,None,None,30000000,USD,None,None,None,None,None,239000,None,None,None,None,None,None,None,None,None,None,None,None,736000,None,None,None,9.95,9.76
18,2015-12-31,USD,25498000,0,12940000,42367000,5434000,2065000,3377000,0,2035000,0,9794000,None,2261000,0,160000,None,None,None,0,503000,0,355000,-1084000,0,4725000,2065000,None,USD,123352000,1023000,None,3314000,23090000,100262000,None,8021000,76000,11115000,1839000,5000000,31868000,18464000,21251000,2630000,2630000,-283000,4778000,86706000,30277000,99239000,26527000,25912000,None,15803000,13230000,None,None,None,None,None,None,None,None,None,None,None,None,None,None,None,None,None,None,None,None,None,32000000,USD,-34018000,8469000,-58871000,-22992000,None,74601000,71000,-125000,2065000,13520000,-2210000,None,1669000,None,74601000,-4610000,-14765000,3024000,1861000,None,None,None,10.8,9.95
19,2015-09-30,USD,22031000,0,10841000,0,0,2143000,3067000,0,2497000,0,8296000,None,2281000,0,0,None,None,None,0,0,0,354000,0,0,0,2143000,None,USD,116335000,1079000,None,3473000,19120000,97215000,None,8110000,None,None,1829000,None,24797000,37377000,17138000,None,None,None,4097000,None,None,None,14543000,None,None,14729000,9028000,None,None,None,None,None,None,None,None,None,None,None,None,None,None,None,None,None,None,None,None,None,32000000,USD,None,None,None,None,None,74240000,None,None,2143000,None,None,None,None,None,None,None,None,None,1052000,None,None,None,12.51,10.8
