,fiscalDateEnding,reportedCurrency_x,totalRevenue,totalOperatingExpense,costOfRevenue,grossProfit,ebit,netIncome_x,researchAndDevelopment,effectOfAccountingCharges,incomeBeforeTax,minorityInterest,sellingGeneralAdministrative,otherNonOperatingIncome,operatingIncome,otherOperatingExpense,interestExpense,taxProvision,interestIncome,netInterestIncome,extraordinaryItems,nonRecurring,otherItems,incomeTaxExpense,totalOtherIncomeExpense,discontinuedOperations,netIncomeFromContinuingOperations,netIncomeApplicableToCommonShares,preferredStockAndOtherAdjustments,reportedCurrency_y,totalAssets,intangibleAssets,earningAssets,otherCurrentAssets,totalLiabilities,totalShareholderEquity,deferredLongTermLiabilities,otherCurrentLiabilities,commonStock,retainedEarnings,otherLiabilities,goodwill,otherAssets,cash,totalCurrentLiabilities,shortTermDebt,currentLongTermDebt,otherShareholderEquity,propertyPlantEquipment,totalCurrentAssets,longTermInvestments,netTangibleAssets,shortTermInvestments,netReceivables,longTermDebt,inventory,accountsPayable,totalPermanentEquity,additionalPaidInCapital,commonStockTotalEquity,preferredStockTotalEquity,retainedEarningsTotalEquity,treasuryStock,accumulatedAmortization,otherNonCurrrentAssets,deferredLongTermAssetCharges,totalNonCurrentAssets,capitalLeaseObligations,totalLongTermDebt,otherNonCurrentLiabilities,totalNonCurrentLiabilities,negativeGoodwill,warrants,preferredStockRedeemable,capitalSurplus,liabilitiesAndShareholderEquity,cashAndShortTermInvestments,accumulatedDepreciation,commonStockSharesOutstanding,reportedCurrency,investments,changeInLiabilities,cashflowFromInvestment,otherCashflowFromInvestment,netBorrowings,cashflowFromFinancing,otherCashflowFromFinancing,changeInOperatingActivities,netIncome_y,changeInCash,operatingCashflow,otherOperatingCashflow,depreciation,dividendPayout,stockSaleAndPurchase,changeInInventory,changeInAccountReceivables,changeInNetIncome,capitalExpenditures,changeInReceivables,changeInExchangeRate,changeInCashAndCashEquivalents,clossingVal,nextClossingVal
0,2020-06-30,USD,45452000,None,None,None,None,13689000,None,None,18387000,None,17333000,None,None,3475000,16901000,4698000,57351000,40450000,None,None,None,4698000,None,None,13689000,13689000,None,USD,6758175000,3995000,None,None,5673998000,1084177000,None,None,837000,387911000,70551000,210895000,4789676000,180967000,None,None,None,-27442000,57389000,None,1418259000,869287000,1385703000,17373000,1173165000,None,None,None,None,None,None,None,None,None,None,None,None,None,None,None,None,None,None,None,None,None,None,None,None,USD,None,None,None,None,None,None,None,None,13689000,None,None,None,None,None,None,None,None,None,0,None,None,None,8.18,
1,2020-03-31,USD,43811000,None,None,None,None,9254000,None,None,9479000,None,16920000,None,None,3344000,21166000,225000,58776000,37610000,None,None,None,225000,None,None,9254000,9254000,None,USD,6773833000,4242000,1882161000,None,5704161000,1069672000,None,None,837000,380671000,34079000,210895000,4856517000,59452000,None,None,None,-33310000,75785000,None,1510962000,854535000,1476344000,19036000,1384025000,None,None,None,None,None,None,None,None,None,None,None,None,None,206706000,None,None,None,None,None,721474000,None,None,None,81000000,USD,-135729000,0,-135729000,3514000,107528000,148011000,64575000,-1903000,9254000,17656000,5374000,None,1444000,-6428000,-17664000,None,-775000,-2646000,3584000,None,None,None,8.59,8.18
2,2019-12-31,USD,39161000,26165000,None,40862000,None,10652000,None,None,14199000,None,16833000,None,14697000,3535000,22575000,3547000,57182000,34607000,None,None,None,3547000,-498000,None,10652000,10652000,None,USD,6610401000,4545000,1794490000,24213000,5515831000,1094570000,None,None,851000,377896000,34174000,210895000,4749959000,41796000,4213429000,None,None,-21716000,73542000,70343000,1438279000,879130000,1402206000,18261000,1275049000,178000,4188822000,None,None,None,None,None,None,None,None,None,None,None,21091000,None,None,None,None,None,737539000,None,None,None,83000000,USD,-58539000,0,-58539000,1296000,-6438000,-42761000,-7663000,-4991000,10652000,-87509000,13791000,None,1444000,-6110000,-22550000,None,1132000,5554000,1711000,None,None,None,13.83,8.59
3,2019-09-30,USD,40649000,26057000,None,41537000,None,11370000,None,None,15187000,None,17082000,None,15480000,3104000,23212000,3817000,59899000,36687000,None,None,None,3817000,-293000,None,11370000,11370000,None,USD,6641006000,4852000,1717177000,29888000,5530217000,1110789000,None,None,868000,373004000,34544000,210895000,4857319000,129305000,4207446000,None,None,-21468000,72999000,161623000,1269579000,895042000,1231691000,19393000,1281118000,None,4197250000,None,None,None,None,None,None,None,None,None,None,None,7500000,None,None,None,None,None,758385000,None,None,None,85000000,USD,107357000,0,107357000,-1025000,-41301000,-27935000,49193000,-3823000,11370000,90370000,10948000,None,1434000,-5186000,-30641000,None,-33000,2000000,977000,None,None,None,13.04,13.83
4,2019-06-30,USD,40534000,25894000,None,39870000,None,8811000,None,None,11125000,None,18494000,None,13976000,3382000,22302000,2314000,59448000,37146000,-820000,None,None,2314000,-2851000,None,8811000,8811000,None,USD,6634829000,5160000,1647286000,31627000,5507670000,1127159000,None,None,891000,366679000,37938000,210895000,25367000,38935000,5011521000,None,None,1858000,56854000,74418000,1290915000,911104000,714263000,19360000,1321982000,None,4147610000,None,None,None,None,None,None,None,None,None,None,None,38771000,None,None,None,None,None,787394000,None,None,None,91000000,USD,15771000,0,-148867000,-142730000,-4688000,-31896000,184777000,-662000,8811000,-15225000,900000,None,1442000,-5343000,-32256000,None,966000,-9657000,788000,None,None,None,13.29,13.04
5,2019-03-31,USD,42314000,26316000,None,42493000,None,11417000,None,None,15722000,None,17314000,None,16177000,3425000,21019000,4305000,59657000,38638000,None,None,None,4305000,-455000,None,11417000,11417000,None,USD,6658751000,5470000,1692158000,21323000,5500640000,1158111000,None,None,915000,363072000,36851000,210895000,24182000,54160000,4999504000,None,None,9962000,58274000,90660000,1319119000,941746000,726920000,20326000,36931000,209000,4137573000,None,None,None,None,None,None,None,None,None,None,None,36931000,None,None,None,None,None,817675000,None,None,None,90000000,USD,46201000,0,-164638000,-159289000,15199000,50911000,181230000,1485000,33331000,-74704000,39023000,None,3190000,-29404000,-109345000,None,-891000,961000,5349000,None,None,None,12.87,13.29
6,2018-12-31,USD,41687000,26298000,21644000,41687000,0,10768000,None,None,14417000,None,22819000,None,15389000,3479000,None,None,None,None,-77000,None,None,3649000,-972000,None,10768000,10768000,None,USD,6702440000,5743000,None,20436000,5519179000,1183261000,None,None,938000,356993000,35198000,210895000,5003418000,51483000,4190136000,None,None,-22815000,58414000,94536000,1329434000,966623000,None,None,1293845000,508000,4173434000,None,None,None,None,None,-31617000,None,None,None,None,None,16702000,None,None,None,None,None,848145000,None,None,None,92000000,USD,40625000,0,-48991000,2005000,-109405000,44999000,225677000,-3604000,10768000,6997000,10989000,None,1329000,-5104960,-77109000,None,None,2476000,1955000,None,None,None,12.82,12.87
7,2018-09-30,USD,41262000,25992000,20126000,41262000,0,11146000,None,None,14805000,None,22639000,None,15270000,3353000,None,None,None,None,None,None,None,3659000,-465000,None,11146000,11146000,None,USD,6656211000,6018000,None,20958000,5420130000,1236081000,None,None,978000,350838000,45885000,210895000,4906315000,44486000,4038401000,None,None,-13286000,57635000,99842000,1375506000,1019168000,None,None,1335844000,674000,3954821000,None,None,None,None,None,-32104000,None,None,None,None,None,None,None,None,None,None,None,None,None,None,None,95000000,USD,4290000,0,-161848000,-7407000,220050000,63799000,-125544000,-58000,11146000,-84378000,13671000,None,1295000,-3791000,None,None,None,2233000,2423000,None,None,None,13.85,12.82
8,2018-06-30,USD,43232000,25645000,17388000,43232000,0,7718000,0,0,11975000,0,22356000,None,17587000,3289000,50138000,None,None,None,0,0,0,4257000,-5612000,0,7718000,7718000,None,USD,6579874000,6295000,None,19373000,5311126000,1268748000,None,None,996000,359096000,38876000,210895000,4751782000,128864000,4102106000,1198646000,1198646000,-14055000,56240000,180843000,1373819000,1051558000,102665000,None,1170144000,725000,4073604000,None,None,None,None,None,-32590000,None,None,None,None,None,None,None,None,None,None,None,None,None,None,None,83000000,USD,156000000,0,151178000,465000,-68135000,-78521000,56160000,2505000,7718000,90581000,17924000,None,1255000,-3781589,None,7636000,None,6888000,2739000,None,None,None,13.45,13.85
9,2018-03-31,USD,30182000,21792000,11911000,30182000,0,5377000,0,0,7639000,0,19004000,None,8390000,2788000,0,None,None,None,0,0,0,2262000,-751000,0,5377000,5377000,None,USD,4933700000,108591000,None,16303000,3942499000,991201000,None,None,788000,355270000,22692000,108591000,3516340000,38283000,3774407000,5225000,5225000,-17902000,42856000,82650000,1183263000,882610000,None,None,145400000,3471000,2371798000,None,None,None,None,None,-33076000,None,None,None,None,None,None,None,None,None,None,None,None,None,None,None,76000000,USD,-37580000,0,-98991000,1000,53142000,74389000,34329000,1546000,5377000,-12402000,12200000,None,798000,-2332570,None,2930000,None,4881000,1803000,None,None,None,13.0,13.45
10,2017-12-31,USD,112000,302000,12133000,-112000,0,1269000,0,0,6398000,0,17241000,None,11143000,62000,0,None,None,None,0,0,0,5129000,-1176000,0,-3963000,1269000,None,USD,4843847000,108591000,None,17014000,3854574000,989273000,None,None,795000,359948000,21944000,108591000,1484700000,50685000,3687206000,798864000,798864000,-27151000,41829000,83870000,1148236000,880682000,None,None,775649000,5183000,3033766000,None,None,None,None,None,-33563000,None,None,None,None,None,None,None,None,None,None,None,None,None,None,None,77000000,USD,7995000,292000,-25470000,1290000,-9693000,11111000,103285000,-494000,1269000,11862000,14971000,None,778000,-14313000,102000,1615000,None,8651000,3726000,None,None,None,14.45,13.0
11,2017-09-30,USD,29274000,20926000,11412000,29274000,0,5232000,0,0,7988000,0,17038000,None,11479000,2489000,0,None,None,None,0,0,0,2756000,-360000,0,5232000,5232000,None,USD,4808150000,108591000,None,17076000,3793917000,1014233000,None,None,815000,357263000,32095000,108591000,1492080000,38823000,3611122000,808554000,808554000,-30909000,40132000,65660000,1158641000,905642000,None,None,775672000,6232000,2953268000,None,None,None,None,None,-34049000,None,None,None,None,None,None,None,None,None,None,None,None,None,None,None,80000000,USD,-11075000,69000,-28164000,843000,2322000,-16273000,24217000,-5972000,5232000,-39414000,5023000,None,757000,-2330000,102000,1097000,None,5781000,1281000,None,None,None,15.35,14.45
12,2017-06-30,USD,108541000,79784000,11422000,108541000,0,4404000,0,0,6511000,0,17104000,None,10733000,10990000,36519000,None,None,None,0,0,0,2107000,-1334000,0,18603000,4404000,None,USD,4818127000,108883000,None,17185000,3760946000,1057181000,None,None,844000,362083000,24591000,108591000,1478006000,78237000,3590502000,630225000,630225000,-33492000,39585000,104864000,1147039000,948298000,59348000,None,775696000,6324000,2930127000,None,None,None,None,None,-34536000,None,None,None,None,None,None,None,None,None,None,None,None,None,None,None,85000000,USD,143285000,468000,-453548000,1026000,191794000,294055000,236067000,-5448000,4404000,-120963000,38530000,None,2981000,-8286000,482000,9749000,None,23675000,4035000,None,None,None,14.85,15.35
13,2017-03-31,USD,0,0,10610000,0,0,4068000,0,0,5617000,0,16586000,None,9352000,0,0,None,None,None,0,0,0,1549000,0,0,0,4068000,None,USD,4796242000,108591000,None,None,3702232000,1094010000,None,None,873000,359786000,23709000,108591000,1489321000,None,None,None,None,None,38904000,None,None,None,None,None,775719000,2412000,2853263000,None,None,None,None,None,-35022000,None,None,None,None,None,None,None,None,None,None,None,None,None,None,None,85000000,USD,None,195000,None,768000,None,279600000,158506000,None,4068000,None,30115000,None,None,-5880000,None,9220000,None,None,2659000,None,None,None,15.05,14.85
14,2016-12-31,USD,0,0,9954000,0,0,5464000,0,0,8434000,0,15598000,None,11450000,0,0,None,None,None,0,0,0,2970000,0,0,0,5464000,None,USD,4585308000,108591000,None,None,3470656000,1114652000,None,None,892000,353495000,22790000,108591000,1553378000,None,None,None,None,None,38341000,None,None,None,None,None,665742000,8686000,2746017000,None,None,None,None,None,-35508000,None,None,None,None,None,None,None,None,None,None,None,None,None,None,None,85000000,USD,None,100000,None,505000,None,80407000,50901000,None,5464000,None,15449000,None,None,-3397000,None,1256000,None,None,1416000,None,None,None,15.55,15.05
15,2016-09-30,USD,0,0,9914000,0,0,4667000,0,0,6861000,0,14898000,None,9839000,0,0,None,None,None,0,0,0,2194000,0,0,0,4667000,None,USD,4523281000,108591000,None,None,3403747000,1119534000,None,None,891000,340990000,36398000,108591000,1586072000,None,None,None,None,None,38125000,None,None,None,None,None,600786000,5889000,2733960000,None,None,None,None,None,-35995000,None,None,None,None,None,None,None,None,None,None,None,None,None,None,None,86000000,USD,None,32000,None,344000,None,20255000,38806000,None,4667000,None,5049000,None,None,-1710000,None,1063000,None,None,488000,None,None,None,13.61,15.55
16,2016-06-30,USD,95022000,70640000,10586000,95022000,0,4881000,0,0,7714000,0,14545000,None,10059000,10487000,31903000,None,None,None,0,0,0,2833000,-1777000,0,15822000,4881000,None,USD,4500059000,109021000,None,14528000,3352430000,1147629000,None,None,918000,334019000,43174000,108591000,1608574000,199200000,2730433000,633680000,633680000,-53268000,38385000,214554000,1281435000,1039038000,177872000,None,578788000,4142000,2694833000,None,None,None,None,None,-36481000,None,None,None,None,None,None,None,None,None,None,None,None,None,None,None,90000000,USD,171800000,205000,-421632000,2225000,42942000,241519000,228568000,-5954000,4881000,-140936000,39177000,None,3155000,-7164000,482000,10990000,None,27493000,2193000,None,None,None,12.58,13.61
17,2016-03-31,USD,0,0,11007000,0,0,4168000,0,0,5835000,0,14495000,None,9200000,0,0,None,None,None,0,0,0,1667000,0,0,0,4168000,None,USD,4486009000,108591000,None,None,3321263000,1164746000,None,None,935000,329623000,42170000,108591000,1633896000,None,None,None,None,None,38598000,None,None,None,None,None,585317000,1500000,2660773000,None,None,None,None,None,-36968000,None,None,None,None,None,None,None,None,None,None,None,None,None,None,None,90000000,USD,None,216000,None,1225000,None,235666000,194202000,None,4168000,None,24478000,None,None,-5372000,None,3650000,None,None,1659000,None,None,None,12.35,12.58
18,2015-12-31,USD,0,0,11300000,0,0,3797000,0,0,5230000,0,13769000,None,8370000,0,0,None,None,None,0,0,0,1433000,0,0,0,3797000,None,USD,4405046000,108591000,None,None,3238570000,1166476000,None,None,935000,332083000,34976000,108591000,1669490000,None,None,None,None,None,39156000,None,None,None,None,None,585347000,2300000,2583185000,None,None,None,None,None,-37454000,None,None,None,None,None,None,None,None,None,None,None,None,None,None,None,90000000,USD,None,117000,None,435000,None,161892000,116550000,None,3797000,None,16811000,None,None,-3578000,None,1811000,None,None,1464000,None,None,None,12.67,12.35
19,2015-09-30,USD,0,0,9700000,0,0,2976000,0,0,3826000,0,14512000,None,6917000,0,0,None,None,None,0,0,0,850000,0,0,0,2976000,None,USD,4301941000,108591000,None,None,3138331000,1163610000,None,None,935000,329914000,46090000,108591000,1758533000,None,None,None,None,None,39256000,None,None,None,None,None,586376000,1700000,2463890000,None,None,None,None,None,-37940000,None,None,None,None,None,None,None,None,None,None,None,None,None,None,None,90000000,USD,None,92000,None,None,None,53577000,None,None,2976000,None,4996000,None,None,-1789000,None,878000,None,None,812000,None,None,None,11.47,12.67
