,fiscalDateEnding,reportedCurrency_x,totalRevenue,totalOperatingExpense,costOfRevenue,grossProfit,ebit,netIncome_x,researchAndDevelopment,effectOfAccountingCharges,incomeBeforeTax,minorityInterest,sellingGeneralAdministrative,otherNonOperatingIncome,operatingIncome,otherOperatingExpense,interestExpense,taxProvision,interestIncome,netInterestIncome,extraordinaryItems,nonRecurring,otherItems,incomeTaxExpense,totalOtherIncomeExpense,discontinuedOperations,netIncomeFromContinuingOperations,netIncomeApplicableToCommonShares,preferredStockAndOtherAdjustments,reportedCurrency_y,totalAssets,intangibleAssets,earningAssets,otherCurrentAssets,totalLiabilities,totalShareholderEquity,deferredLongTermLiabilities,otherCurrentLiabilities,commonStock,retainedEarnings,otherLiabilities,goodwill,otherAssets,cash,totalCurrentLiabilities,shortTermDebt,currentLongTermDebt,otherShareholderEquity,propertyPlantEquipment,totalCurrentAssets,longTermInvestments,netTangibleAssets,shortTermInvestments,netReceivables,longTermDebt,inventory,accountsPayable,totalPermanentEquity,additionalPaidInCapital,commonStockTotalEquity,preferredStockTotalEquity,retainedEarningsTotalEquity,treasuryStock,accumulatedAmortization,otherNonCurrrentAssets,deferredLongTermAssetCharges,totalNonCurrentAssets,capitalLeaseObligations,totalLongTermDebt,otherNonCurrentLiabilities,totalNonCurrentLiabilities,negativeGoodwill,warrants,preferredStockRedeemable,capitalSurplus,liabilitiesAndShareholderEquity,cashAndShortTermInvestments,accumulatedDepreciation,commonStockSharesOutstanding,reportedCurrency,investments,changeInLiabilities,cashflowFromInvestment,otherCashflowFromInvestment,netBorrowings,cashflowFromFinancing,otherCashflowFromFinancing,changeInOperatingActivities,netIncome_y,changeInCash,operatingCashflow,otherOperatingCashflow,depreciation,dividendPayout,stockSaleAndPurchase,changeInInventory,changeInAccountReceivables,changeInNetIncome,capitalExpenditures,changeInReceivables,changeInExchangeRate,changeInCashAndCashEquivalents,clossingVal,nextClossingVal
0,2020-06-30,USD,347652000,-200511000,134059000,-134059000,66626000,31429000,None,None,31189000,None,67408000,174000,66452000,-267919000,35437000,-240000,179000,-35258000,None,None,None,-240000,1010000,None,31429000,31338000,None,USD,5981581000,955196000,None,34968000,4858210000,1123371000,4406000,299743000,101000,-787751000,263429000,1912161000,56595000,177093000,393862000,9120000,9120000,-173000,1320475000,444237000,None,-1743986000,None,232176000,3146779000,None,84999000,None,None,101000,None,-787751000,-44418000,None,1349512000,None,5537344000,1227975000,3146779000,1313163000,4464348000,None,None,None,1955612000,5981581000,177093000,-2346274000,None,USD,-22089000,8992000,-22089000,-11524000,-397413000,-445542000,-50453000,30926000,31429000,-319886000,147745000,21818000,65498000,-50509000,6342000,None,None,5946000,10565000,14062000,None,-319886000,66.76,
1,2020-03-31,USD,406569000,-246065000,149494000,-149494000,78582000,40493000,None,None,42029000,None,82204000,-17989000,96571000,-328269000,36553000,1536000,190000,-36363000,None,None,None,1536000,-15675000,None,40493000,40402000,None,USD,6393001000,971190000,None,36797000,5255217000,1137784000,5401000,294984000,101000,-768693000,262279000,1912073000,53316000,496639000,538932000,169616000,169616000,-913000,1343672000,784585000,None,-1745479000,None,251149000,3382193000,None,74332000,None,None,101000,None,-768693000,-44362000,None,1381481000,None,5608416000,1243992000,3382193000,1328691000,4716285000,None,None,None,1951651000,6393001000,496639000,-2333838000,101000000,USD,-35588000,-25752000,-35588000,-9879000,1071272000,443639000,-629894000,-62952000,40493000,470983000,62932000,-37109000,63691000,-101638000,22573000,None,None,21899000,25709000,-290000,None,470983000,51.28,66.76
2,2019-12-31,USD,462659000,-295782000,154372000,-154372000,141621000,102753000,None,None,105245000,None,44407000,211000,141410000,-340189000,36376000,2492000,211000,-36165000,None,None,None,2492000,1881000,None,102753000,102661000,None,USD,5941155000,992244000,None,29051000,4760849000,1180306000,5713000,324095000,101000,-708408000,266256000,1912274000,56574000,26188000,672808000,226514000,226514000,685000,1349115000,310169000,None,-1724212000,None,254930000,2753604000,None,122199000,None,None,101000,None,-708408000,-34294000,None,1377353000,None,5630986000,1265022000,2753604000,1328724000,4088041000,None,None,None,1922222000,5941155000,26188000,-2311196000,100000000,USD,-52215000,9689000,-52215000,-8939000,-75034000,-167855000,-191000,37640000,102753000,2825000,222895000,25822000,64231000,-96747000,-59700000,None,7382000,13018000,43276000,7382000,None,2825000,89.26,51.28
3,2019-09-30,USD,457786000,-290288000,148846000,-148846000,141610000,99709000,None,None,103287000,None,80561000,168000,141442000,-370849000,38323000,3578000,168000,-38155000,None,None,None,3578000,199000,None,99709000,99618000,None,USD,5931736000,1019653000,None,28205000,4763915000,1167821000,5389000,298861000,101000,-714596000,264152000,1902685000,55764000,23287000,620173000,218105000,218105000,384000,1340769000,316553000,None,-1754517000,None,265061000,2835696000,None,103207000,None,None,101000,None,-714596000,-34094000,None,1352076000,None,5615183000,1212466000,2835696000,1302657000,4143742000,None,None,None,1916026000,5931736000,23287000,-2302396000,101000000,USD,96000,-499000,-172674000,-135650000,79956000,7845000,-96391000,7261000,99709000,6092000,170921000,9069000,65293000,-96635000,50015000,None,-16636000,13985000,37120000,-16636000,None,6092000,81.93,89.26
4,2019-06-30,USD,448742000,-290496000,146390000,-146390000,144338000,118396000,None,None,106016000,None,97090000,232000,144106000,-387586000,38322000,-12380000,232000,-38090000,None,None,None,-12380000,537000,None,118396000,118305000,None,USD,5799165000,953710000,None,35624000,4659870000,1139295000,4717000,298953000,100000,-717824000,261674000,1882553000,53522000,17254000,604475000,209696000,209696000,558000,1316258000,302159000,None,-1696968000,None,249281000,2762806000,None,95826000,None,None,100000,None,-717824000,-34094000,None,1344485000,None,5497006000,1203323000,2762806000,1287872000,4055395000,None,None,None,1890555000,5799165000,17254000,-2280132000,100000000,USD,-546000,52126000,-46070000,-10915000,-55390000,-145930000,-96039000,37903000,118396000,-15677000,176323000,-14006000,63031000,-96278000,12903000,None,-34301000,-8923000,34609000,-34301000,None,-15677000,80.71,81.93
5,2019-03-31,USD,384457000,-231253000,140470000,-140470000,90936000,51253000,None,None,53341000,None,96322000,153000,90783000,-327575000,37595000,2088000,-37442000,-37442000,None,None,None,2088000,4624000,None,51253000,51162000,None,USD,5794544000,978307000,None,36894000,4684966000,1109578000,20622000,275657000,100000,-740090000,277462000,1876356000,49958000,32828000,551217000,199930000,199930000,271000,1309649000,287836000,None,-1745085000,None,218114000,2826624000,None,75630000,None,None,100000,None,-740090000,-34094000,None,1342396000,None,5506708000,1204008000,2826624000,1286503000,4133749000,None,None,None,1883391000,5794544000,32828000,-2253376000,100000000,USD,2000,-46602000,-91075000,-65126000,136534000,41583000,-104597000,-70670000,51253000,11234000,60726000,-22765000,62838000,-96143000,32162000,None,15198000,804000,25951000,15198000,None,11234000,79.26,80.71
6,2018-12-31,USD,427898000,-633709000,142072000,-503098000,130832000,95693000,0,0,98421000,0,97237000,221000,130611000,-730946000,32411000,None,None,None,80000,0,0,2728000,-32158000,0,95693000,95601000,None,USD,4544641000,915453000,None,106599000,3412857000,1131784000,20734000,107202000,100000,-695337000,273254000,1919386000,51085000,21494000,455035000,204120000,204120000,12000,1295048000,363669000,None,-1703055000,None,235576000,2684568000,None,143713000,None,None,100000,None,-695337000,-25412000,None,51085000,None,4180972000,None,2684568000,252520000,2957822000,None,None,None,1852421000,4544641000,21494000,-2230677000,99000000,USD,2000,11663000,-463822000,-428360000,341549000,280380000,-446744000,32251000,95693000,11315000,194757000,20686000,59268000,-91841000,120639000,None,-1620000,9067000,35464000,-1620000,None,11315000,69.18,79.26
7,2018-09-30,USD,418498000,-269060000,140699000,-140699000,128518000,94056000,0,0,96668000,0,93942000,157000,128361000,-363002000,31850000,None,None,None,0,0,0,2612000,-32100000,0,94056000,93965000,None,USD,4124620000,773659000,None,127329000,3027661000,1096959000,2508000,107144000,99000,-699342000,252524000,1737401000,54349000,10609000,255984000,26728000,26728000,703000,1193313000,365898000,None,-1414101000,0,227960000,2519153000,0,122112000,0,0,99000,0,-699342000,-25412000,None,54349000,None,3758722000,None,2519153000,250016000,2771677000,None,None,None,1820911000,4124620000,10609000,-2218908000,99000000,USD,2000,-14034000,-58904000,-29205000,-20233000,-104381000,-172000,-7409000,94056000,-8980000,154305000,6985000,56303000,-90415000,6267000,0,-781000,11776000,29701000,-781000,None,-8297000,77.8,69.18
8,2018-06-30,USD,419800000,-276488000,140784000,-140784000,135836000,100431000,0,0,103944000,0,89833000,132000,135704000,-366321000,31892000,None,None,None,0,0,0,3513000,-29917000,0,100431000,100340000,None,USD,4119970000,753920000,None,133720000,3046450000,1073520000,1396000,116882000,99000,-703130000,247460000,1737357000,54386000,19588000,258035000,23945000,23945000,482000,1192618000,381689000,None,-1417757000,0,228381000,2540955000,0,117208000,0,0,99000,0,-703130000,-25412000,None,54386000,None,3738281000,None,2540955000,246064000,2788415000,None,None,None,1801481000,4119970000,19588000,-2202405000,99000000,USD,3000,27812000,-32569000,-3351000,-64267000,-132515000,-182000,32082000,100431000,9928000,175012000,4234000,56528000,-89997000,21749000,0,-21015000,7022000,29221000,-21015000,-386000,9542000,68.31,77.8
9,2018-03-31,USD,361026000,156853000,138293000,222733000,50475000,15052000,0,0,16896000,0,91312000,-15405000,65880000,65541000,33579000,None,None,None,0,0,0,1844000,-57685000,0,15052000,14961000,None,USD,4114527000,770370000,None,136721000,3074328000,1040199000,845000,99160000,98000,-713687000,246755000,1737402000,57856000,10046000,223591000,23978000,23978000,759000,1192900000,355999000,None,-1467573000,0,209232000,2603982000,0,100453000,0,0,98000,0,-713687000,-25412000,None,57856000,None,3758528000,None,2603982000,245910000,2850737000,None,None,None,1778441000,4114527000,10046000,-2179506000,99000000,USD,2000,-21739000,-28853000,-5603000,54467000,-117047000,-6408000,-57193000,15052000,-105128000,40772000,-34510000,58082000,-171376000,-138000,0,-9876000,33763000,23252000,-9876000,-297000,-105425000,63.66,68.31
10,2017-12-31,USD,398475000,139484000,138984000,259491000,120007000,87164000,0,0,87137000,0,83670000,None,120007000,55814000,32870000,None,None,None,0,0,0,-27000,-91735000,0,87164000,87072000,None,USD,4214345000,796348000,None,103349000,3110852000,1103493000,884000,92694000,98000,-639106000,244948000,1740454000,2579688000,115471000,325994000,17664000,17664000,1302000,1214138000,420519000,None,-1433309000,0,201699000,2539026000,0,215636000,0,0,98000,0,-639106000,-21300000,None,42886000,None,3793826000,None,2539026000,244948000,2784858000,None,None,None,1762499000,4214345000,115471000,-2170585000,98000000,USD,502000,-1764000,-209037000,-174656000,102257000,108846000,-5634000,-22241000,87164000,86187000,186378000,19514000,57355000,-278000,6867000,0,-17524000,3550000,34883000,20559000,-135000,86052000,74.24,63.66
11,2017-09-30,USD,399345000,132650000,134977000,264368000,131720000,96331000,0,0,99656000,0,83588000,2000,131718000,49062000,32064000,None,None,None,0,0,0,3325000,-12000,0,96331000,96240000,None,USD,4003230000,668667000,None,118003000,2912704000,1090526000,326000,103670000,98000,-644644000,241677000,1740469000,2452151000,29419000,238687000,17415000,2449429000,1480000,1180569000,370510000,None,-1318610000,0,223088000,2432014000,0,117602000,0,0,98000,0,-644644000,-21300000,None,43015000,None,3632720000,None,2432014000,241677000,2674017000,None,None,None,1754892000,4003230000,29419000,-2174393000,98000000,USD,2000,-25331000,-117669000,-91061000,56333000,-22650000,-147000,-19825000,96331000,-14434000,125885000,5599000,53039000,-81604000,2621000,0,0,2125000,26610000,-5878000,969000,-13465000,68.53,74.24
12,2017-06-30,USD,397078000,133826000,135075000,262003000,128106000,92394000,0,0,96127000,0,82651000,-71000,128177000,51175000,31979000,None,None,None,0,0,0,3733000,-571000,0,92394000,92303000,None,USD,3946077000,615858000,None,123510000,2874972000,1071105000,210000,114798000,98000,-659476000,239810000,1726444000,2384216000,42884000,260569000,17471000,2391854000,264000,1176523000,385338000,None,-1271197000,0,218944000,2374383000,0,128300000,0,0,98000,0,-659476000,-21300000,None,41914000,None,3560739000,None,2374383000,239810000,2614403000,None,None,None,1751519000,3946077000,42884000,-2154869000,98000000,USD,7000,35738000,-37941000,-9348000,-34399000,-111665000,-5004000,41892000,92394000,10651000,160257000,5936000,53057000,-81528000,4262000,0,0,4382000,28600000,-31250000,611000,11262000,73.57,68.53
13,2017-03-31,USD,346362000,139053000,131844000,214518000,75469000,41787000,0,0,43986000,0,88664000,4000,75465000,50389000,31483000,None,None,None,0,0,0,2199000,-31479000,0,41787000,41696000,None,USD,3924595000,631226000,None,129207000,2870867000,1053728000,0,95607000,98000,-670447000,239336000,1726379000,2399214000,31622000,246120000,39495000,39495000,-481000,1175037000,350344000,None,-1303877000,0,189515000,2385411000,0,111018000,0,0,98000,0,-670447000,-21300000,None,41509000,100000,3574251000,None,2385411000,239336000,2624747000,None,None,None,1745858000,3924595000,31622000,-2132469000,98000000,USD,4000,-22474000,-35419000,-16187000,74375000,-3172000,None,-39150000,41787000,-4095000,34496000,-39150000,52773000,-81484000,3937000,0,0,2515000,19236000,-955000,187000,-3908000,74.74,73.57
14,2016-12-31,USD,386717000,138978000,132369000,254348000,115370000,80525000,0,0,84151000,0,89623000,None,115370000,49355000,31219000,None,None,None,0,0,0,3626000,-80685000,0,80525000,80433000,None,USD,3900466000,637153000,None,88788000,2830938000,1069528000,1861000,91322000,98000,-630955000,236486000,1726358000,2401916000,35530000,277324000,33916000,33916000,-624000,1182715000,315835000,None,-1293983000,0,191517000,2315267000,0,152086000,0,0,98000,0,-630955000,-12303000,None,38405000,None,3584631000,None,2315267000,236486000,2553614000,None,None,None,1713312000,3900466000,35530000,-2111536000,98000000,USD,5000,4067000,-83898000,-55116000,-32179000,-101588000,-9887000,12956000,80525000,-1489000,183997000,22559000,53569000,-74213000,4804000,0,-22677000,6882000,28787000,16395000,-460000,-1949000,67.24,74.74
15,2016-09-30,USD,387516000,135964000,131778000,255738000,119776000,85061000,0,0,88674000,0,86846000,2000,119774000,49118000,31102000,None,None,None,0,0,0,3613000,252000,0,85061000,84970000,None,USD,3902520000,601567000,None,108920000,2846214000,1056306000,1745000,102485000,98000,-637372000,234180000,1726724000,2367677000,37479000,259091000,28824000,28824000,-27000,1179601000,355242000,None,-1271985000,0,208843000,2351198000,0,127782000,0,0,98000,0,-637372000,-12303000,None,39386000,None,3547278000,None,2351198000,234180000,2587123000,None,None,None,1705910000,3902520000,37479000,-2094330000,98000000,USD,3000,-21341000,-46172000,-18863000,-313881000,-84619000,None,4924000,85061000,-3990000,126801000,4924000,50639000,-74134000,3396000,0,0,9951000,27312000,-2433000,-268000,-4258000,65.31,67.24
16,2016-06-30,USD,387528000,137732000,132725000,254803000,117018000,81909000,0,0,85719000,0,86504000,-53000,117071000,51228000,31299000,None,None,None,0,0,0,3810000,1857000,0,81909000,81818000,None,USD,3912521000,623832000,None,113326000,2872790000,1039731000,2035000,113122000,98000,-648404000,232768000,1705099000,2367450000,41737000,268679000,23369000,23369000,301000,1181418000,363653000,None,-1289200000,0,208590000,2369308000,0,132188000,0,0,98000,0,-648404000,-12303000,None,38519000,None,3548868000,None,2369308000,232768000,2604111000,None,None,None,1700039000,3912521000,41737000,-2079222000,98000000,USD,5000,36973000,-33360000,-2471000,-171753000,-112888000,125000000,5807000,81909000,13240000,159488000,5807000,53212000,-73108000,6973000,0,0,9816000,30894000,-28229000,77000,13317000,66.3,65.31
17,2016-03-31,USD,338533000,122978000,128725000,209808000,83689000,51314000,0,0,53621000,0,82816000,-3141000,86830000,40162000,30068000,None,None,None,0,0,0,2307000,-33209000,0,51314000,51223000,91000,USD,3894512000,656155000,None,116629000,2873529000,1020983000,1466000,89979000,98000,-657310000,234760000,1705301000,2400207000,28420000,217009000,17856000,17856000,290000,1167048000,327257000,None,-1340473000,0,182208000,2420294000,0,109174000,0,0,98000,0,-657310000,-12303000,None,38751000,None,3567255000,None,2420294000,234760000,2656520000,None,None,None,1690208000,3894512000,28420000,-2058597000,97000000,USD,8000,-14271000,-517553000,-496942000,967228000,471003000,-425000000,-26508000,51314000,4987000,51537000,-26508000,52871000,-72930000,1705000,0,0,-3459000,20619000,-8410000,1106000,6093000,61.5,66.3
18,2015-12-31,USD,355969000,979134000,121686000,879636000,374262000,76529000,0,0,80309000,0,82783000,None,103248000,191433000,24480000,None,None,None,0,0,0,3780000,-64927000,0,262570000,76437000,None,USD,3391778000,402886000,None,83655000,2370719000,1021059000,2052000,87661000,97000,-635799000,228862000,1546594000,2014909000,22327000,241653000,21332000,16509000,-1178000,1095137000,281732000,None,-928421000,0,175750000,1898152000,0,132660000,0,0,97000,0,-635799000,-6099000,None,37395000,None,28034000,None,1898152000,228862000,2129066000,None,None,None,1664038000,3391778000,22327000,-2044102000,96000000,USD,-7000,2877000,-253880000,10422000,19532000,-224808000,-1130000,-6273000,76529000,-3708000,477650000,None,191433000,-265510000,28399000,0,-9034000,34730000,110425000,None,None,None,59.98,61.5
19,2015-09-30,USD,350701000,117381000,121676000,229025000,111646000,85965000,0,0,86937000,0,76143000,2000,111644000,41238000,24709000,None,None,None,0,0,0,972000,-19000,0,85965000,85874000,None,USD,3416400000,397191000,None,102699000,2410540000,1005860000,498000,99377000,97000,-645539000,228744000,1543261000,2006633000,29078000,232243000,19380000,None,-462000,1088924000,320843000,None,-934592000,0,189066000,1949055000,0,113486000,0,0,97000,0,-645539000,-6099000,None,36954000,None,29227000,None,1949055000,228744000,2178297000,None,None,None,1657863000,3416400000,29078000,-2077725000,97000000,USD,None,None,-195714000,8341000,None,-112677000,None,None,85965000,None,313470000,None,144396000,-198721000,24633000,0,0,None,80764000,None,None,None,52.18,59.98
