,fiscalDateEnding,reportedCurrency_x,totalRevenue,totalOperatingExpense,costOfRevenue,grossProfit,ebit,netIncome_x,researchAndDevelopment,effectOfAccountingCharges,incomeBeforeTax,minorityInterest,sellingGeneralAdministrative,otherNonOperatingIncome,operatingIncome,otherOperatingExpense,interestExpense,taxProvision,interestIncome,netInterestIncome,extraordinaryItems,nonRecurring,otherItems,incomeTaxExpense,totalOtherIncomeExpense,discontinuedOperations,netIncomeFromContinuingOperations,netIncomeApplicableToCommonShares,preferredStockAndOtherAdjustments,reportedCurrency_y,totalAssets,intangibleAssets,earningAssets,otherCurrentAssets,totalLiabilities,totalShareholderEquity,deferredLongTermLiabilities,otherCurrentLiabilities,commonStock,retainedEarnings,otherLiabilities,goodwill,otherAssets,cash,totalCurrentLiabilities,shortTermDebt,currentLongTermDebt,otherShareholderEquity,propertyPlantEquipment,totalCurrentAssets,longTermInvestments,netTangibleAssets,shortTermInvestments,netReceivables,longTermDebt,inventory,accountsPayable,totalPermanentEquity,additionalPaidInCapital,commonStockTotalEquity,preferredStockTotalEquity,retainedEarningsTotalEquity,treasuryStock,accumulatedAmortization,otherNonCurrrentAssets,deferredLongTermAssetCharges,totalNonCurrentAssets,capitalLeaseObligations,totalLongTermDebt,otherNonCurrentLiabilities,totalNonCurrentLiabilities,negativeGoodwill,warrants,preferredStockRedeemable,capitalSurplus,liabilitiesAndShareholderEquity,cashAndShortTermInvestments,accumulatedDepreciation,commonStockSharesOutstanding,reportedCurrency,investments,changeInLiabilities,cashflowFromInvestment,otherCashflowFromInvestment,netBorrowings,cashflowFromFinancing,otherCashflowFromFinancing,changeInOperatingActivities,netIncome_y,changeInCash,operatingCashflow,otherOperatingCashflow,depreciation,dividendPayout,stockSaleAndPurchase,changeInInventory,changeInAccountReceivables,changeInNetIncome,capitalExpenditures,changeInReceivables,changeInExchangeRate,changeInCashAndCashEquivalents,clossingVal,nextClossingVal
0,2020-03-31,USD,321363000,46972000,244401000,76962000,30717000,22429000,None,None,30717000,None,46972000,727000,29990000,None,None,8288000,-18000,None,None,None,None,8288000,662000,None,22429000,22429000,None,USD,993052000,66460000,None,20269000,200476000,773284000,32024000,None,124221000,1409994000,62147000,208371000,15342000,177798000,137146000,None,None,-10099000,296435000,381975000,None,517745000,None,87649000,None,96259000,137146000,None,None,124221000,None,1409994000,-750832000,None,39811000,None,611077000,19292000,1183000,31306000,63330000,None,None,None,None,993052000,177798000,-274436000,27515651,USD,-14473000,3340000,-14473000,-167000,None,-23714000,-527000,-13620000,22429000,-24428000,13759000,-13620000,9761000,-19272000,-3915000,-5776000,None,8212000,14306000,-10587000,None,-24428000,144.64,
1,2019-12-31,USD,355117000,45811000,255228000,99889000,54955000,43424000,None,None,54955000,None,45811000,877000,54078000,None,-19000,11531000,-39000,None,None,None,None,11531000,813000,None,43424000,43424000,None,USD,983703000,67729000,None,10503000,191241000,772758000,25647000,None,123007000,1406837000,56658000,208371000,11742000,202226000,133286000,None,None,-10169000,290971000,380273000,None,516362000,None,77061000,None,90483000,133286000,None,None,123007000,None,1406837000,-746917000,None,36359000,None,603430000,19704000,1297000,32308000,57955000,None,None,None,None,983703000,202226000,-266853000,27510912,USD,-14577000,-6522000,-14577000,-66000,None,-21942000,-2690000,-2586000,43424000,28765000,65284000,-2586000,9161000,-19245000,-7000,3942000,14498000,3367000,14511000,14498000,None,28765000,160.1,144.64
2,2019-09-30,USD,337054000,40404000,244946000,92108000,53131000,40745000,None,None,53131000,None,39518000,1427000,51704000,None,-19000,12386000,-20000,None,None,886000,None,12386000,478000,None,40745000,40745000,None,USD,962341000,69003000,None,9211000,193038000,749665000,23659000,5800000,124155000,1382658000,55057000,208371000,10873000,173461000,136573000,None,None,-10238000,280859000,368651000,None,491929000,None,91554000,None,94425000,136573000,None,None,124155000,None,1382658000,-746910000,None,35457000,None,593690000,19638000,1408000,32806000,56465000,None,None,None,None,962341000,173461000,-259323000,27484757,USD,-43345000,12357000,-43345000,-156000,None,-19577000,-243000,616000,40745000,-22827000,40095000,616000,8750000,-17869000,-1465000,-8353000,-15869000,1849000,43189000,-15869000,None,-22827000,138.65,160.1
3,2019-06-30,USD,323670000,34889000,245460000,78210000,44257000,33010000,None,None,44257000,None,33246000,936000,43321000,None,-19000,11247000,None,None,None,1643000,None,11247000,5956000,None,33010000,33010000,None,USD,905399000,70277000,None,10518000,178526000,726873000,22882000,1219000,122844000,1359782000,57374000,208371000,11138000,196288000,119706000,None,None,-10308000,247044000,368569000,None,448225000,None,75691000,None,86072000,119706000,None,None,122844000,None,1359782000,-745445000,None,11138000,None,536830000,None,None,35938000,58820000,None,None,None,None,905399000,196288000,-256282000,27491497,USD,-24763000,5963000,-24763000,2151000,None,-20513000,-268000,-6165000,33010000,8899000,54175000,-6165000,9171000,-17866000,-2379000,7048000,5472000,-324000,26914000,5472000,None,8899000,148.6,138.65
4,2019-03-31,USD,317882000,38069000,242485000,75397000,38657000,30604000,None,None,38657000,None,38069000,1329000,37328000,None,-19000,8053000,None,None,None,None,None,8053000,1241000,None,30604000,30604000,None,USD,886285000,71551000,None,5640000,171277000,715008000,20016000,1100000,121565000,1344638000,62480000,210429000,12502000,187389000,108797000,None,None,-8129000,224498000,367305000,None,433028000,None,81156000,None,93120000,108797000,None,None,121565000,None,1344638000,-743066000,None,12502000,None,518980000,None,None,42464000,62480000,None,None,None,None,886285000,187389000,-249060000,27504669,USD,-15645000,-1552000,-15645000,383000,None,-21705000,-558000,789000,30604000,-7142000,30208000,789000,8219000,-17874000,-3273000,-793000,-9205000,2146000,16028000,-9205000,None,-7142000,156.69,148.6
5,2018-12-31,USD,349581000,30237000,258189000,91392000,62194000,47907000,0,None,62194000,None,30237000,1039000,61155000,None,0,None,None,None,None,None,None,14287000,10644000,None,47907000,47907000,None,USD,875458000,72824000,None,6586000,170687000,704771000,19282000,35965000,120828000,1331908000,60831000,211347000,10739000,194531000,109856000,None,None,-8172000,215035000,365513000,None,420600000,None,72069000,None,92327000,109856000,None,None,120828000,None,1331908000,-739793000,None,10739000,None,509945000,None,None,41549000,60831000,None,None,None,None,875458000,194531000,-245980000,27505463,USD,None,-1978000,-76642000,-58444000,None,-19117000,-1076000,-472000,47907000,-23404000,72355000,-472000,7514000,-17875000,-166000,11988000,13310000,-5914000,18198000,13310000,None,-23404000,176.86,156.69
6,2018-09-30,USD,316654000,32079000,235455000,81199000,50434000,39028000,0,None,50434000,None,32079000,1314000,49120000,None,0,None,None,None,None,None,None,11406000,1314000,None,39028000,39028000,None,USD,840183000,55211000,None,6315000,166164000,674019000,17365000,6100000,119985000,1301876000,58663000,168030000,10700000,217935000,107501000,None,None,-8215000,195772000,410470000,None,450778000,0,83398000,0,102822000,107501000,0,0,119985000,0,1301876000,-739627000,None,10700000,None,429713000,None,None,41298000,58663000,None,None,None,None,840183000,217935000,-240548000,27489554,USD,None,12310000,-9811000,-71000,None,-18866000,-778000,2763000,39028000,12183000,40860000,2763000,6944000,-16495000,-1593000,-11961000,-10325000,2101000,9740000,-10325000,None,12183000,149.21,176.86
7,2018-06-30,USD,308170000,33331000,231988000,76182000,43802000,32387000,0,0,43802000,0,33331000,951000,42851000,0,0,None,None,None,0,0,0,11415000,413000,0,32387000,32387000,None,USD,804491000,56176000,None,9304000,152209000,652282000,16804000,1306000,119232000,1279343000,58442000,168030000,10595000,205752000,93767000,None,None,-8259000,190813000,378877000,None,428076000,0,72960000,0,90861000,93767000,0,0,119232000,0,1279343000,-738034000,None,10595000,None,425614000,None,None,41638000,58442000,None,None,None,None,804491000,205752000,-234914000,27487989,USD,None,-1159000,-8537000,-73000,None,-16916000,-429000,2467000,32387000,18422000,43875000,2467000,6997000,-16487000,0,-2747000,3788000,2142000,8464000,3788000,None,18422000,138.42,149.21
8,2018-03-31,USD,296174000,30248000,228261000,67913000,38040000,27621000,0,0,38040000,0,30248000,375000,37665000,0,0,None,None,None,0,0,0,10419000,-146000,0,27621000,27621000,None,USD,786565000,57182000,None,11840000,153702000,632863000,15740000,36329000,118106000,1263443000,43446000,168030000,235137000,187330000,94516000,None,None,-10652000,187413000,364015000,None,407651000,0,76731000,0,88114000,94516000,0,0,118106000,0,1263443000,-738034000,None,9925000,None,422550000,None,None,43446000,59186000,None,None,None,None,786565000,187330000,-229316000,27478232,USD,None,8159000,-7321000,-47000,None,-17000000,-268000,6402000,27621000,8563000,32884000,6402000,6869000,-16483000,-249000,-10455000,-8389000,2677000,7274000,-8389000,None,8563000,123.14,138.42
9,2017-12-31,USD,319665000,36676000,235724000,83941000,47677000,45920000,0,0,47677000,0,36676000,412000,47265000,0,0,None,None,None,0,0,0,1757000,-93000,0,45920000,45920000,None,USD,764476000,58189000,None,18311000,143467000,621009000,14867000,32490000,117203000,1250416000,43531000,168030000,236361000,178767000,85069000,None,None,-8825000,185018000,343097000,None,394790000,0,68360000,0,77659000,85069000,0,0,117203000,0,1250416000,-737785000,None,10142000,None,421379000,None,None,43531000,58398000,None,None,None,None,764476000,178767000,-224695000,27450957,USD,None,-10442000,-6790000,3000,None,-16662000,-189000,-12676000,45920000,21589000,45041000,-12676000,6614000,-16469000,-4000,7607000,1561000,-6569000,6793000,14587000,None,21589000,129.21,123.14
10,2017-09-30,USD,298916000,31151000,223439000,75477000,44684000,29386000,0,0,44684000,0,31151000,358000,44326000,0,0,None,None,None,0,0,0,15298000,0,0,29386000,29386000,None,USD,749163000,59195000,None,5704000,158617000,590546000,23179000,38120000,116242000,1220965000,39822000,168030000,234274000,157178000,95616000,None,None,-8880000,183797000,331092000,None,363321000,0,82944000,0,85266000,95616000,0,0,116242000,0,1220965000,-737781000,None,7049000,None,418071000,None,None,39822000,63001000,None,None,None,None,749163000,157178000,-220494000,27442147,USD,None,19162000,-8804000,-310000,None,-16036000,-95000,5971000,29386000,14074000,38914000,5971000,6416000,-15092000,-849000,-8890000,0,-105000,8494000,-13026000,None,14074000,120.12,129.21
11,2017-06-30,USD,289874000,29863000,217388000,72486000,42954000,28487000,0,0,42954000,0,29863000,331000,42623000,0,0,None,None,None,0,0,0,14467000,-18023000,0,28487000,28487000,None,USD,716405000,60162000,None,11744000,140428000,575977000,25207000,35270000,115174000,1206671000,38598000,168030000,234588000,143104000,76623000,None,None,-8936000,180671000,301146000,None,347785000,0,69922000,0,76376000,76623000,0,0,115174000,0,1206671000,-736932000,None,6396000,None,415259000,None,None,38598000,63805000,None,None,None,None,716405000,143104000,-216584000,27448424,USD,None,-13963000,-5640000,1306000,None,-14928000,166000,-2958000,28487000,18353000,38921000,3569000,6556000,-15094000,0,3257000,-2598000,6679000,6946000,4336000,None,18353000,122.62,120.12
12,2017-03-31,USD,293834000,49892000,221929000,71905000,22157000,14471000,0,0,22157000,0,49892000,144000,22013000,0,0,None,None,None,0,0,0,7686000,0,0,14471000,14471000,None,USD,712009000,63819000,None,15881000,152829000,559180000,17174000,50470000,113950000,1193278000,43345000,164908000,236248000,124751000,92310000,None,None,-11116000,180439000,295322000,None,330453000,0,75056000,0,79634000,92310000,0,0,113950000,0,1193278000,-736932000,None,7521000,None,416687000,None,None,43345000,60519000,None,None,None,None,712009000,124751000,-214253000,27442693,USD,None,21580000,-8227000,-6000,None,-15147000,803000,-7445000,14471000,6244000,29618000,-7445000,6407000,-15092000,-858000,482000,0,-2874000,8221000,-3003000,None,6244000,128.84,122.62
13,2016-12-31,USD,326773000,34381000,233034000,93739000,59564000,38956000,0,0,59564000,0,34381000,206000,59358000,0,0,None,None,None,0,0,0,20608000,0,0,38956000,38956000,None,USD,691458000,64820000,None,6899000,131975000,559483000,20838000,30425000,112852000,1193899000,41292000,164908000,237574000,118507000,69845000,None,None,-11194000,176925000,276959000,None,329755000,0,71438000,0,80115000,69845000,0,0,112852000,0,1193899000,-736074000,None,7846000,None,414499000,None,None,41292000,62130000,None,None,None,None,691458000,118507000,-218846000,27430232,USD,None,-24318000,-42689000,-34995000,None,-14994000,90000,-2655000,38956000,-27240000,30443000,-2655000,5957000,-15084000,0,10079000,0,1676000,7694000,748000,None,-27240000,141.39,128.84
14,2016-09-30,USD,291361000,29880000,210727000,80634000,50841000,33400000,0,0,50841000,0,29880000,87000,50754000,0,0,None,None,None,0,0,0,17441000,0,0,33400000,33400000,None,USD,674368000,44175000,None,4071000,139863000,534505000,20287000,51242000,111824000,1170027000,26794000,143788000,196215000,145747000,92782000,None,None,-11272000,167879000,310274000,None,346542000,0,70691000,0,89765000,92782000,0,0,111824000,0,1170027000,-736074000,None,8252000,None,364094000,None,None,26794000,47081000,None,None,None,None,674368000,145747000,-215458000,27423599,USD,None,20487000,-4052000,92000,None,-13654000,64000,3573000,33400000,27667000,45373000,3573000,5986000,-13710000,-8000,-13668000,0,274000,4144000,-4679000,None,27667000,132.09,141.39
15,2016-06-30,USD,284490000,28521000,209346000,75144000,46644000,30614000,0,0,46644000,0,28521000,21000,46623000,0,0,None,None,None,0,0,0,16030000,63000,0,30614000,30614000,None,USD,634732000,44866000,None,7644000,121134000,513598000,21433000,33072000,110677000,1150337000,26698000,143788000,197310000,118080000,73003000,None,None,-11350000,169595000,267827000,None,324944000,0,66006000,0,76097000,73003000,0,0,110677000,0,1150337000,-736066000,None,8656000,None,366905000,None,None,26698000,48131000,None,None,None,None,634732000,118080000,-210599000,27423550,USD,None,-141000,-5332000,-268000,None,-13029000,680000,1445000,30614000,23653000,42014000,2576000,6029000,-13709000,0,-247000,-3547000,-1019000,5064000,4202000,None,23653000,127.61,132.09
16,2016-03-31,USD,287765000,28980000,214841000,72924000,44069000,29011000,0,0,44069000,0,28980000,125000,43944000,0,0,None,None,None,0,0,0,15058000,0,0,29011000,29011000,None,USD,615384000,45557000,None,9540000,116893000,498491000,24265000,32591000,109707000,1133432000,20863000,143788000,196530000,94427000,71765000,None,None,-8582000,168810000,250044000,None,309146000,0,70227000,0,75850000,71765000,0,0,109707000,0,1133432000,-736066000,None,7185000,None,365340000,None,None,20863000,45128000,None,None,None,None,615384000,94427000,-205677000,27406198,USD,None,-3858000,-4338000,-93000,None,-14501000,326000,None,29011000,7286000,26125000,-1182000,5969000,-13698000,-155000,4621000,0,1044000,4245000,-9480000,None,7286000,110.57,127.61
17,2015-12-31,USD,324769000,31479000,241175000,83594000,51910000,34511000,0,0,51910000,0,31479000,-205000,52115000,0,0,None,None,None,0,0,0,17399000,0,0,34511000,34511000,None,USD,603897000,46248000,None,8032000,121291000,482606000,23258000,32693000,109029000,1118119000,21834000,143788000,197610000,87141000,76199000,None,None,-8631000,169891000,236396000,None,292570000,0,60752000,0,80471000,76199000,0,0,109029000,0,1118119000,-735911000,None,7574000,None,367501000,None,None,21834000,45092000,None,None,None,None,603897000,87141000,-203919000,27374600,USD,None,-21327000,-4050000,-48000,974000,-149354000,225000,None,34511000,-112269000,41135000,-2536000,6110000,-150553000,0,9684000,1731000,1329000,4002000,13364000,None,-112269000,115.46,110.57
18,2015-09-30,USD,294085000,26079000,226118000,67967000,42010000,27628000,0,0,42010000,0,26079000,122000,41888000,0,0,None,None,None,0,0,0,14382000,0,0,27628000,27628000,None,USD,752027000,47025000,None,18273000,155305000,596722000,35119000,38794000,108448000,1234161000,23694000,143788000,198961000,199410000,96492000,None,None,-9976000,171087000,381979000,None,405909000,0,92414000,0,90155000,96492000,0,0,108448000,0,1234161000,-735911000,None,8148000,None,370048000,None,None,23694000,58813000,None,None,None,None,752027000,199410000,-199640000,27364707,USD,None,21212000,-3703000,-343000,None,-12400000,186000,None,27628000,17208000,33311000,2587000,6039000,-12586000,0,-12256000,0,-266000,3360000,-11633000,None,17208000,97.48,115.46
19,2015-06-30,USD,277716000,26157000,212726000,64990000,38701000,25568000,0,0,38701000,0,26157000,-132000,38833000,0,0,None,None,None,0,0,0,13133000,-309000,0,25568000,25568000,None,USD,714944000,47771000,None,20460000,134026000,580918000,35728000,35821000,107767000,1219119000,23654000,143788000,199635000,182202000,74644000,None,None,-10057000,172311000,342998000,None,389359000,0,82897000,0,77899000,74644000,0,0,107767000,0,1219119000,-735911000,None,8076000,None,371946000,None,None,23654000,59382000,None,None,None,None,714944000,182202000,-194676000,27360581,USD,None,-2420000,-2946000,-400000,None,-12478000,107000,5229000,25568000,20785000,36209000,7082000,6174000,-12585000,0,-5630000,-1900000,-1646000,2546000,7081000,None,20785000,90.85,97.48
