,fiscalDateEnding,reportedCurrency_x,totalRevenue,totalOperatingExpense,costOfRevenue,grossProfit,ebit,netIncome_x,researchAndDevelopment,effectOfAccountingCharges,incomeBeforeTax,minorityInterest,sellingGeneralAdministrative,otherNonOperatingIncome,operatingIncome,otherOperatingExpense,interestExpense,taxProvision,interestIncome,netInterestIncome,extraordinaryItems,nonRecurring,otherItems,incomeTaxExpense,totalOtherIncomeExpense,discontinuedOperations,netIncomeFromContinuingOperations,netIncomeApplicableToCommonShares,preferredStockAndOtherAdjustments,reportedCurrency_y,totalAssets,intangibleAssets,earningAssets,otherCurrentAssets,totalLiabilities,totalShareholderEquity,deferredLongTermLiabilities,otherCurrentLiabilities,commonStock,retainedEarnings,otherLiabilities,goodwill,otherAssets,cash,totalCurrentLiabilities,shortTermDebt,currentLongTermDebt,otherShareholderEquity,propertyPlantEquipment,totalCurrentAssets,longTermInvestments,netTangibleAssets,shortTermInvestments,netReceivables,longTermDebt,inventory,accountsPayable,totalPermanentEquity,additionalPaidInCapital,commonStockTotalEquity,preferredStockTotalEquity,retainedEarningsTotalEquity,treasuryStock,accumulatedAmortization,otherNonCurrrentAssets,deferredLongTermAssetCharges,totalNonCurrentAssets,capitalLeaseObligations,totalLongTermDebt,otherNonCurrentLiabilities,totalNonCurrentLiabilities,negativeGoodwill,warrants,preferredStockRedeemable,capitalSurplus,liabilitiesAndShareholderEquity,cashAndShortTermInvestments,accumulatedDepreciation,commonStockSharesOutstanding,reportedCurrency,investments,changeInLiabilities,cashflowFromInvestment,otherCashflowFromInvestment,netBorrowings,cashflowFromFinancing,otherCashflowFromFinancing,changeInOperatingActivities,netIncome_y,changeInCash,operatingCashflow,otherOperatingCashflow,depreciation,dividendPayout,stockSaleAndPurchase,changeInInventory,changeInAccountReceivables,changeInNetIncome,capitalExpenditures,changeInReceivables,changeInExchangeRate,changeInCashAndCashEquivalents,clossingVal,nextClossingVal
0,2020-06-30,USD,15587000,9116000,None,15587000,6471000,5100000,None,None,6471000,None,9116000,None,6471000,1354000,626000,1371000,9641000,9015000,None,None,None,1371000,None,None,5100000,5100000,None,USD,1118937000,3097000,None,None,1001657000,117280000,None,944204000,46000,40938000,16977000,17532000,720838000,18187000,969814000,8000000,None,9421000,20844000,31763000,1017238000,96651000,306825000,13576000,31843000,None,17610000,None,None,46000,None,40938000,-2349000,None,28463000,None,1087174000,None,31843000,None,31843000,None,None,None,69224000,1118937000,18187000,None,None,USD,-124837000,0,-124837000,-2000,8990000,121490000,113724000,-1292000,5100000,-10595000,-7248000,None,671000,-898000,None,None,-2536000,-9191000,100000,None,None,None,24.71,
1,2020-03-31,USD,12255000,8107000,None,12255000,4148000,3363000,None,None,4148000,None,8107000,None,4148000,1168000,1216000,785000,9318000,8102000,None,None,None,785000,None,None,3363000,3363000,None,USD,989074000,2764000,327586000,None,877940000,111134000,None,830480000,46000,36736000,15117000,17532000,584765000,28782000,847087000,None,None,7228000,20991000,40932000,878548000,90838000,314489000,12150000,30853000,None,16607000,None,None,46000,None,36736000,-2023000,None,28307000,None,948142000,None,30853000,None,30853000,None,None,None,69147000,989074000,28782000,None,5000000,USD,29207000,2948000,29132000,45000,-11346000,-18824000,-6591000,2948000,3363000,15088000,4780000,-933000,893000,-920000,33000,None,-928000,-1491000,120000,None,None,15088000,20.4,24.71
2,2019-12-31,USD,11628000,8337000,None,11628000,3291000,3268000,None,None,3291000,None,8337000,None,3291000,1281000,1471000,23000,9489000,8018000,None,None,None,23000,-359000,None,3268000,3268000,None,USD,998465000,2829000,374604000,13054000,889858000,108607000,None,835048000,46000,34293000,12157000,17532000,565213000,13694000,850659000,3000000,None,5239000,21133000,25088000,903965000,88246000,362998000,11394000,39199000,290000,12611000,None,None,46000,None,34293000,None,None,27918000,None,973377000,None,39199000,None,39199000,None,None,None,69029000,998465000,13694000,None,4597396,USD,-6343000,-1219000,-5879000,516000,-12931000,-12485000,1294000,-1219000,3268000,-8042000,10322000,320000,973000,-884000,36000,None,341000,6980000,52000,None,None,-8042000,25.05,20.4
3,2019-09-30,USD,11814000,8618000,None,11814000,3196000,2613000,None,None,3196000,None,8618000,None,3196000,1375000,1786000,583000,9445000,7659000,None,None,None,583000,-341000,None,2613000,2613000,None,USD,1008731000,2834000,387597000,20007000,902693000,106038000,None,833754000,44000,36843000,13217000,17532000,551405000,21736000,864763000,17200000,None,5176000,21338000,34004000,904972000,85672000,369317000,12268000,37930000,473000,13809000,None,None,44000,None,36843000,None,None,28051000,None,974727000,None,37930000,None,37930000,None,None,None,63975000,1008731000,21736000,None,4375532,USD,3073000,0,3073000,298000,-3204000,143000,4222000,1251000,2613000,7437000,4221000,744000,597000,-875000,None,None,739000,-979000,289000,None,None,7437000,23.43,25.05
4,2019-06-30,USD,11069000,7965000,None,11069000,3104000,2598000,None,None,3104000,None,7965000,None,3104000,1202000,1812000,506000,9293000,7481000,None,None,None,506000,-386000,None,2598000,2598000,None,USD,1001889000,2858000,398988000,18133000,899010000,102879000,None,829532000,44000,35105000,10347000,17532000,540809000,14299000,863076000,22400000,None,3826000,21314000,408535000,523460000,82489000,382295000,11941000,35934000,91000,11144000,None,None,44000,None,35105000,None,None,28190000,None,593354000,None,35934000,None,35934000,None,None,None,63904000,1001889000,396594000,None,4372116,USD,-12230000,0,-12230000,-535000,9570000,16427000,7731000,-854000,2598000,-34000,-4231000,-599000,541000,-874000,None,None,-601000,-5915000,454000,None,None,-34000,23.95,23.43
5,2019-03-31,USD,10452000,7355000,None,10252000,2524000,2183000,None,None,2524000,None,4791000,None,2524000,1174000,1688000,341000,8884000,7196000,None,None,None,341000,-373000,None,2183000,2183000,None,USD,981003000,2925000,396993000,11399000,884156000,96847000,None,821801000,44000,33381000,13024000,17532000,522576000,14333000,849481000,10300000,None,-422000,21111000,414606000,390386000,78774000,387392000,12881000,38464000,54000,13591000,None,None,44000,None,33381000,None,None,27549000,None,566397000,None,38464000,None,38464000,None,None,None,63844000,981003000,401725000,None,4372116,USD,7103000,-1605000,7103000,7346000,-8133000,-10855000,-11547000,-1605000,2183000,-4781000,-1029000,-464000,246000,-875000,None,None,-430000,-2093000,243000,None,None,-4781000,22.81,23.95
6,2018-12-31,USD,10028000,7249000,2145000,10028000,2381000,2462000,0,0,2381000,0,7647000,None,2381000,1177000,2272000,-166000,8823000,7178000,-85000,0,0,-81000,1102000,0,2462000,2462000,None,USD,985784000,3091000,397864000,9374000,893883000,91901000,None,823648000,44000,32073000,12896000,17532000,523781000,19114000,859336000,20000000,None,-3991000,21127000,420765000,494116000,73773000,388345000,13306000,36897000,35000,13338000,None,None,44000,None,32073000,None,None,29153000,None,565019000,None,36897000,None,36897000,None,None,None,63775000,985784000,407459000,None,4372116,USD,-24148000,0,-24184000,120000,-38847000,16683000,56372000,2535000,2462000,2828000,10329000,-685000,998000,-842000,534000,None,None,5463000,156000,None,None,2828000,23.2,22.81
7,2018-09-30,USD,11297000,7712000,1916000,11297000,3585000,3020000,0,0,3585000,0,7712000,None,3585000,1039000,39000,None,None,None,0,0,0,565000,-375000,0,3020000,3020000,None,USD,962330000,3230000,None,12496000,875520000,86810000,0,767276000,42000,35702000,12115000,17532000,510358000,16286000,840093000,60300000,5000000,-7394000,21225000,407775000,483225000,66048000,376039000,15450000,35427000,139000,12517000,0,0,42000,0,35702000,0,None,29343000,None,554555000,None,35427000,None,35427000,None,None,None,58460000,962330000,392325000,None,4162779,USD,7280000,-70000,7465000,282000,-19924000,-18721000,1985000,-70000,3020000,-3597000,7659000,236000,1058000,-832000,50000,2912000,0,3415000,97000,None,None,-3597000,29.0,23.2
8,2018-06-30,USD,10839000,7566000,1497000,10839000,3273000,2845000,0,0,3273000,0,7566000,None,3273000,1190000,60000,None,None,None,0,0,0,428000,-367000,0,2845000,2845000,None,USD,978180000,3358000,None,16223000,891765000,86415000,0,765291000,41000,33514000,10524000,17532000,494485000,19883000,861764000,85600000,5000000,-5496000,21381000,432244000,473160000,65525000,398137000,14224000,30001000,452000,10873000,0,0,41000,0,33514000,0,None,30505000,None,545936000,None,30001000,None,30001000,None,None,None,58356000,978180000,418020000,None,4147946,USD,-29439000,2424000,-30008000,9000,41527000,36577000,-4270000,2424000,2845000,6841000,272000,-1012000,1073000,-830000,150000,0,0,-5058000,578000,None,None,6841000,28.5,29.0
9,2018-03-31,USD,9795000,7440000,1207000,9795000,2355000,2099000,0,0,2355000,0,7440000,None,2355000,1291000,820000,None,None,None,0,0,0,256000,-362000,0,2099000,2099000,None,USD,938994000,3504000,None,10520000,854546000,84448000,0,769561000,41000,31499000,10703000,17532000,468569000,13042000,820269000,39747000,10747000,-5252000,21051000,424711000,442466000,63412000,398109000,13560000,34277000,416000,10961000,0,0,41000,0,31499000,0,None,29730000,None,514283000,None,34277000,None,34277000,None,None,None,58160000,938994000,411151000,None,5000000,USD,-17105000,-1232000,-17562000,20000,7381000,10897000,4003000,-1232000,2099000,-3542000,3123000,780000,1062000,-821000,334000,1409000,0,414000,477000,None,None,-3542000,29.15,28.5
10,2017-12-31,USD,9835000,7202000,1166000,9835000,2633000,2442000,0,0,2633000,0,7202000,None,2633000,5565000,4367000,None,None,None,0,0,0,191000,-1788000,0,2442000,2442000,None,USD,929454000,3659000,None,10944000,841832000,87622000,0,765558000,41000,30214000,9681000,17532000,451332000,16584000,806839000,31600000,25000000,-405000,20824000,417604000,440278000,66431000,387983000,13037000,34993000,6971000,9681000,0,0,41000,0,30214000,0,None,29557000,None,511850000,None,34993000,None,34993000,None,None,None,57772000,929454000,404567000,None,4081659,USD,-8119000,-1510000,-8052000,149000,-30778000,1190000,32548000,-2362000,2442000,-2188000,4674000,-1019000,1092000,-785000,205000,4372000,0,3669000,82000,None,None,-2188000,28.99,29.15
11,2017-09-30,USD,10438000,15622000,1019000,10438000,-5184000,-2661000,0,0,-5184000,0,15622000,None,-5184000,6910000,-2362000,None,None,None,0,0,0,-2523000,0,0,-2661000,-2661000,None,USD,930129000,3742000,None,12989000,843126000,87003000,0,733010000,39000,33897000,12795000,17532000,452659000,18772000,810205000,64400000,97321000,958000,20999000,421237000,437022000,65729000,389388000,13077000,32921000,9260000,12795000,0,0,39000,0,33897000,0,None,29597000,None,508892000,None,32921000,None,32921000,None,None,None,52109000,930129000,408160000,None,3873781,USD,-5051000,349000,-10530000,-4163000,33440000,20654000,-12011000,349000,-2661000,8178000,-1946000,92000,1094000,-775000,0,1235000,0,-820000,1316000,None,None,8178000,28.25,28.99
12,2017-06-30,USD,10664000,7539000,980000,10664000,3125000,2383000,0,0,3125000,0,7539000,None,3125000,-297000,1580000,None,None,None,0,0,0,742000,0,0,2383000,2383000,None,USD,910799000,3802000,None,13847000,819764000,91035000,0,745022000,39000,37333000,10911000,17532000,446766000,10594000,786933000,31000000,63831000,1596000,19938000,412126000,432497000,69701000,389842000,11690000,32831000,10762000,10911000,0,0,39000,0,37333000,0,None,24904000,None,498673000,None,32831000,None,32831000,None,None,None,52067000,910799000,400436000,None,3871045,USD,2515000,-1102000,2641000,165000,-4494000,-12933000,-7665000,-1102000,2383000,-9468000,824000,-735000,1111000,-774000,0,0,0,-833000,39000,None,None,-9468000,30.5,28.25
13,2017-03-31,USD,9959000,7061000,870000,9959000,2898000,2205000,0,0,2898000,0,7061000,None,2898000,348000,0,None,None,None,0,0,0,693000,0,0,2205000,2205000,None,USD,923017000,3849000,None,None,836348000,86669000,0,752686000,39000,35724000,15387000,17532000,455253000,20062000,801523000,33450000,46941000,-1119000,20156000,430180000,426543000,65288000,396920000,13198000,34825000,9591000,15387000,0,0,39000,0,35724000,0,None,24757000,None,492837000,None,34825000,None,34825000,None,None,None,52025000,923017000,416982000,None,3869922,USD,-5432000,-99000,-5211000,233000,-4642000,5773000,11166000,None,2205000,66000,-496000,-539000,1079000,-774000,23000,0,0,-3142000,12000,None,None,66000,30.43,30.5
14,2016-12-31,USD,9787000,7347000,813000,9787000,2440000,2345000,0,0,2440000,0,7347000,None,2440000,5740000,3191000,None,None,None,0,0,0,95000,-2024000,0,2345000,2345000,None,USD,911382000,3986000,None,9757000,826431000,84951000,0,741521000,38000,34293000,12043000,17532000,443722000,19996000,792664000,39100000,10000000,-1348000,20407000,418587000,425978000,63433000,385563000,13028000,33767000,6796000,12043000,0,0,38000,0,34293000,0,None,24892000,None,492795000,None,33767000,None,33767000,None,None,None,51968000,911382000,405559000,None,3868077,USD,-12993000,-3068000,-13071000,1171000,-13642000,11320000,25812000,-1304000,2345000,2346000,4097000,-161000,1123000,-745000,-105000,14424000,0,3858000,78000,None,None,2346000,28.03,30.43
15,2016-09-30,USD,10144000,7394000,948000,10144000,2750000,2094000,0,0,2750000,0,7394000,None,2750000,-2001000,0,None,None,None,0,0,0,656000,0,0,2094000,2094000,None,USD,907684000,4042000,None,None,817898000,89786000,0,715711000,36000,37437000,15728000,17532000,429097000,17650000,784139000,52700000,65225000,5018000,20607000,402108000,439152000,68212000,374426000,10032000,33759000,10276000,15728000,0,0,36000,0,37437000,0,None,24243000,None,505576000,None,33759000,None,33759000,None,None,None,47295000,907684000,392076000,None,3661355,USD,-10039000,4302000,-10100000,71000,5698000,5568000,91000,None,2156000,3333000,7865000,-787000,1128000,-730000,509000,9785000,0,1128000,132000,None,None,3333000,26.49,28.03
16,2016-06-30,USD,10210000,7211000,1110000,10210000,2999000,2326000,0,0,2999000,0,7211000,None,2999000,631000,0,None,None,None,0,0,0,754000,0,0,2129000,2326000,None,USD,896322000,4148000,None,None,806955000,89367000,0,715621000,36000,36073000,10623000,17532000,420406000,14317000,774244000,48000000,59527000,6495000,20760000,390343000,440121000,67687000,366550000,9476000,32711000,10775000,10623000,0,0,36000,0,36073000,0,None,23418000,None,505979000,None,32711000,None,32711000,None,None,None,46763000,896322000,380867000,None,4000000,USD,-8168000,-450000,-7906000,470000,-706000,6251000,7230000,None,2326000,4464000,6119000,-168000,1106000,-724000,451000,7607000,0,3386000,208000,None,None,4464000,25.33,26.49
17,2016-03-31,USD,10248000,7162000,820000,10248000,3086000,2393000,0,0,3086000,0,7162000,None,3086000,0,0,None,None,None,0,0,0,809000,0,0,2277000,2393000,None,USD,892454000,4188000,None,None,807254000,85200000,0,708392000,36000,34552000,17495000,18284000,428145000,9853000,772998000,47111000,None,4300000,20844000,393857000,433302000,63480000,373633000,10371000,34256000,13733000,17495000,0,0,36000,0,34552000,0,None,22731000,None,498597000,None,34256000,None,34256000,None,None,None,46312000,892454000,383486000,None,4000000,USD,-9658000,-2088000,-9206000,630000,10659000,4554000,-6333000,None,2393000,-3716000,936000,-1425000,1061000,-713000,941000,2836000,0,1111000,178000,None,None,-3716000,25.01,25.33
18,2015-12-31,USD,10660000,7344000,770000,10660000,3316000,2584000,0,0,3316000,0,7344000,None,3316000,4651000,3081000,None,None,None,0,0,0,732000,-1853000,0,2584000,2584000,None,USD,878376000,4304000,None,18467000,797806000,80570000,0,714727000,35000,32988000,12421000,17532000,408461000,13569000,764748000,37600000,70658000,2175000,20958000,377533000,434388000,58734000,353438000,10526000,33058000,15465000,12421000,0,0,35000,0,32988000,0,None,23661000,None,500843000,None,33058000,None,33058000,None,None,None,45372000,878376000,367007000,None,3531036,USD,-9100000,-1561000,-9241000,33000,-13634000,13382000,27196000,-329000,2584000,895000,-3246000,-165000,1059000,-644000,464000,4199000,0,-5163000,174000,None,None,895000,26.27,25.01
19,2015-09-30,USD,10803000,7308000,873000,10803000,3495000,2529000,0,0,3495000,0,7308000,None,3495000,0,0,None,None,None,0,0,0,966000,0,0,2529000,2529000,None,USD,866915000,4387000,None,None,787834000,79081000,0,687535000,33000,35340000,16057000,17532000,407242000,12674000,751892000,48300000,None,3090000,21076000,375495000,425822000,57162000,352436000,10385000,35942000,9126000,16057000,0,0,33000,0,35340000,0,None,22603000,None,491420000,None,35942000,None,35942000,None,None,None,40618000,866915000,365110000,None,3341184,USD,14838000,2469000,14616000,318000,-18473000,-31065000,-12007000,None,2529000,-2461000,13988000,-1011000,1069000,-635000,50000,7853000,0,8932000,540000,None,None,-2461000,25.88,26.27
