,fiscalDateEnding,reportedCurrency_x,totalRevenue,totalOperatingExpense,costOfRevenue,grossProfit,ebit,netIncome_x,researchAndDevelopment,effectOfAccountingCharges,incomeBeforeTax,minorityInterest,sellingGeneralAdministrative,otherNonOperatingIncome,operatingIncome,otherOperatingExpense,interestExpense,taxProvision,interestIncome,netInterestIncome,extraordinaryItems,nonRecurring,otherItems,incomeTaxExpense,totalOtherIncomeExpense,discontinuedOperations,netIncomeFromContinuingOperations,netIncomeApplicableToCommonShares,preferredStockAndOtherAdjustments,reportedCurrency_y,totalAssets,intangibleAssets,earningAssets,otherCurrentAssets,totalLiabilities,totalShareholderEquity,deferredLongTermLiabilities,otherCurrentLiabilities,commonStock,retainedEarnings,otherLiabilities,goodwill,otherAssets,cash,totalCurrentLiabilities,shortTermDebt,currentLongTermDebt,otherShareholderEquity,propertyPlantEquipment,totalCurrentAssets,longTermInvestments,netTangibleAssets,shortTermInvestments,netReceivables,longTermDebt,inventory,accountsPayable,totalPermanentEquity,additionalPaidInCapital,commonStockTotalEquity,preferredStockTotalEquity,retainedEarningsTotalEquity,treasuryStock,accumulatedAmortization,otherNonCurrrentAssets,deferredLongTermAssetCharges,totalNonCurrentAssets,capitalLeaseObligations,totalLongTermDebt,otherNonCurrentLiabilities,totalNonCurrentLiabilities,negativeGoodwill,warrants,preferredStockRedeemable,capitalSurplus,liabilitiesAndShareholderEquity,cashAndShortTermInvestments,accumulatedDepreciation,commonStockSharesOutstanding,reportedCurrency,investments,changeInLiabilities,cashflowFromInvestment,otherCashflowFromInvestment,netBorrowings,cashflowFromFinancing,otherCashflowFromFinancing,changeInOperatingActivities,netIncome_y,changeInCash,operatingCashflow,otherOperatingCashflow,depreciation,dividendPayout,stockSaleAndPurchase,changeInInventory,changeInAccountReceivables,changeInNetIncome,capitalExpenditures,changeInReceivables,changeInExchangeRate,changeInCashAndCashEquivalents,clossingVal,nextClossingVal
0,2020-06-30,USD,72146000,37744000,-33833000,38313000,1080000,619000,None,None,1008000,None,-16306000,511000,569000,None,72000,389000,None,-72000,None,None,None,389000,511000,None,619000,619000,None,USD,195707000,11250000,None,6046000,76663000,119044000,12280000,3921000,9201000,99648000,27916000,20150000,34190000,10814000,39608000,None,None,-1317000,14872000,105738000,None,87644000,None,33968000,1712000,54910000,35687000,None,None,9201000,None,99648000,-7517000,None,24479000,None,19218000,11348000,1712000,23063000,37055000,None,None,None,19029000,195707000,10814000,None,9007411,USD,-169000,959000,-169000,None,-8816000,-8801000,None,None,619000,5755000,14725000,-95000,1511000,None,15000,1811000,7415000,2505000,169000,7415000,None,6082000,32.26,
1,2020-03-31,USD,91035000,-30283000,-42114000,48921000,17527000,12533000,None,None,17412000,None,-19984000,-1111000,18638000,None,115000,4879000,-115000,-115000,None,None,None,4879000,-1111000,None,12533000,12533000,None,USD,198415000,11276000,None,6674000,81680000,116735000,11321000,3825000,9190000,99029000,26374000,19555000,32585000,4897000,36515000,None,None,-2495000,15662000,109159000,None,85904000,None,41406000,10460000,56182000,32690000,None,None,9190000,None,99029000,-7517000,None,24238000,None,18525000,12156000,10460000,23384000,45165000,None,None,None,18528000,198415000,4897000,None,8996267,USD,-551000,-8486000,-551000,None,8122000,6366000,None,-223000,12533000,-1073000,-6888000,88000,1509000,None,-1756000,-1500000,-3528000,-7504000,551000,-3528000,-327000,-1400000,26.72,32.26
2,2019-12-31,USD,88566000,325215000,-35249000,-44529000,-4134000,-3006000,None,None,-4256000,None,253152000,413000,-4547000,None,122000,-1250000,-122000,-122000,None,None,None,2096000,413000,None,-6352000,-3006000,None,USD,204429000,12335000,None,5377000,96428000,108001000,12558000,7838000,9190000,86496000,27723000,20923000,36957000,6297000,56930000,None,None,-1000,16546000,106422000,None,74743000,None,38843000,11775000,55905000,13789000,None,None,9190000,None,86496000,-5761000,None,26492000,21711000,98007000,13334000,11775000,15165000,39498000,None,None,None,18077000,204429000,6297000,None,9043771,USD,-636000,2963000,-636000,None,-305000,-3725000,-271000,-790000,-3006000,-3206000,1155000,-1334000,1492000,None,-3149000,-715000,6405000,-4650000,636000,6405000,77000,-3129000,52.1,26.72
3,2019-09-30,USD,94779000,-44128000,-44205000,50574000,6433000,4774000,None,None,6295000,None,-21255000,-13000,6446000,None,138000,1521000,-138000,-138000,None,None,None,1521000,-13000,None,4774000,4774000,None,USD,207738000,12468000,None,4270000,94757000,112981000,8794000,3781000,9043000,89502000,24223000,20582000,32087000,9426000,60174000,2195000,2195000,-595000,16932000,113752000,None,79931000,None,45162000,None,54894000,54198000,None,None,9043000,None,89502000,-2595000,None,26632000,17372000,93986000,14141000,384000,25789000,34583000,None,None,None,17626000,207738000,9426000,None,8956981,USD,-448000,213000,-448000,None,-6697000,-8058000,-573000,-804000,4774000,-3257000,10274000,-694000,1468000,None,-1345000,289000,189000,4145000,448000,189000,-57000,1711000,38.73,52.1
4,2019-06-30,USD,96097000,94474000,45054000,51043000,3417000,1307000,None,None,1816000,None,49420000,339000,1623000,None,146000,509000,-146000,-146000,None,None,None,509000,339000,None,1307000,1307000,None,USD,209032000,12895000,None,800000,99700000,109332000,8570000,3708000,9033000,84728000,25215000,20794000,32486000,6915000,63985000,8823000,8823000,-168000,29470000,113387000,None,75643000,None,45570000,10089000,55360000,16550000,None,None,9033000,None,84728000,-1234000,None,298000,19021000,95645000,14208000,411000,4292000,35715000,None,None,None,16973000,209032000,6915000,None,9000000,USD,-696000,2457000,-696000,None,-4379000,-4363000,-573000,685000,1307000,-4968000,8268000,986000,1455000,None,16000,-1239000,-1701000,5304000,696000,-1701000,103000,3312000,36.73,38.73
5,2019-03-31,USD,91343000,85799000,42420000,48923000,7494000,4146000,0,None,5819000,None,43079000,472000,5544000,None,197000,1673000,-197000,-197000,None,None,None,-1673000,472000,None,4146000,4146000,None,USD,203884000,13016000,None,800000,97287000,106597000,8773000,4090000,9012000,83421000,24936000,20451000,32645000,3603000,61113000,13131000,13131000,-885000,30185000,107587000,None,73130000,None,43973000,10917000,53818000,14848000,None,None,9012000,None,83421000,-1234000,None,296000,19174000,96297000,15328000,321000,3843000,36174000,None,None,None,16283000,203884000,3603000,None,9000000,USD,-248000,-8863000,-248000,None,2256000,2256000,-573000,-2314000,4146000,-8280000,-10501000,-2181000,1478000,None,None,-643000,-6273000,1968000,248000,-6273000,213000,-8280000,31.36,36.73
6,2018-12-31,USD,106404000,41998000,276568000,46083000,3067000,2600000,0,0,2813000,0,-138332000,-1018000,4085000,0,254000,None,None,None,0,0,0,1085000,-1672000,0,1728000,2600000,None,USD,197142000,13112000,None,3653000,97969000,99173000,10028000,9907000,9006000,77338000,26547000,20079000,33498000,12683000,66209000,10823000,None,-1560000,23548000,106905000,None,65982000,None,37682000,5213000,52887000,15207000,None,None,9006000,None,77338000,-1234000,None,12906000,20592000,90237000,None,5213000,16519000,31760000,None,None,None,15623000,197142000,12683000,None,8956000,USD,None,1536000,-6048000,-5150000,905000,121000,76000,3085000,2600000,4198000,10125000,2643000,1735000,None,-509000,-2349000,5431000,-1471000,898000,5817000,22000,4220000,31.6,31.36
7,2018-09-30,USD,78377000,50374000,-36979000,48108000,-2096000,-816000,0,0,-2347000,0,50374000,170000,-2266000,0,251000,None,None,None,0,0,0,1531000,-81000,0,-3878000,-816000,None,USD,196961000,10901000,None,5077000,98939000,98022000,11261000,38583000,8953000,74738000,28582000,19114000,34156000,8463000,64833000,9918000,None,53000,24535000,108255000,None,68007000,800000,43561000,5524000,51154000,54915000,0,0,8953000,0,74738000,-711000,None,13699000,20457000,88706000,None,5524000,17321000,34106000,None,None,None,14989000,196961000,8463000,None,8919644,USD,None,3060000,-198000,0,-6153000,-6139000,-76000,-2088000,-816000,1989000,8326000,-1884000,1755000,0,14000,116000,-992000,7087000,198000,-992000,-318000,1671000,33.9,31.6
8,2018-06-30,USD,80397000,43577000,-41251000,49131000,4777000,3194000,0,0,4513000,0,43577000,-777000,5554000,0,264000,None,None,None,0,0,0,-1319000,-1041000,0,5832000,3194000,None,USD,192386000,10963000,None,4295000,94932000,97454000,11321000,29329000,8952000,75554000,28905000,18804000,32282000,6792000,60194000,16071000,21904000,-639000,25605000,104732000,None,67687000,800000,42613000,5833000,51032000,44123000,0,0,8952000,0,75554000,-711000,None,12390000,19892000,87654000,None,5833000,17584000,34738000,None,None,None,14298000,192386000,6792000,None,8918639,USD,None,2532000,-776000,0,-1828000,-1828000,-76000,301000,3194000,1735000,4339000,423000,1679000,0,0,-701000,-3801000,1013000,776000,-3801000,-100000,1635000,24.35,33.9
9,2018-03-31,USD,84459000,44381000,-38241000,46218000,2124000,1236000,0,0,1884000,0,44381000,287000,1837000,0,240000,None,None,None,0,0,0,-648000,47000,0,2532000,1236000,None,USD,189532000,11342000,None,4764000,95967000,93565000,12217000,28727000,8922000,72360000,26954000,19132000,63533000,5157000,59835000,17899000,24027000,-661000,26392000,99607000,None,63091000,800000,39097000,6128000,50589000,41936000,0,0,8922000,0,72360000,-711000,None,12253000,20806000,89925000,None,6128000,17787000,36132000,None,None,None,13655000,189532000,5157000,None,8888335,USD,None,-4277000,-809000,-157000,3356000,3356000,-76000,-1864000,1236000,56000,-2491000,-1748000,1686000,0,0,19000,-831000,1424000,652000,-831000,-115000,-59000,25.25,24.35
10,2017-12-31,USD,80633000,46750000,33640000,46993000,70000,20237000,0,0,-159000,0,46750000,-173000,243000,0,229000,None,None,None,0,-5422000,0,-18792000,4880000,0,18633000,20237000,None,USD,190667000,11813000,None,3728000,97177000,93490000,12103000,31917000,8921000,71453000,27665000,19614000,64887000,5216000,59977000,14543000,22086000,822000,27333000,98447000,None,62063000,800000,38575000,6420000,50928000,45434000,0,0,8921000,0,71453000,-711000,None,12212000,21248000,92220000,None,6420000,18677000,37200000,None,None,None,13005000,190667000,5216000,None,8888028,USD,None,1108000,-32314000,-32286000,14436000,14376000,-80000,-701000,20237000,-14623000,3315000,554000,1830000,0,20000,-1340000,-5275000,-20845000,28000,1771000,-4000,-14627000,24.75,25.25
11,2017-09-30,USD,75651000,44915000,29646000,46005000,1933000,1321000,0,0,1800000,0,44915000,843000,1090000,0,133000,None,None,None,0,0,0,-479000,0,0,2279000,1321000,None,USD,149410000,5789000,None,3755000,76747000,72663000,8581000,30831000,8921000,51216000,26999000,5789000,18337000,19843000,43038000,6710000,6710000,902000,26844000,104229000,None,66874000,800000,37290000,6710000,43341000,43038000,0,0,8921000,0,51216000,-711000,None,12528000,20000,45181000,None,6710000,18418000,33709000,None,None,None,12335000,149410000,19843000,None,8888028,USD,None,7238000,-728000,0,14436000,-861000,-80000,-1449000,1321000,7506000,8234000,-1374000,1591000,0,0,-719000,7046000,2337000,728000,-2160000,414000,7920000,25.2,24.75
12,2017-06-30,USD,75006000,37250000,29865000,45141000,7776000,7273000,0,0,7610000,0,42672000,-115000,7891000,-5422000,166000,None,None,None,0,0,0,-337000,0,0,7947000,7273000,None,USD,137430000,5681000,None,3492000,66732000,70698000,8663000,26050000,8908000,49895000,26478000,5681000,17078000,11923000,33256000,6998000,6998000,763000,27547000,92805000,None,65017000,800000,35017000,6998000,42373000,33256000,0,0,8908000,0,49895000,-711000,None,11377000,20000,44625000,None,6998000,17815000,33476000,None,None,None,11843000,137430000,11923000,None,8874365,USD,None,-5401000,5881000,6177000,-1798000,-1818000,-80000,192000,7273000,2860000,-1203000,308000,1644000,0,-20000,972000,4886000,-5007000,296000,-992000,290000,3150000,22.15,25.2
13,2017-03-31,USD,74617000,44167000,29738000,44879000,937000,857000,0,0,843000,0,44167000,225000,712000,0,94000,None,None,None,0,0,0,14000,0,0,829000,857000,None,USD,136218000,5560000,None,4561000,73905000,62313000,8626000,24754000,8868000,42622000,26630000,5560000,16853000,8773000,40004000,1798000,1798000,34000,28784000,90581000,None,56753000,800000,34016000,7271000,43231000,38206000,0,0,8868000,0,42622000,-691000,None,11273000,20000,45637000,None,7271000,18004000,33901000,None,None,None,11480000,136218000,8773000,None,8835810,USD,None,-1099000,-204000,0,957000,957000,-80000,-189000,857000,-2523000,-3276000,-189000,1705000,0,0,-626000,3894000,-30000,204000,-3894000,75000,-2448000,22.45,22.15
14,2016-12-31,USD,67315000,45548000,26811000,40504000,-5061000,-4643000,0,0,-5071000,0,239044000,-17000,-5044000,0,10000,None,None,None,0,0,0,624000,-3050000,0,-5695000,-4643000,None,USD,135307000,6364000,None,3788000,74174000,61133000,8506000,26293000,8865000,41943000,27194000,5520000,16630000,11221000,39437000,841000,9380000,-39000,30907000,87770000,None,55613000,800000,30200000,7543000,42561000,38596000,0,0,8865000,0,41943000,-691000,None,11090000,20000,47537000,None,7543000,18688000,34737000,None,None,None,11055000,135307000,11221000,None,8832623,USD,None,1742000,-3994000,-3454000,841000,841000,-80000,149000,-4643000,10000,3163000,-1404000,1680000,0,0,-980000,-3252000,3844000,540000,1295000,-246000,-236000,23.8,22.45
15,2016-09-30,USD,70199000,40184000,27626000,42573000,2455000,1825000,0,0,2288000,0,-23568000,66000,2389000,0,167000,None,None,None,0,0,0,-463000,0,0,2751000,1825000,None,USD,133856000,2074000,None,4292000,67916000,65940000,8635000,21378000,8824000,46586000,27386000,2074000,13134000,11457000,32718000,841000,841000,298000,31989000,88733000,None,63866000,800000,31637000,7812000,41347000,32718000,0,0,8824000,0,46586000,-533000,None,11009000,51000,45123000,None,7812000,18751000,35198000,None,None,None,10765000,133856000,11457000,None,8796307,USD,None,810000,-987000,0,-175000,-175000,None,-1156000,1825000,1941000,3103000,-1138000,1973000,0,0,1248000,4547000,-630000,987000,-985000,-150000,1791000,17.73,23.8
16,2016-06-30,USD,69348000,42497000,26822000,42526000,279000,172000,0,0,126000,0,-23204000,250000,29000,0,153000,None,None,None,0,0,0,46000,0,0,80000,172000,None,USD,132383000,2773000,None,4348000,68325000,64058000,8660000,21985000,8822000,44761000,27133000,2773000,11964000,9666000,33112000,175000,175000,569000,32923000,87496000,None,61285000,800000,30811000,8080000,42671000,32937000,0,0,8822000,0,44761000,-533000,None,9140000,51000,44887000,None,8080000,18473000,35213000,None,None,None,10439000,132383000,9666000,None,8796307,USD,None,-965000,-2392000,-1326000,-2055000,-2055000,None,-276000,172000,-1290000,3157000,-276000,2226000,0,0,1350000,3562000,515000,1066000,135000,88000,-1202000,19.86,17.73
17,2016-03-31,USD,69711000,41290000,27252000,42459000,1292000,1017000,0,0,1126000,0,-22753000,123000,1169000,0,166000,None,None,None,0,0,0,-109000,0,0,1235000,1017000,None,USD,134503000,0,None,4281000,70986000,63517000,8315000,22829000,8796000,44589000,26817000,0,10534000,10868000,35859000,2230000,None,491000,34008000,89961000,None,63517000,800000,31012000,8310000,43800000,33629000,0,0,8796000,0,44589000,-515000,None,10483000,51000,44542000,None,8310000,18502000,35127000,None,None,None,10156000,134503000,10868000,None,8771120,USD,None,-1190000,-1769000,-1250000,1305000,1305000,None,None,1017000,-1427000,-963000,1326000,2187000,0,0,611000,3697000,-1217000,519000,-3697000,730000,-697000,19.58,19.86
18,2015-12-31,USD,64961000,42076000,25870000,39091000,-2978000,-3688000,0,0,-3335000,0,41145000,7000,-2985000,931000,357000,None,None,None,0,931000,0,353000,-2542000,0,-3688000,-3688000,None,USD,133094000,0,None,3667000,71830000,61264000,8538000,25172000,8796000,43572000,26948000,319000,11049000,11565000,36343000,925000,10340000,-466000,35487000,86558000,None,61264000,800000,27231000,8539000,44095000,35418000,0,0,8796000,0,43572000,-515000,None,10998000,51000,46536000,None,8539000,18410000,35487000,None,None,None,9877000,133094000,11565000,None,8771120,USD,None,-1654000,-442000,0,925000,925000,-80000,633000,-3688000,3561000,3078000,-2577000,2202000,0,0,-1573000,3285000,2633000,442000,4047000,-576000,2985000,23.35,19.58
19,2015-09-30,USD,70243000,40532000,26901000,43342000,2809000,2430000,0,0,2678000,0,40532000,-1000,2810000,0,131000,None,None,None,0,0,0,248000,0,0,2430000,2430000,None,USD,135750000,0,None,5013000,70148000,65602000,8711000,25059000,8764000,47260000,26419000,0,11031000,8580000,34964000,None,None,264000,36996000,87723000,None,65602000,800000,31439000,8765000,42691000,34964000,0,0,8764000,0,47260000,-272000,None,10980000,51000,48027000,None,8765000,17708000,35184000,None,None,None,9586000,135750000,8580000,None,8748092,USD,None,148000,-1112000,-441000,None,50000,None,None,2430000,2773000,3885000,2489000,2119000,0,0,-1047000,762000,-31000,671000,207000,-346000,2427000,21.65,23.35
