,fiscalDateEnding,reportedCurrency_x,totalRevenue,totalOperatingExpense,costOfRevenue,grossProfit,ebit,netIncome_x,researchAndDevelopment,effectOfAccountingCharges,incomeBeforeTax,minorityInterest,sellingGeneralAdministrative,otherNonOperatingIncome,operatingIncome,otherOperatingExpense,interestExpense,taxProvision,interestIncome,netInterestIncome,extraordinaryItems,nonRecurring,otherItems,incomeTaxExpense,totalOtherIncomeExpense,discontinuedOperations,netIncomeFromContinuingOperations,netIncomeApplicableToCommonShares,preferredStockAndOtherAdjustments,reportedCurrency_y,totalAssets,intangibleAssets,earningAssets,otherCurrentAssets,totalLiabilities,totalShareholderEquity,deferredLongTermLiabilities,otherCurrentLiabilities,commonStock,retainedEarnings,otherLiabilities,goodwill,otherAssets,cash,totalCurrentLiabilities,shortTermDebt,currentLongTermDebt,otherShareholderEquity,propertyPlantEquipment,totalCurrentAssets,longTermInvestments,netTangibleAssets,shortTermInvestments,netReceivables,longTermDebt,inventory,accountsPayable,totalPermanentEquity,additionalPaidInCapital,commonStockTotalEquity,preferredStockTotalEquity,retainedEarningsTotalEquity,treasuryStock,accumulatedAmortization,otherNonCurrrentAssets,deferredLongTermAssetCharges,totalNonCurrentAssets,capitalLeaseObligations,totalLongTermDebt,otherNonCurrentLiabilities,totalNonCurrentLiabilities,negativeGoodwill,warrants,preferredStockRedeemable,capitalSurplus,liabilitiesAndShareholderEquity,cashAndShortTermInvestments,accumulatedDepreciation,commonStockSharesOutstanding,reportedCurrency,investments,changeInLiabilities,cashflowFromInvestment,otherCashflowFromInvestment,netBorrowings,cashflowFromFinancing,otherCashflowFromFinancing,changeInOperatingActivities,netIncome_y,changeInCash,operatingCashflow,otherOperatingCashflow,depreciation,dividendPayout,stockSaleAndPurchase,changeInInventory,changeInAccountReceivables,changeInNetIncome,capitalExpenditures,changeInReceivables,changeInExchangeRate,changeInCashAndCashEquivalents,clossingVal,nextClossingVal
0,2020-06-30,USD,17317000,11116000,None,17301000,6185000,5057000,None,None,6185000,None,6937000,None,6185000,2431000,1959000,1128000,15932000,13973000,None,None,None,1128000,None,None,5057000,5045000,None,USD,1735332000,3558000,None,None,1498285000,237047000,None,1438921000,142181000,109845000,19236000,59221000,1381529000,42736000,1472919000,33998000,None,3868000,40915000,56154000,185028000,174268000,153529000,8215000,33998000,None,19808000,None,None,142181000,None,109845000,-18847000,None,69828000,None,1679178000,5558000,None,25366000,25366000,None,None,None,None,1735332000,47939000,None,12975879,USD,-74500000,0,-74500000,-208000,-1999000,88815000,93049000,2209000,5057000,17941000,3626000,None,688000,-2250000,15000,None,-3898000,-430000,957000,None,None,17941000,15.96,
1,2020-03-31,USD,18017000,11072000,None,16844000,5772000,5026000,None,None,5772000,None,6944000,None,5772000,2497000,2378000,746000,16526000,14148000,None,None,None,746000,None,None,5026000,5015000,None,USD,1636280000,3751000,231407000,None,1402802000,233478000,None,1345872000,142046000,107123000,14700000,59221000,1329404000,24795000,1381868000,35996000,None,3156000,40638000,29998000,173268000,170506000,141439000,None,35996000,None,15275000,None,None,142046000,None,107123000,-18847000,None,71781000,None,1606282000,5659000,None,20934000,20934000,None,None,None,None,1636280000,29998000,None,13000000,USD,12245000,0,12245000,1166000,-5001000,-9520000,-2408000,-3445000,5026000,4030000,1305000,None,248000,-2247000,136000,None,-546000,22000,647000,None,None,4030000,12.6,15.96
2,2019-12-31,USD,16489000,10969000,None,17037000,6068000,4830000,None,None,6068000,None,8623000,None,6068000,604000,2577000,1238000,16392000,13815000,None,None,None,1238000,-264000,None,4830000,4823000,None,USD,1639308000,4006000,265204000,5927000,1411260000,228048000,None,1348280000,141791000,104431000,15144000,59221000,1293512000,20765000,1389274000,40994000,0,673000,40231000,25968000,209936000,165304000,178000000,None,40994000,244000,16540000,None,None,141791000,None,104431000,-18847000,None,70395000,None,1613340000,5446000,None,21986000,21986000,None,None,None,None,1639308000,25968000,None,13000000,USD,1100000,0,1100000,1166000,-1000000,-10280000,-7103000,697000,4830000,-2061000,7119000,None,806000,-2236000,0,None,982000,-196000,1233000,None,None,-2061000,19.3,12.6
3,2019-09-30,USD,16934000,11002000,None,16690000,5688000,4727000,None,None,5688000,None,6800000,None,5688000,2363000,2751000,961000,16298000,13547000,None,None,None,961000,-278000,None,4727000,4720000,None,USD,1644447000,4246000,285559000,249000,1418955000,225492000,None,1355383000,141618000,101929000,15337000,59221000,1276885000,23075000,1397373000,41990000,0,792000,39610000,28278000,229626000,162025000,191230000,None,41990000,197000,16051000,None,None,141618000,None,101929000,-18847000,None,71671000,None,1616169000,5531000,None,21582000,21582000,None,None,None,None,1644447000,28029000,None,13000000,USD,-1309000,0,-1309000,-12000000,-1000000,-5649000,-2576000,1562000,4727000,-359000,6599000,None,844000,-2111000,-993000,None,-421000,-113000,1474000,None,None,-359000,17.74,19.3
4,2019-06-30,USD,16588000,10833000,None,16534000,5701000,4728000,None,None,5701000,None,6652000,None,5701000,2356000,2738000,973000,16297000,13559000,None,None,None,973000,-440000,None,4728000,4728000,None,USD,1642012000,4494000,281740000,498000,1419040000,222972000,None,1357959000,141479000,99400000,12776000,59221000,1269750000,23683000,1399945000,41986000,0,-53000,33013000,28886000,236348000,159257000,198660000,None,41986000,197000,13480000,None,None,141479000,None,99400000,-17854000,None,58246000,None,1613126000,5615000,None,19095000,19095000,None,None,None,None,1642012000,28388000,None,13000000,USD,-3399000,0,-3399000,251000,-1000000,1130000,10102000,-432000,4728000,3658000,5927000,None,847000,-2144000,-5828000,None,741000,1199000,892000,None,None,3658000,19.0,17.74
5,2019-03-31,USD,16286000,10718000,None,16286000,5568000,4627000,None,None,5568000,None,10718000,None,5568000,2290000,2722000,941000,16080000,13358000,None,None,None,941000,-453000,None,4627000,4627000,None,USD,1632387000,4760000,298633000,747000,1408369000,224018000,None,1347857000,141349000,96912000,11579000,59221000,1245832000,24372000,1390839000,42982000,0,-2230000,32548000,25119000,1453039000,160037000,217668000,None,42982000,244000,1347857000,None,None,141349000,None,96912000,-12013000,None,57700000,None,1607268000,5289000,None,17530000,17530000,None,None,None,None,1632387000,24372000,None,13000000,USD,12750000,0,12664000,249000,-60285000,-15500000,46938000,-1726000,4627000,-513000,2323000,None,747000,-2167000,14000,None,-1072000,-2304000,335000,None,None,-513000,17.15,19.0
6,2018-12-31,USD,16251000,9925000,990000,16251000,6326000,5193000,0,0,6326000,0,9925000,None,6326000,437000,2334000,None,None,None,0,0,0,1133000,72000,0,5193000,5193000,None,USD,1636927000,5042000,None,996000,1417942000,218985000,None,1300919000,141170000,94547000,12047000,59221000,1237085000,24885000,1404181000,103262000,6052000,-4719000,32627000,25881000,1462719000,154722000,996000,None,40980000,244000,1300919000,None,None,141170000,None,94547000,-12013000,None,51437000,None,1611046000,None,None,13761000,13761000,None,None,None,None,1636927000,24885000,None,12000000,USD,-22183000,0,-15756000,6530000,80183000,7624000,-70104000,783000,5193000,228000,8360000,None,847000,-2168000,-287000,None,None,3167000,103000,None,None,228000,15.15,17.15
7,2018-09-30,USD,15365000,10317000,2626000,15365000,5048000,4201000,0,0,5048000,0,10317000,None,5048000,2128000,1967000,None,None,None,0,0,0,847000,-724000,0,4201000,4201000,None,USD,1620299000,5306000,None,7378000,1406784000,213515000,0,1371023000,140996000,91617000,12100000,59287000,1202593000,24657000,1394102000,23079000,23079000,-7433000,33028000,32035000,1437425000,148922000,6873000,None,23079000,35000,1371023000,0,0,140996000,0,91617000,-11665000,None,53218000,None,1588264000,None,None,12682000,12682000,None,None,None,None,1620299000,24657000,None,13000000,USD,2413000,0,5186000,2982000,-4029000,-15304000,-9255000,665000,4201000,-5089000,5029000,None,1207000,-2040000,20000,98000,0,828000,209000,None,None,-5089000,18.65,15.15
8,2018-06-30,USD,13935000,10711000,1394000,13935000,3224000,2738000,0,0,3224000,0,10711000,None,3224000,2194000,1170000,None,None,None,0,-758000,0,486000,-1788000,0,2738000,2738000,None,USD,1631442000,5501000,None,512000,1419076000,212366000,0,1380884000,140870000,89544000,10763000,59160000,1197104000,29746000,1407969000,27085000,27085000,-6383000,33257000,30258000,1444826000,147705000,9852000,None,27085000,35000,1380884000,0,0,140870000,0,89544000,-11665000,None,48588000,None,1591332000,None,None,11107000,11107000,None,None,None,None,1631442000,29746000,None,11000000,USD,-9039000,0,4168000,13409000,-12054000,-1698000,12385000,-1233000,2738000,7407000,4937000,None,1031000,-2041000,12000,74000,97000,2199000,202000,None,None,7407000,19.7,18.65
9,2018-03-31,USD,12745000,9549000,1033000,12745000,3196000,2713000,0,0,3196000,0,9549000,None,3196000,2101000,954000,None,None,None,0,758000,0,483000,-1044000,0,2713000,2713000,None,USD,1288791000,3600000,None,None,1140207000,148584000,0,1123463000,77159000,88933000,10525000,30183000,383574000,21132000,1129682000,6219000,6219000,-5843000,34595000,291170000,885630000,114801000,270038000,None,6219000,0,1123463000,0,0,77159000,0,88933000,-11665000,None,43613000,None,997621000,None,None,10525000,10525000,None,None,None,None,1288791000,291170000,None,10000000,USD,-4301000,0,-4386000,1000,-41084000,-4922000,37642000,-682000,2713000,-7892000,1416000,None,988000,-1524000,44000,11000,0,-1297000,86000,None,None,-7892000,19.0,19.7
10,2017-12-31,USD,13246000,8612000,943000,13246000,4634000,3617000,0,0,4634000,0,8612000,None,4634000,11702000,2691000,None,None,None,0,-236000,0,1017000,-1302000,0,3617000,3617000,None,USD,1295638000,3799000,None,1422000,1145367000,150271000,0,1085821000,76977000,87301000,12243000,30183000,389668000,29024000,1133124000,47303000,248000,-2342000,34927000,307496000,878228000,116289000,278472000,None,303000,0,1085821000,0,0,76977000,0,87301000,-11665000,None,41005000,None,988142000,None,None,12243000,12243000,None,None,None,None,1295638000,307496000,None,10000000,USD,42614000,0,47316000,1160000,4665000,6195000,-25084000,679000,3617000,53980000,469000,None,3308000,-6088000,-27000,75000,0,-3148000,6617000,None,None,53980000,20.45,19.0
11,2017-09-30,USD,12818000,8672000,896000,12818000,4146000,3106000,0,0,4146000,0,8672000,None,4146000,-6690000,47000,None,None,None,0,708000,0,1040000,0,0,3106000,3106000,None,USD,1314319000,4003000,None,None,1164606000,149713000,0,1121523000,76877000,85287000,12720000,30183000,427422000,24841000,1151886000,30363000,30363000,-786000,34897000,335245000,867657000,115527000,310404000,None,363000,0,1121523000,0,0,76877000,0,85287000,-11665000,None,42334000,None,979074000,None,None,12720000,12720000,None,None,None,None,1314319000,335245000,None,10000000,USD,12707000,0,12186000,1160000,-1751000,-25663000,-22397000,1964000,3106000,-8764000,4713000,None,2732000,-1521000,6000,64000,0,1607000,521000,None,None,-8764000,20.95,20.45
12,2017-06-30,USD,12641000,8611000,1083000,12641000,4030000,3003000,0,0,4030000,0,8611000,None,4030000,1121000,-16000,None,None,None,0,-472000,0,1027000,0,0,3003000,3003000,None,USD,1335571000,4202000,None,None,1187644000,147927000,0,1143920000,76785000,83782000,11610000,30183000,447073000,33605000,1176034000,32114000,32114000,-975000,34980000,362393000,861988000,113542000,328788000,None,402000,0,1143920000,0,0,76785000,0,83782000,-11665000,None,41825000,None,973178000,None,None,11610000,11610000,None,None,None,None,1335571000,362393000,None,10000000,USD,-17175000,0,-19161000,409000,15677000,9884000,-4278000,1615000,3003000,-3307000,5970000,None,1668000,-1524000,9000,48000,63000,2967000,2395000,None,None,-3307000,20.0,20.95
13,2017-03-31,USD,12402000,7968000,892000,12402000,4434000,3246000,0,0,4434000,0,7968000,None,4434000,200000,877000,None,None,None,0,118000,0,1188000,0,0,3246000,3246000,None,USD,1319074000,4390000,None,None,1173756000,145318000,0,1148198000,76691000,82381000,9121000,30183000,445490000,36912000,1164635000,16437000,15957000,-2089000,33157000,363588000,845608000,110745000,326676000,None,480000,0,1148198000,0,0,76691000,0,82381000,-11665000,None,42148000,None,955486000,None,None,9121000,9121000,None,None,None,None,1319074000,363588000,None,10000000,USD,5100000,-1192000,2905000,971000,-26201000,9635000,37293000,-165000,3246000,14409000,1869000,None,771000,-1520000,63000,14000,0,-1377000,3166000,None,None,14409000,23.85,20.0
14,2016-12-31,USD,12899000,7908000,942000,12899000,4991000,3654000,0,0,4991000,0,7908000,None,4991000,8062000,2619000,None,None,None,0,118000,0,1337000,-2175000,0,3654000,3654000,None,USD,1306799000,4582000,None,4313000,1163855000,142944000,0,1110905000,76490000,80736000,10312000,30183000,441462000,22503000,1153543000,42638000,295000,-2617000,30244000,343162000,857231000,108179000,320659000,None,598000,0,1110905000,0,0,76490000,0,80736000,-11665000,None,41397000,None,963637000,None,None,10312000,10312000,None,None,None,None,1306799000,343162000,None,10000000,USD,9569000,0,5628000,275000,24987000,-24529000,-47955000,-157000,3654000,-14348000,4553000,None,2557000,-1517000,-44000,136000,0,899000,4216000,None,None,-14348000,23.25,23.85
15,2016-09-30,USD,12484000,8593000,1257000,12484000,3891000,2896000,0,0,3891000,0,8593000,None,3891000,-2359000,2000,None,None,None,0,0,0,995000,0,0,2896000,2896000,None,USD,1333536000,4777000,None,None,1186630000,146906000,0,1158921000,76367000,78682000,10058000,30183000,465842000,36851000,1176572000,17651000,16989000,3522000,26347000,383242000,849901000,111946000,346391000,None,662000,270000,1158921000,0,0,76367000,0,78682000,-11665000,None,39086000,None,950294000,None,None,10058000,10058000,None,None,None,None,1333536000,383242000,None,10000000,USD,-8127000,-412000,-9543000,253000,-13867000,19498000,34223000,1448000,2896000,14206000,4251000,None,2672000,-1516000,658000,102000,0,1355000,1669000,None,None,14206000,18.22,23.25
16,2016-06-30,USD,12479000,8468000,1279000,12479000,4011000,2968000,0,0,4011000,0,8468000,None,4011000,584000,34000,None,None,None,0,0,0,1043000,0,0,2968000,2968000,None,USD,1312635000,4986000,None,None,1166925000,145710000,0,1124698000,75602000,77384000,10960000,30183000,470869000,22645000,1155965000,31267000,30541000,4389000,24985000,376173000,836539000,110541000,353528000,None,726000,682000,1124698000,0,0,75602000,0,77384000,-11665000,None,39769000,None,936462000,None,None,10960000,10960000,None,None,None,None,1312635000,376173000,None,10000000,USD,-25466000,17000,-28977000,60000,18810000,21802000,4490000,226000,2968000,-2082000,5093000,None,1680000,-1508000,10000,57000,0,2125000,3571000,None,None,-2082000,15.8,18.22
17,2016-03-31,USD,12324000,8292000,939000,12324000,4032000,2964000,0,0,4032000,0,8292000,None,4032000,0,849000,None,None,None,0,0,0,1068000,0,0,2964000,2964000,None,USD,1285922000,5183000,None,None,1142989000,142933000,0,1120208000,75487000,76005000,10324000,30183000,466438000,24727000,1132665000,12457000,None,3106000,21985000,375828000,812069000,107567000,351101000,None,789000,846000,1120208000,0,0,75487000,0,76005000,-11665000,None,40674000,None,910094000,None,None,10324000,10324000,None,None,None,None,1285922000,375828000,None,10000000,USD,9551000,None,5376000,-3999000,-30877000,-861000,33048000,None,2964000,6102000,1587000,None,806000,-1507000,-1525000,0,0,-1377000,176000,None,None,6102000,16.07,15.8
18,2015-12-31,USD,12126000,8229000,1286000,12126000,3897000,2884000,0,0,3897000,0,8229000,None,3897000,5754000,2416000,None,None,None,0,643000,0,-7431000,-2430000,0,11328000,2884000,None,USD,1280531000,5396000,None,633000,1140423000,140108000,0,1087160000,76908000,74629000,9929000,30183000,474789000,18625000,1130494000,43334000,349000,236000,22100000,396603000,790442000,104529000,377978000,None,5947000,846000,1087160000,0,0,76908000,0,74629000,-11665000,None,35807000,None,883928000,None,None,9929000,9929000,None,None,None,None,1280531000,396603000,None,10000000,USD,-27394000,0,-27323000,131000,22387000,4550000,-16353000,-1487000,2884000,-18224000,4549000,None,2997000,-1504000,20000,84000,0,1665000,60000,None,None,-18224000,16.36,16.07
19,2015-09-30,USD,11643000,8088000,1152000,11643000,3555000,2633000,0,0,3555000,0,8088000,None,3555000,0,164000,None,None,None,0,0,0,922000,0,0,2633000,2633000,None,USD,1275171000,5601000,None,None,1134320000,140851000,0,1103513000,76711000,75805000,9860000,30187000,458443000,36849000,1124460000,20947000,None,2475000,22434000,397590000,784450000,105063000,360741000,None,6016000,1208000,1103513000,0,0,76711000,0,73330000,-11665000,None,34909000,None,877581000,None,None,9860000,9860000,None,None,None,None,1275171000,397590000,None,10000000,USD,-18294000,None,-18506000,1000,2131000,20128000,19480000,None,2633000,5298000,3676000,None,2108000,-1501000,18000,54000,0,1043000,213000,None,None,5298000,16.19,16.36
