,fiscalDateEnding,reportedCurrency_x,totalRevenue,totalOperatingExpense,costOfRevenue,grossProfit,ebit,netIncome_x,researchAndDevelopment,effectOfAccountingCharges,incomeBeforeTax,minorityInterest,sellingGeneralAdministrative,otherNonOperatingIncome,operatingIncome,otherOperatingExpense,interestExpense,taxProvision,interestIncome,netInterestIncome,extraordinaryItems,nonRecurring,otherItems,incomeTaxExpense,totalOtherIncomeExpense,discontinuedOperations,netIncomeFromContinuingOperations,netIncomeApplicableToCommonShares,preferredStockAndOtherAdjustments,reportedCurrency_y,totalAssets,intangibleAssets,earningAssets,otherCurrentAssets,totalLiabilities,totalShareholderEquity,deferredLongTermLiabilities,otherCurrentLiabilities,commonStock,retainedEarnings,otherLiabilities,goodwill,otherAssets,cash,totalCurrentLiabilities,shortTermDebt,currentLongTermDebt,otherShareholderEquity,propertyPlantEquipment,totalCurrentAssets,longTermInvestments,netTangibleAssets,shortTermInvestments,netReceivables,longTermDebt,inventory,accountsPayable,totalPermanentEquity,additionalPaidInCapital,commonStockTotalEquity,preferredStockTotalEquity,retainedEarningsTotalEquity,treasuryStock,accumulatedAmortization,otherNonCurrrentAssets,deferredLongTermAssetCharges,totalNonCurrentAssets,capitalLeaseObligations,totalLongTermDebt,otherNonCurrentLiabilities,totalNonCurrentLiabilities,negativeGoodwill,warrants,preferredStockRedeemable,capitalSurplus,liabilitiesAndShareholderEquity,cashAndShortTermInvestments,accumulatedDepreciation,commonStockSharesOutstanding,reportedCurrency,investments,changeInLiabilities,cashflowFromInvestment,otherCashflowFromInvestment,netBorrowings,cashflowFromFinancing,otherCashflowFromFinancing,changeInOperatingActivities,netIncome_y,changeInCash,operatingCashflow,otherOperatingCashflow,depreciation,dividendPayout,stockSaleAndPurchase,changeInInventory,changeInAccountReceivables,changeInNetIncome,capitalExpenditures,changeInReceivables,changeInExchangeRate,changeInCashAndCashEquivalents,clossingVal,nextClossingVal
0,2020-05-31,USD,1569000,1157000,1153000,416000,-414000,-513000,375000,None,-509000,4000,782000,327000,-741000,None,95000,0,-38000,-95000,None,None,None,None,327000,None,-509000,-513000,None,USD,14668000,89000,None,788000,12036000,2583000,None,616000,None,-178298000,None,None,193000,2561000,7554000,3240000,3240000,3667000,5733000,7481000,935000,2494000,None,1452000,4361000,2680000,3698000,None,None,None,None,-178298000,None,None,430000,None,7187000,237000,4361000,121000,4482000,None,None,None,177214000,14668000,2561000,None,4006000,USD,-73000,245000,-73000,-6000,-72000,26000,-2000,132000,-509000,-639000,-592000,26000,211000,None,98000,-404000,-433000,272000,67000,-433000,-40000,-679000,2.91,
1,2020-02-29,USD,1537000,940000,989000,548000,450000,348000,307000,None,350000,2000,633000,842000,-392000,None,100000,0,575000,-100000,None,None,None,None,842000,None,350000,348000,None,USD,14892000,91000,None,808000,12453000,2393000,None,636000,None,-177785000,None,None,186000,3240000,7696000,3613000,3613000,4276000,5842000,7572000,928000,2302000,None,1011000,4620000,2513000,3447000,None,None,None,None,-177785000,None,None,459000,None,7320000,273000,4620000,137000,4757000,None,None,None,175902000,14892000,3240000,None,3623000,USD,-109000,28000,-109000,79000,1896000,2496000,-2000,51000,350000,2517000,130000,35000,205000,None,600000,-387000,308000,-409000,109000,308000,-45000,2472000,2.24,2.91
2,2019-11-30,USD,1563000,1077000,1045000,518000,-244000,-317000,430000,None,-322000,-5000,726000,315000,-559000,None,78000,0,80000,-78000,None,-79000,None,None,394000,None,-322000,-317000,None,USD,12743000,93000,None,1285000,11265000,1435000,None,1438000,None,-178133000,None,None,186000,769000,5174000,410000,410000,3729000,5935000,5302000,920000,1342000,None,936000,5932000,2312000,3326000,None,None,None,None,-178133000,None,None,493000,None,7441000,307000,5932000,159000,6091000,None,None,None,175839000,12743000,769000,None,3595000,USD,21000,-19000,21000,71000,-103000,-103000,-2000,106000,-322000,-406000,-324000,34000,207000,None,None,-293000,-6000,75000,50000,-6000,-143000,-549000,2.3,2.24
3,2019-08-31,USD,1555000,2582000,1226000,329000,-539000,-881000,537000,None,-880000,47000,819000,None,-1027000,None,75000,0,-55000,-75000,None,None,None,None,222000,None,-880000,-881000,None,USD,11662000,93000,None,19000,9874000,1741000,None,1485000,None,-177816000,None,None,169000,1363000,3920000,398000,398000,3753000,5878000,4628000,894000,1648000,None,703000,5954000,2083000,680000,None,None,None,None,None,None,None,169000,None,7034000,None,5954000,None,5954000,None,None,None,175804000,None,1363000,None,4000000,USD,-57000,-2000,-57000,-2498000,1103000,1103000,-2000,127000,-881000,320000,-672000,None,266000,None,None,-263000,-135000,216000,54000,None,None,None,2.55,2.3
4,2019-05-31,USD,1745000,1041000,1405000,340000,-784000,-859000,444000,None,-858000,1000,597000,-83000,-701000,None,74000,0,-251000,-74000,None,None,None,None,-83000,None,-858000,-859000,None,USD,11184000,96000,None,441000,8574000,2565000,None,500000,None,-176935000,None,None,163000,1060000,3666000,329000,329000,3728000,6029000,4008000,888000,2469000,None,562000,4908000,1945000,2837000,None,None,None,None,-176935000,None,None,163000,None,7176000,None,4908000,None,4908000,None,None,None,175772000,11184000,1060000,None,3589000,USD,-17000,-498000,-17000,-8000,-81000,-81000,-1000,-19000,-858000,-994000,-896000,-95000,282000,None,None,-165000,163000,275000,9000,163000,419000,-575000,2.85,2.55
5,2019-02-28,USD,1630000,917000,1628000,2000,-808000,-847000,298000,None,-844000,3000,619000,107000,-915000,None,36000,0,None,-36000,None,None,None,0,107000,None,-844000,-847000,None,USD,12428000,93000,None,355000,8999000,3383000,None,500000,None,-176076000,None,None,176000,1635000,3959000,337000,337000,3714000,6448000,4799000,912000,3290000,None,736000,5040000,2073000,3122000,None,None,None,None,-176076000,None,None,176000,None,7629000,None,5040000,None,5040000,None,None,None,175745000,12428000,1635000,None,3589000,USD,-3039000,168000,-3039000,-2999000,3116000,3115000,-1000,-408000,-844000,-636000,-712000,24000,281000,-1000,-1000,24000,-552000,187000,40000,-552000,-303000,-939000,3.16,2.85
6,2018-11-30,USD,972000,803000,1191000,-219000,-978000,-978000,334000,None,-983000,-5000,757000,44000,-1022000,None,5000,None,None,None,None,-288000,None,0,327000,None,-983000,-978000,None,USD,13213000,95000,None,378000,8970000,4201000,0,500000,0,-175229000,None,0,175000,2574000,7049000,335000,335000,3732000,6678000,5355000,910000,4106000,0,183000,1921000,2220000,6214000,4243000,175698000,0,0,-175229000,0,None,175000,None,7858000,None,1921000,None,1921000,None,None,None,175698000,13213000,2574000,None,3560000,USD,None,62000,485000,509000,-83000,-83000,-1000,221000,-983000,-864000,-1266000,-50000,264000,0,0,-583000,97000,-73000,24000,97000,17000,-847000,3.73,3.16
7,2018-08-31,USD,1950000,1013000,2155000,-205000,-1126000,-1131000,254000,0,-1131000,42000,871000,92000,-1218000,0,5000,None,None,None,0,-112000,0,0,199000,0,-1131000,-1131000,None,USD,14250000,98000,None,340000,9247000,5003000,0,500000,0,-174251000,None,0,164000,3421000,7234000,335000,335000,3727000,7213000,5861000,914000,4905000,0,282000,2013000,1818000,6399000,0,175527000,0,0,-174251000,0,None,164000,None,8389000,None,2013000,None,2013000,None,None,None,175527000,14250000,3421000,None,3559000,USD,54000,149000,550000,644000,-76000,-76000,-1000,-26000,-1131000,-430000,-904000,18000,232000,0,0,192000,-1000,-363000,94000,-1000,112000,-318000,3.99,3.73
8,2018-05-31,USD,1999000,514000,1837000,162000,-319000,-326000,296000,0,-326000,42000,799000,33000,-352000,0,7000,None,None,None,0,-581000,0,0,607000,0,-326000,-326000,None,USD,15602000,103000,None,286000,9476000,6126000,0,500000,0,-173120000,None,0,246000,3739000,7325000,342000,342000,3759000,7629000,6625000,999000,6023000,0,310000,2151000,2290000,6483000,6126000,175487000,0,0,-173120000,0,None,246000,None,8977000,None,2151000,None,2151000,None,None,None,175487000,15602000,3739000,None,3557000,USD,54000,-58000,467000,583000,-82000,-82000,-1000,78000,-326000,-50000,-435000,58000,246000,0,0,98000,-9000,-444000,116000,-9000,-68000,-118000,3.96,3.99
9,2018-02-28,USD,1543000,795000,1987000,-444000,-1125000,-1132000,223000,0,-1132000,42000,781000,114000,-1239000,0,7000,None,None,None,0,-209000,0,0,-157000,0,-1132000,-1132000,None,USD,16290000,109000,None,357000,9814000,6476000,0,500000,0,-172794000,None,0,1379000,3857000,7518000,349000,349000,3836000,7951000,6960000,1023000,6367000,0,335000,2296000,2411000,6669000,6476000,175434000,0,0,-172794000,0,None,247000,None,9330000,None,2296000,None,2296000,None,None,None,175434000,16290000,3857000,None,3545000,USD,54000,178000,289000,327000,-89000,-89000,None,-94000,-1132000,422000,222000,-125000,282000,0,0,-2000,811000,22000,37000,999000,35000,457000,4.15,3.96
10,2017-11-30,USD,2003000,917000,1951000,52000,-384000,-392000,184000,0,-392000,0,733000,481000,-865000,0,8000,None,None,None,0,0,0,0,473000,0,-392000,-392000,None,USD,16991000,109000,None,216000,9516000,7475000,0,500000,0,-171662000,None,0,1355000,3400000,7196000,339000,339000,3727000,8099000,7537000,998000,7366000,0,1307000,2320000,2614000,6357000,7475000,175410000,0,0,-171662000,0,None,248000,None,9454000,None,2320000,None,2320000,None,None,None,175410000,16991000,3400000,None,3544000,USD,1000,-239000,-93000,0,-84000,-84000,None,285000,-392000,-237000,-60000,186000,238000,0,0,105000,188000,230000,94000,-188000,55000,-182000,4.41,4.15
11,2017-08-31,USD,2571000,952000,2426000,145000,-665000,-673000,200000,0,-673000,115000,788000,142000,-807000,0,8000,None,None,None,0,-36000,0,0,670000,0,-673000,-673000,None,USD,17670000,104000,None,405000,9853000,7817000,0,500000,0,-171270000,None,0,1351000,3582000,7462000,335000,335000,3701000,8275000,8044000,992000,7713000,0,1111000,2391000,2946000,6627000,0,175386000,0,0,-171270000,0,None,255000,None,9626000,None,2391000,None,2391000,None,None,None,175386000,17670000,3582000,None,3544000,USD,59000,366000,20000,21000,-83000,-83000,-46000,-290000,-673000,445000,508000,210000,247000,0,0,33000,-202000,211000,1000,114000,None,445000,1.72,4.41
12,2017-05-31,USD,2111000,1103000,2297000,-186000,-1577000,-1586000,257000,0,-1586000,-138000,879000,-288000,-1289000,0,9000,None,None,None,0,-33000,0,0,-684000,0,-1586000,-1586000,None,USD,18297000,63000,None,537000,9593000,8704000,0,500000,0,-170597000,None,0,1419000,3137000,7109000,335000,2819000,3733000,8558000,8320000,995000,8641000,0,1277000,2484000,3369000,6274000,8704000,175568000,0,0,-170597000,0,None,361000,None,9977000,None,2484000,None,2484000,None,None,None,175568000,18297000,3137000,None,3544000,USD,1000,-224000,49000,110000,-82000,-128000,-46000,51000,-1586000,-937000,-858000,26000,262000,0,-46000,-110000,316000,951000,61000,-177000,6000,-931000,2.93,1.72
13,2017-02-28,USD,1830000,1136000,1823000,7000,-1141000,-1142000,195000,0,-1149000,-7000,941000,-12000,-1129000,0,8000,None,None,None,0,0,0,0,387000,0,-1149000,-1142000,None,USD,19863000,63000,None,589000,9669000,10171000,0,500000,0,-169011000,None,0,1761000,4068000,7148000,327000,827000,3634000,8588000,9514000,1330000,10108000,0,1075000,2521000,3782000,6321000,10194000,175548000,0,0,-169011000,0,None,368000,None,10349000,None,2521000,None,2521000,None,None,None,175548000,19863000,4068000,None,3520000,USD,18000,-645000,-10000,-8000,-79000,-79000,-46000,188000,-1149000,-727000,-638000,188000,252000,0,0,-197000,139000,417000,20000,496000,-32000,-759000,3.12,2.93
14,2016-11-30,USD,2702000,1219000,2586000,116000,-687000,-690000,199000,0,-696000,-6000,1100000,416000,-1103000,0,9000,None,None,None,0,-80000,0,0,0,0,-696000,-690000,None,USD,21097000,60000,None,788000,10080000,10983000,0,500000,0,-167869000,3083000,0,1728000,4827000,4493000,313000,None,3385000,8451000,10918000,1314000,10923000,0,1526000,2504000,3777000,3680000,0,175467000,0,0,-167869000,0,None,354000,None,10179000,None,2504000,3083000,5587000,None,None,None,175467000,21097000,4827000,None,3517000,USD,41000,-329000,-28000,-1000,-79000,-79000,None,None,-696000,-1228000,-1121000,-73000,335000,0,0,69000,0,208000,68000,-635000,25000,-1203000,4.33,3.12
15,2016-08-31,USD,1883000,10313000,3132000,-1249000,-11731000,-12171000,409000,0,-12181000,-10000,1417000,-609000,-11731000,0,10000,None,None,None,0,8690000,0,0,-9573000,0,-12181000,-12171000,None,USD,22235000,44000,None,640000,10593000,11603000,0,500000,0,-167179000,3097000,0,1785000,6030000,4901000,314000,314000,3398000,8813000,11637000,1368000,11559000,0,900000,2595000,4067000,4087000,0,175384000,0,0,-167179000,0,None,373000,None,10598000,None,2595000,3097000,5692000,None,None,None,175384000,22235000,6030000,None,3000000,USD,59000,-65000,-160000,-6000,-120000,3265000,500000,-390000,-12181000,2575000,-530000,198000,1477000,0,2885000,99000,1042000,9835000,154000,107000,-75000,2500000,6.23,4.33
16,2016-05-31,USD,2378000,1691000,3828000,-1450000,-3250000,-3253000,394000,0,-3263000,-10000,1267000,-109000,-3141000,0,13000,None,None,None,0,30000,0,0,0,0,-3263000,-3253000,None,USD,30705000,1246000,None,840000,10274000,20380000,0,2618000,0,-155008000,3011000,54000,3831000,3530000,4661000,342000,None,2972000,17007000,9867000,1930000,19080000,0,1099000,2602000,4398000,4319000,0,172416000,0,0,-155008000,0,None,601000,None,20838000,None,2602000,3011000,5613000,None,None,None,172416000,30705000,3530000,None,2940000,USD,None,-976000,138000,322000,-254000,-254000,3000000,None,-3263000,-1449000,-1333000,231000,1448000,0,0,329000,935000,790000,184000,108000,-327000,-1776000,1.3889,6.23
17,2016-02-29,USD,2916000,1975000,3711000,-795000,-2532000,-2539000,622000,0,-2545000,-6000,1203000,238000,-2770000,0,13000,None,None,None,0,150000,0,0,0,0,-2545000,-2539000,None,USD,34346000,1262000,None,1025000,11125000,23158000,0,3506000,0,-151755000,2955000,53000,3904000,5306000,5543000,509000,None,2596000,17962000,12480000,1982000,21843000,0,1185000,2627000,4964000,5034000,0,0,0,0,-151755000,0,None,607000,None,21866000,None,2627000,2955000,5582000,None,None,None,172317000,34346000,5306000,None,29069000,USD,None,-476000,-152000,-10000,-254000,2746000,3000000,None,-2545000,1581000,-1013000,-2000,1285000,0,0,-317000,827000,265000,142000,777000,256000,1837000,0.28,1.3889
18,2015-11-30,USD,2963000,1688000,4407000,-1444000,-3299000,-3312000,601000,0,-3315000,-3000,1087000,-167000,-3132000,0,16000,None,None,None,0,0,0,0,0,0,-3315000,-3312000,None,USD,35258000,1311000,None,1042000,9229000,25962000,0,4021000,0,-149216000,None,54000,4013000,3469000,6473000,703000,None,3019000,19531000,11714000,2008000,24597000,0,1993000,2756000,5210000,5770000,0,0,0,0,-149216000,0,None,640000,None,23544000,None,2756000,None,2756000,None,None,None,172159000,35258000,3469000,None,29052000,USD,None,761000,-361000,-20000,-437000,-437000,None,None,-3315000,-1361000,-563000,-146000,1316000,0,0,269000,50000,502000,341000,50000,22000,-1339000,0.4301,0.28
19,2015-08-31,USD,3122000,1893000,4159000,-1037000,-2976000,-3000000,489000,0,-2996000,4000,1338000,-46000,-2930000,-221000,20000,None,None,None,0,8690000,0,1000,202000,0,-2996000,-3000000,None,USD,38520000,1353000,None,891000,9154000,29296000,0,3334000,0,-145904000,None,54000,4069000,4808000,6315000,1068000,1068000,3083000,20779000,13672000,2014000,27889000,0,2049000,2839000,5924000,5247000,0,0,0,0,-145904000,0,None,648000,None,24848000,None,2839000,None,2839000,None,None,None,172117000,38520000,4808000,None,29052000,USD,59000,471000,-183000,92000,-355000,-355000,3500000,585000,-2996000,-1135000,-597000,102000,1130000,0,0,157000,-165000,616000,275000,-77000,-73000,-1208000,0.49,0.4301
