,fiscalDateEnding,reportedCurrency_x,totalRevenue,totalOperatingExpense,costOfRevenue,grossProfit,ebit,netIncome_x,researchAndDevelopment,effectOfAccountingCharges,incomeBeforeTax,minorityInterest,sellingGeneralAdministrative,otherNonOperatingIncome,operatingIncome,otherOperatingExpense,interestExpense,taxProvision,interestIncome,netInterestIncome,extraordinaryItems,nonRecurring,otherItems,incomeTaxExpense,totalOtherIncomeExpense,discontinuedOperations,netIncomeFromContinuingOperations,netIncomeApplicableToCommonShares,preferredStockAndOtherAdjustments,reportedCurrency_y,totalAssets,intangibleAssets,earningAssets,otherCurrentAssets,totalLiabilities,totalShareholderEquity,deferredLongTermLiabilities,otherCurrentLiabilities,commonStock,retainedEarnings,otherLiabilities,goodwill,otherAssets,cash,totalCurrentLiabilities,shortTermDebt,currentLongTermDebt,otherShareholderEquity,propertyPlantEquipment,totalCurrentAssets,longTermInvestments,netTangibleAssets,shortTermInvestments,netReceivables,longTermDebt,inventory,accountsPayable,totalPermanentEquity,additionalPaidInCapital,commonStockTotalEquity,preferredStockTotalEquity,retainedEarningsTotalEquity,treasuryStock,accumulatedAmortization,otherNonCurrrentAssets,deferredLongTermAssetCharges,totalNonCurrentAssets,capitalLeaseObligations,totalLongTermDebt,otherNonCurrentLiabilities,totalNonCurrentLiabilities,negativeGoodwill,warrants,preferredStockRedeemable,capitalSurplus,liabilitiesAndShareholderEquity,cashAndShortTermInvestments,accumulatedDepreciation,commonStockSharesOutstanding,reportedCurrency,investments,changeInLiabilities,cashflowFromInvestment,otherCashflowFromInvestment,netBorrowings,cashflowFromFinancing,otherCashflowFromFinancing,changeInOperatingActivities,netIncome_y,changeInCash,operatingCashflow,otherOperatingCashflow,depreciation,dividendPayout,stockSaleAndPurchase,changeInInventory,changeInAccountReceivables,changeInNetIncome,capitalExpenditures,changeInReceivables,changeInExchangeRate,changeInCashAndCashEquivalents,clossingVal,nextClossingVal
0,2020-06-30,USD,481602000,50139000,363629000,117973000,68597000,55624000,None,None,68597000,None,50139000,763000,67834000,None,0,12973000,None,0,None,None,None,12973000,763000,None,55624000,55624000,None,USD,1636375000,None,None,None,717593000,918782000,1971000,None,267000,708845000,46320000,12018000,49491000,49102000,129612000,None,None,None,1876000,1565590000,None,906764000,None,58230000,587981000,1458258000,129612000,None,None,267000,None,708845000,-49391000,None,53204000,None,3687000,5545000,587981000,15047000,587981000,None,None,None,259061000,1636375000,49102000,None,25089151,USD,-143000,15090000,-143000,None,-157193000,-156256000,-2084000,23309000,55624000,-69130000,87269000,4563000,156000,None,937000,23833000,-13224000,1227000,143000,-13224000,None,-69130000,88.03,
1,2020-03-31,USD,454727000,52686000,348163000,106564000,54889000,42839000,None,None,54889000,None,52686000,1011000,53878000,None,0,12050000,None,0,None,None,None,12050000,1011000,None,42839000,42839000,None,USD,1719044000,12018000,None,None,859439000,859605000,2619000,None,266000,653221000,49276000,12018000,52767000,118232000,115046000,None,None,None,1888000,1645071000,None,847587000,None,45006000,744393000,1481833000,115046000,None,None,266000,None,653221000,-49391000,None,57766000,None,2301000,5439000,744393000,22053000,744393000,None,None,None,255509000,1719044000,118232000,None,25074446,USD,-1125000,-14500000,-1542000,-1125000,53128000,22626000,-2084000,-24228000,42839000,79887000,58803000,-3157000,161000,None,-30502000,17902000,11385000,4173000,417000,11385000,None,79887000,45.15,88.03
2,2019-12-31,USD,605649000,58217000,463435000,142214000,84871000,64870000,None,None,84871000,None,58217000,874000,83997000,None,0,20001000,None,0,None,None,None,20001000,874000,None,64870000,64870000,None,USD,1666115000,12018000,None,None,820922000,845193000,2133000,32351000,264000,610382000,51763000,12018000,45006000,38345000,130363000,296028000,296028000,None,1632000,1594359000,None,833175000,None,56390000,690559000,1499624000,130363000,None,None,264000,None,610382000,-18056000,None,53485000,None,4621000,5645000,690559000,25145000,690559000,None,None,None,252603000,1666115000,38345000,None,25359409,USD,-193000,20862000,-193000,-1059000,-61638000,-60717000,-917000,40836000,64870000,1315000,62225000,3465000,156000,None,921000,-16730000,-10960000,562000,193000,-10960000,None,1315000,70.65,45.15
3,2019-09-30,USD,483081000,52625000,366431000,116650000,64732000,49349000,None,None,64732000,None,52625000,707000,64025000,None,0,15383000,None,0,None,None,None,15383000,707000,None,49349000,49349000,None,USD,1636193000,12018000,None,None,859146000,777047000,2460000,51446000,240000,545512000,None,12018000,54354000,37030000,107782000,69768000,69768000,None,1631000,1563090000,None,765029000,None,45431000,751364000,1480629000,107782000,None,None,240000,None,545512000,-18056000,None,56665000,None,2789000,5360000,751364000,17109000,751364000,None,None,None,249351000,1636193000,37030000,None,22949956,USD,-1059000,11138000,-1277000,-1059000,85317000,86018000,-917000,10269000,49349000,-525000,-85266000,5573000,161000,None,701000,-150250000,-2223000,986000,218000,-2223000,None,-525000,83.32,70.65
4,2019-06-30,USD,461830000,52870000,350519000,111311000,60535000,46055000,None,None,60535000,None,52870000,2094000,58441000,None,0,14480000,None,0,None,None,None,14480000,2094000,None,46055000,46055000,None,USD,1486060000,12018000,None,None,760825000,725235000,3333000,45194000,240000,496163000,None,12018000,58052000,37555000,95902000,69256000,69256000,None,1429000,1409461000,None,713217000,None,43207000,664923000,1328699000,95902000,None,None,240000,None,496163000,-18056000,None,61137000,None,2015000,5317000,664923000,16451000,664923000,None,None,None,246888000,1486060000,37555000,None,22939883,USD,-112000,14242000,-112000,None,-12317000,-11702000,-2067000,8901000,46055000,2471000,14285000,2531000,161000,None,615000,-38417000,-11220000,933000,112000,-11220000,None,2471000,71.43,83.32
5,2019-03-31,USD,287594000,45229000,221290000,66304000,21694000,18334000,None,None,21694000,None,45229000,619000,21075000,None,0,3360000,None,0,None,None,None,3360000,619000,None,18334000,18334000,None,USD,1436203000,12018000,None,None,759277000,676926000,4308000,47173000,239000,450108000,None,12018000,44838000,35084000,83202000,68750000,68750000,None,1478000,1357926000,None,664908000,None,31987000,676075000,1290855000,83202000,None,None,239000,None,450108000,-18056000,None,63641000,None,1140000,5290000,676075000,14335000,676075000,None,None,None,244635000,1436203000,35084000,None,22925730,USD,-211000,-7871000,-211000,None,21200000,21849000,-2067000,-10154000,18334000,-11540000,-33178000,3166000,165000,None,649000,-61254000,10849000,3433000,211000,10849000,None,-11540000,60.24,71.43
6,2018-12-31,USD,425160000,48129000,321602000,103558000,56209000,42653000,0,0,56209000,0,48129000,780000,55429000,0,-10823000,None,None,None,0,0,0,13556000,219000,0,42653000,42653000,None,USD,1395473000,12018000,None,None,739530000,655943000,5737000,50303000,237000,431774000,None,12018000,55807000,46624000,85796000,68251000,68251000,None,1432000,1317716000,None,643925000,None,42836000,653734000,1228256000,85796000,None,None,237000,None,431774000,-18056000,None,61517000,None,2790000,None,653734000,None,653734000,None,None,None,241988000,1395473000,46624000,None,22707385,USD,-1059000,-4959000,-714000,-634000,24873000,24076000,76000,31000,42653000,8655000,-14707000,-3660000,168000,None,-873000,-40277000,-11457000,2825000,80000,-11457000,None,8655000,45.22,60.24
7,2018-09-30,USD,380369000,45684000,283035000,97334000,48991000,37723000,0,0,48991000,0,45684000,-2659000,51650000,0,10823000,None,None,None,0,0,0,11268000,-4309000,0,37723000,37723000,None,USD,1333787000,19979000,None,None,721368000,612419000,1792000,55364000,237000,389121000,48407000,19979000,54946000,37969000,93673000,None,None,None,1520000,1257342000,None,592440000,0,31379000,627695000,1187994000,93673000,612419000,239611000,237000,0,389121000,-16550000,None,51088000,None,3858000,None,627695000,None,627695000,None,None,None,239611000,1333787000,37969000,None,22717153,USD,None,12471000,-73857000,-73829000,68750000,69286000,-76000,5550000,37723000,-10917000,-6346000,-8923000,177000,0,612000,-50938000,367000,2777000,28000,367000,None,-10917000,47.44,45.22
8,2018-06-30,USD,419847000,47603000,310082000,109765000,62671000,47608000,0,0,62671000,0,47603000,509000,62162000,0,8787000,None,None,None,0,0,0,15063000,509000,0,47608000,47608000,None,USD,1199919000,12018000,None,None,631237000,568682000,1692000,44387000,236000,351398000,37670000,12018000,42898000,48886000,76698000,554539000,554539000,None,1675000,1143328000,None,556664000,0,31746000,554539000,1062696000,76698000,568682000,233598000,236000,0,351398000,-16550000,None,40730000,None,2168000,None,554539000,None,554539000,None,None,None,233598000,1199919000,48886000,None,22632991,USD,None,-1351000,-214000,0,-18923000,-18178000,-3923000,5775000,47608000,-3138000,15254000,1282000,186000,0,745000,-23143000,-10086000,758000,214000,-10086000,None,-3138000,57.73,47.44
9,2018-03-31,USD,279024000,38389000,209765000,69259000,31227000,27302000,0,0,31227000,0,38389000,357000,30870000,0,7193000,None,None,None,0,0,0,3925000,360000,0,27302000,27302000,None,USD,1170854000,12018000,None,None,651944000,518910000,1602000,42592000,236000,303790000,31280000,12018000,43154000,52024000,80226000,571718000,571718000,None,1647000,1114035000,None,506892000,0,21660000,571718000,1040351000,80226000,518910000,231434000,236000,0,303790000,-16550000,None,42012000,None,1142000,None,571718000,None,571718000,None,None,None,231434000,1170854000,52024000,None,22615146,USD,None,-34643000,-153000,0,94962000,95530000,-132000,-57310000,27302000,-15547000,-110924000,-8950000,180000,0,700000,-120306000,23046000,2447000,153000,23046000,None,-15547000,70.57,57.73
10,2017-12-31,USD,404975000,43925000,306298000,98677000,55041000,35640000,0,0,55041000,0,43925000,289000,54752000,0,6647000,None,None,None,0,0,0,19401000,1355000,0,35640000,35640000,None,USD,1079892000,12018000,None,None,590046000,489846000,1105000,19008000,228000,276488000,35090000,12018000,29247000,67571000,114851000,475195000,475195000,None,1674000,1031210000,None,477828000,0,44706000,475195000,918933000,114851000,489846000,229680000,228000,0,276488000,-16550000,None,33062000,None,1928000,None,475195000,None,475195000,None,None,None,229680000,1079892000,67571000,None,21845580,USD,None,4515000,-16000,0,9931000,15913000,-99000,43844000,35640000,19603000,3706000,-9492000,191000,0,6081000,-16943000,-27651000,1785000,16000,-11990000,None,19603000,75.03,70.57
11,2017-09-30,USD,365896000,41449000,274000000,91896000,50877000,33687000,0,0,50877000,0,41449000,430000,50447000,0,6526000,None,None,None,0,0,0,17190000,0,0,33687000,33687000,None,USD,1022932000,12018000,None,None,576278000,446654000,0,17838000,227000,240848000,38867000,12018000,24320000,47968000,112220000,464058000,464058000,None,1862000,983252000,None,434636000,0,32716000,464058000,902568000,112220000,446654000,222129000,227000,0,240848000,-16550000,None,23611000,None,2189000,None,464058000,None,464058000,None,None,None,222129000,1022932000,47968000,None,21737859,USD,None,31575000,-179000,0,19984000,25358000,-172000,20760000,33687000,20668000,-4511000,-3751000,194000,0,5546000,-67012000,15661000,-625000,179000,1421000,None,20668000,48.57,75.03
12,2017-06-30,USD,324178000,37873000,237830000,86348000,48642000,32199000,0,0,48642000,0,37873000,167000,48475000,0,6028000,None,None,None,0,0,0,16443000,0,0,32199000,32199000,None,USD,931680000,12018000,None,None,525319000,406361000,0,12710000,226000,207161000,38191000,12018000,19762000,27300000,82373000,442946000,442946000,None,1877000,897422000,None,394343000,0,34137000,442946000,835985000,82373000,406361000,215524000,226000,0,207161000,-16550000,None,19897000,None,466000,None,442946000,None,442946000,None,None,None,215524000,931680000,27300000,None,21615519,USD,None,15557000,-152000,0,15831000,16282000,-122000,12677000,32199000,-4348000,-20478000,-3793000,195000,0,573000,-46391000,17082000,-1258000,152000,-16987000,None,-4348000,40.18,48.57
13,2017-03-31,USD,162911000,27372000,119412000,43499000,16842000,11780000,0,0,16842000,0,27372000,715000,16127000,0,5074000,None,None,None,0,0,0,5062000,0,0,11780000,11780000,None,USD,867626000,12018000,None,None,494386000,373240000,1141000,9051000,226000,174962000,28960000,12018000,17408000,31648000,67090000,426155000,426155000,None,1947000,837556000,None,361222000,0,17150000,426155000,788758000,67090000,373240000,214602000,226000,0,174962000,-16550000,None,16105000,None,30070000,None,426155000,None,427296000,None,None,None,214602000,867626000,31648000,None,21599861,USD,None,8798000,-171000,0,24810000,29485000,-255000,178000,11780000,-17870000,-47184000,178000,211000,0,4930000,-70263000,95000,2207000,171000,-95000,None,-17870000,33.91,40.18
14,2016-12-31,USD,236830000,30022000,172502000,64328000,34947000,23205000,0,0,34947000,0,30022000,641000,34306000,0,4958000,None,None,None,0,0,0,11742000,1327000,0,23205000,23205000,None,USD,814514000,12018000,None,4300000,459313000,355201000,164000,11045000,223000,163182000,30304000,12018000,14046000,49518000,58666000,400483000,400483000,None,1960000,784254000,None,343183000,0,17055000,400483000,717681000,58666000,355201000,208346000,223000,0,163182000,-16550000,None,16282000,None,30260000,None,400483000,None,400647000,None,None,None,208346000,814514000,49518000,None,21311310,USD,None,-21506000,-151000,0,44523000,44974000,160000,10361000,23205000,3603000,-41220000,-206000,217000,0,291000,-40829000,270000,-687000,151000,-1414000,None,3603000,28.73,33.91
15,2016-09-30,USD,216304000,27722000,159483000,56821000,29488000,19467000,0,0,29488000,0,27722000,389000,29099000,0,4547000,None,None,None,0,0,0,10021000,389000,0,19467000,19467000,None,USD,768612000,12049000,None,None,438057000,330555000,1774000,11319000,223000,139977000,31224000,12018000,17663000,45915000,81351000,None,None,None,2037000,738473000,None,318506000,None,15641000,354932000,676917000,81351000,None,None,223000,None,139977000,-16550000,None,16053000,None,30139000,None,354932000,None,356706000,None,None,None,206905000,768612000,45915000,None,21282514,USD,None,11882000,-213000,None,19950000,28960000,-343000,2715000,19467000,-3751000,-32498000,2715000,223000,None,9353000,-66433000,1684000,216000,213000,-568000,None,-3751000,36.84,28.73
16,2016-06-30,USD,222723000,28355000,163628000,59095000,31408000,20659000,0,0,31408000,0,28355000,668000,30740000,0,4604000,None,None,None,0,0,0,10749000,0,0,20659000,20659000,None,USD,707448000,12111000,None,None,406516000,300932000,2393000,8132000,220000,120510000,28942000,0,19158000,49666000,69949000,None,None,None,1950000,674664000,None,288821000,0,15073000,334174000,609925000,69949000,300932000,196752000,220000,0,120510000,-16550000,None,18723000,None,32784000,None,334174000,None,336567000,None,None,None,196752000,707448000,49666000,None,21023248,USD,None,6569000,-173000,0,10103000,26184000,-237000,-2382000,20659000,2092000,-23919000,-2382000,283000,0,16318000,-47728000,2252000,-16000,173000,-1304000,None,2092000,31.94,36.84
17,2016-03-31,USD,162463000,24043000,121094000,41369000,17829000,11700000,0,0,17829000,0,24043000,503000,17326000,0,4348000,None,None,None,0,0,0,6129000,0,0,11700000,11700000,None,USD,653057000,12173000,None,None,389568000,263489000,3120000,7891000,214000,99851000,28306000,0,19749000,47574000,63346000,None,None,None,1991000,622353000,None,251316000,0,13769000,323102000,561010000,63346000,0,0,214000,0,99851000,-16550000,None,16540000,None,30704000,None,323102000,None,326222000,None,None,None,179974000,653057000,47574000,None,20429694,USD,None,-153000,-185000,0,17536000,20737000,-285000,1695000,11700000,10006000,-10546000,1695000,366000,0,3486000,-28894000,3556000,1184000,185000,3556000,None,10006000,24.21,31.94
18,2015-12-31,USD,807000000,23176000,129874000,677126000,24092000,15731000,0,0,24092000,0,23176000,378000,23714000,0,3851000,None,None,None,0,0,0,8361000,-1525000,0,15731000,15731000,None,USD,622333000,12234000,None,10325000,374944000,247389000,2726000,6898000,213000,88151000,26903000,12018000,17373000,37568000,64026000,304561000,304561000,None,2108000,586121000,None,235155000,0,17325000,308192000,531228000,64026000,0,0,213000,0,88151000,-16550000,None,21870000,None,36212000,None,308192000,None,310918000,None,None,None,175575000,622333000,37568000,None,20270389,USD,None,-13166000,-225000,0,59601000,66132000,-294000,8002000,15731000,1103000,-64804000,-1565000,236000,0,6825000,-66308000,-9960000,1770000,225000,-1502000,None,1103000,24.33,24.21
19,2015-09-30,USD,173956000,22959000,127949000,46007000,23221000,15420000,0,0,23221000,0,22959000,173000,23048000,0,3468000,None,None,None,0,0,0,7801000,0,0,15420000,15420000,None,USD,546966000,12296000,None,None,322743000,224223000,1478000,6921000,210000,72420000,25363000,0,24643000,36465000,73456000,None,None,None,2052000,512762000,None,211927000,0,15822000,247809000,460475000,73456000,0,0,210000,0,72420000,-16550000,None,19856000,None,34204000,None,247809000,None,249287000,None,None,None,168143000,546966000,36465000,None,20008649,USD,None,16502000,-475000,0,7488000,9703000,-553000,None,15420000,-13282000,-22510000,-2408000,225000,0,2768000,-51670000,8458000,470000,475000,-1049000,None,-13282000,27.19,24.33
