,fiscalDateEnding,reportedCurrency_x,totalRevenue,totalOperatingExpense,costOfRevenue,grossProfit,ebit,netIncome_x,researchAndDevelopment,effectOfAccountingCharges,incomeBeforeTax,minorityInterest,sellingGeneralAdministrative,otherNonOperatingIncome,operatingIncome,otherOperatingExpense,interestExpense,taxProvision,interestIncome,netInterestIncome,extraordinaryItems,nonRecurring,otherItems,incomeTaxExpense,totalOtherIncomeExpense,discontinuedOperations,netIncomeFromContinuingOperations,netIncomeApplicableToCommonShares,preferredStockAndOtherAdjustments,reportedCurrency_y,totalAssets,intangibleAssets,earningAssets,otherCurrentAssets,totalLiabilities,totalShareholderEquity,deferredLongTermLiabilities,otherCurrentLiabilities,commonStock,retainedEarnings,otherLiabilities,goodwill,otherAssets,cash,totalCurrentLiabilities,shortTermDebt,currentLongTermDebt,otherShareholderEquity,propertyPlantEquipment,totalCurrentAssets,longTermInvestments,netTangibleAssets,shortTermInvestments,netReceivables,longTermDebt,inventory,accountsPayable,totalPermanentEquity,additionalPaidInCapital,commonStockTotalEquity,preferredStockTotalEquity,retainedEarningsTotalEquity,treasuryStock,accumulatedAmortization,otherNonCurrrentAssets,deferredLongTermAssetCharges,totalNonCurrentAssets,capitalLeaseObligations,totalLongTermDebt,otherNonCurrentLiabilities,totalNonCurrentLiabilities,negativeGoodwill,warrants,preferredStockRedeemable,capitalSurplus,liabilitiesAndShareholderEquity,cashAndShortTermInvestments,accumulatedDepreciation,commonStockSharesOutstanding,reportedCurrency,investments,changeInLiabilities,cashflowFromInvestment,otherCashflowFromInvestment,netBorrowings,cashflowFromFinancing,otherCashflowFromFinancing,changeInOperatingActivities,netIncome_y,changeInCash,operatingCashflow,otherOperatingCashflow,depreciation,dividendPayout,stockSaleAndPurchase,changeInInventory,changeInAccountReceivables,changeInNetIncome,capitalExpenditures,changeInReceivables,changeInExchangeRate,changeInCashAndCashEquivalents,clossingVal,nextClossingVal
0,2020-06-30,USD,41420000,-41420000,34320000,-34320000,34332000,22086000,12732000,None,28119000,None,10069000,27232000,7100000,-41420000,6213000,6033000,1969000,-4244000,None,None,None,6033000,25263000,None,22086000,22086000,None,USD,1242936000,225901000,None,5489000,547933000,695003000,23340000,10333000,16000,392893000,59816000,103369000,32470000,115156000,29264000,None,None,-2310000,7883000,863624000,None,365733000,694724000,44553000,449672000,3702000,18931000,None,None,16000,None,392893000,None,None,15748000,None,26411000,10909000,449672000,45657000,518669000,None,None,None,304404000,1242936000,809880000,None,16071000,USD,-13952000,6262000,-26757000,-12805000,None,-5000,-1134000,875000,22086000,-2380000,24382000,7056000,10054000,None,1129000,5726000,-3068000,-23734000,229000,-3068000,None,-2380000,111.85,
1,2020-03-31,USD,33161000,-33161000,29373000,-29373000,-21867000,-24131000,11891000,None,-30415000,None,9264000,-25655000,3788000,-33161000,8548000,-6284000,4730000,-3818000,None,None,None,-6284000,-30385000,None,-24131000,-24131000,None,USD,1185917000,216901000,None,37819000,524021000,661896000,21769000,5225000,16000,370807000,49920000,94341000,27628000,117527000,20438000,None,None,-4867000,6690000,830727000,None,350654000,621284000,46777000,444432000,7320000,15213000,None,None,16000,None,370807000,None,None,10900000,None,26358000,10714000,444432000,37382000,503583000,None,None,None,295940000,1185917000,738811000,None,16050000,USD,309062000,8460000,308536000,-526000,-203210000,-279305000,-3229000,2265000,-24131000,46153000,16922000,2958000,11455000,None,-72866000,1251000,-8398000,25327000,63000,-8398000,None,46153000,72.72,111.85
2,2019-12-31,USD,120282000,93279000,37182000,83100000,659000,-7365000,18664000,None,-8175000,None,10277000,10838000,-10179000,93279000,8834000,-810000,5840000,-2994000,None,None,None,-810000,4998000,None,-7365000,-7365000,None,USD,1494915000,230538000,None,63069000,727683000,767232000,32937000,4746000,17000,400105000,61752000,95229000,27965000,71543000,17002000,None,None,-216000,7185000,1123645000,None,441465000,939989000,41748000,638959000,7296000,12256000,None,None,17000,None,400105000,None,None,12710000,None,25608000,11212000,638959000,38785000,710681000,None,None,None,367326000,1494915000,1011532000,None,16823000,USD,-62264000,-20273000,-63179000,1638000,-203210000,-83693000,-1512000,-250000,-7365000,-154211000,-7339000,5016000,10430000,None,-82181000,-561000,-8429000,13843000,2607000,-8429000,None,-154211000,104.29,72.72
3,2019-09-30,USD,24808000,-24808000,29966000,-29966000,-10878000,-15251000,13742000,None,-19871000,None,9525000,-5720000,-5158000,-24808000,8993000,-4620000,7396000,-1597000,None,None,None,-4620000,-13116000,None,-15251000,-15251000,None,USD,1547476000,251681000,None,5039000,696895000,850581000,3761000,4024000,17000,407470000,19735000,93513000,2488000,275158000,35695000,None,None,-1493000,6411000,1183103000,None,505387000,874383000,21958000,631533000,6565000,31671000,None,None,17000,None,407470000,None,None,12768000,None,364373000,10858000,631533000,25906000,661200000,None,None,None,444587000,1547476000,1149541000,None,17563,USD,181991000,-28397000,169517000,-12474000,-27323000,-211312000,-3013000,2081000,-15251000,-47992000,-6197000,4765000,9888000,None,-180976000,3073000,-1699000,21424000,2553000,-1699000,None,-47992000,99.54,104.29
4,2019-06-30,USD,24987000,-24987000,29117000,-29117000,-9016000,-14419000,12213000,None,-18028000,None,10994000,-4886000,-4130000,-24987000,9012000,-3609000,9285000,273000,None,None,None,-3609000,-14171000,None,-14419000,-14419000,None,USD,1801836000,252617000,None,19985000,760383000,1041453000,694000,5702000,19000,422721000,16700000,88000000,1680000,333423000,108985000,41400000,27087000,-542000,6268000,1442307000,None,700836000,1059002000,20259000,624209000,9638000,61883000,None,None,19000,None,422721000,None,None,12644000,None,359529000,11478000,624209000,26495000,651398000,None,None,None,619255000,1801836000,1392425000,None,19390,USD,268235000,-63730000,265803000,-2432000,-27323000,-37591000,2000,-7284000,-14419000,167154000,-61058000,-7630000,7043000,None,-37593000,-1750000,6356000,13072000,247000,6356000,None,167154000,114.15,99.54
5,2019-03-31,USD,43484000,-856281000,29738000,-29738000,851619000,666337000,11289000,None,842713000,None,11088000,25076000,826543000,-856281000,8906000,176376000,14296000,-2997000,None,None,None,176376000,831964000,None,666337000,666337000,None,USD,1913988000,247313000,None,27946000,834014000,1079974000,9614000,7474000,20000,437140000,25930000,86809000,1515000,177854000,186777000,45474000,26756000,-503000,5575000,1567895000,None,745852000,1323575000,26615000,616987000,11905000,133829000,None,None,20000,None,437140000,None,None,6396000,None,346093000,1187000,616987000,20636000,647237000,None,None,None,643317000,1913988000,1501429000,None,19664,USD,-714779000,108002000,94777000,809556000,-27323000,-152576000,-2895000,-4119000,666337000,-12541000,45258000,None,10714000,None,-149681000,-2823000,29235000,-766207000,301000,29235000,None,-12541000,125.71,114.15
6,2018-12-31,USD,195296000,26441000,26441000,168855000,-35770000,-42480000,8840000,0,-56787000,0,11163000,-68919000,33149000,0,21017000,None,None,None,-600000,0,0,-14307000,-89938000,0,-42480000,-42480000,None,USD,1260803000,251253000,None,89185000,699889000,560914000,None,9003000,21000,-229197000,7776000,86646000,46992000,117164000,82249000,49863000,26433000,-1024000,5372000,870540000,None,223015000,601217000,55850000,609864000,7124000,23383000,None,None,21000,None,-229197000,None,None,471000,None,46521000,None,609864000,7776000,617640000,None,None,None,791114000,1260803000,718381000,None,20765533,USD,295081000,4454000,275302000,-18892000,-107790000,-347085000,-140383000,-115000,-42482000,-39211000,32572000,12818000,16644000,None,-98912000,1204000,-8164000,48098000,891000,-8164000,None,-39211000,135.7,125.71
7,2018-09-30,USD,45663000,-45663000,22301000,-22301000,90426000,67362000,8840000,0,79226000,0,9633000,67064000,23362000,-45663000,11200000,None,None,None,0,0,0,11864000,55864000,0,67362000,67362000,None,USD,2105742000,237210000,None,683425000,1406222000,699520000,None,6128000,21000,-183914000,10039000,85961000,32939000,115560000,793344000,776302000,213144000,-64000,4407000,1745225000,None,376349000,891128000,46976000,602839000,8136000,10914000,None,None,21000,None,-183914000,None,None,499000,None,32440000,None,602839000,10039000,612878000,None,None,None,883477000,2105742000,1006688000,None,21095174,USD,-81704000,-9364000,-78252000,3452000,52129000,58917000,-223000,-3867000,67362000,7747000,27082000,-11988000,15108000,None,7011000,632000,-4975000,-29693000,62000,-4975000,None,7747000,274.49,135.7
8,2018-06-30,USD,90043000,-90043000,19868000,-19868000,109033000,73160000,8840000,0,95579000,0,9294000,38858000,70175000,-90043000,13454000,None,None,None,0,0,0,22419000,25404000,0,73160000,73160000,None,USD,1858284000,242438000,None,472022000,1238471000,619813000,0,9195000,21000,-254240000,9709000,85961000,45228000,151459000,632850000,611661000,210370000,-151000,4187000,1480470000,None,291414000,805468000,42001000,595912000,9520000,11994000,0,0,21000,0,-254240000,0,None,642000,None,44586000,None,595912000,9709000,605621000,None,None,None,874183000,1858284000,956927000,None,21095174,USD,-586562000,47000,-586738000,-176000,571065000,613529000,363000,-32185000,73162000,100435000,73644000,-7180000,15448000,0,42101000,583000,-4893000,-3523000,66000,-4893000,None,100435000,207.17,274.49
9,2018-03-31,USD,56157000,19116000,19116000,37041000,57917000,45279000,8840000,0,55312000,0,7643000,20876000,37041000,3278000,2605000,None,None,None,0,0,0,10033000,18271000,0,45279000,45279000,None,USD,754668000,245275000,None,33182000,257490000,481100000,3000000,7545000,21000,-327400000,10511000,85961000,70262000,51024000,246979000,227547000,227547000,-286000,4119000,349051000,None,165942000,213329000,40985000,0,10531000,11887000,0,0,21000,16078000,-327400000,0,None,894000,None,69368000,None,None,7511000,10511000,None,16078000,None,808765000,754668000,264353000,None,21301980,USD,-32341000,321000,-33581000,-1240000,728215000,3224000,-3797000,32185000,45279000,30404000,60761000,31437000,6020000,0,7021000,-4978000,-11512000,-5806000,887000,-11512000,None,30404000,165.16,207.17
10,2017-12-31,USD,50465000,101084000,22113000,28352000,33444000,-7007000,8633000,0,30667000,0,16382000,5092000,28352000,9384000,2777000,None,None,None,0,0,0,37674000,-6425000,0,-7007000,-7007000,None,USD,671021000,248110000,None,1514000,252374000,399788000,3525000,4703000,21000,-400924000,13506000,85959000,429788000,20620000,238868000,224529000,224529000,2486000,4212000,237021000,6438000,84578000,181041000,29473000,0,4373000,9636000,399788000,798205000,21000,18859000,-400924000,0,None,4859000,None,84422000,None,None,9981000,13506000,None,18859000,None,798205000,671021000,201661000,None,21148665,USD,-11780000,10000,-36174000,-22460000,None,-7255000,-5942000,402000,-7010000,-12119000,31310000,-10613000,6936000,0,-1313000,1142000,-8358000,44102000,1936000,-10267000,None,-12119000,136.93,165.16
11,2017-09-30,USD,33375000,-43038000,16882000,16493000,14893000,8426000,4759000,0,12071000,0,11791000,-1600000,16493000,8176000,2822000,None,None,None,0,0,0,3645000,297000,0,8426000,8426000,None,USD,662337000,220299000,None,1112000,237574000,403166000,0,86000,21000,-393914000,5891000,72207000,434610000,32739000,231683000,221557000,221557000,3335000,3526000,224201000,5137000,132257000,169520000,15823000,0,5007000,10040000,0,0,21000,21597000,-393914000,0,None,2028000,None,134939000,None,None,5891000,5891000,None,21597000,None,793724000,662337000,202259000,None,21094836,USD,-56517000,-496000,-56538000,3059000,728215000,1404000,-90000,1085000,8429000,-27484000,27650000,8011000,5076000,0,1494000,2301000,1909000,12112000,21000,646000,None,-27484000,136.15,136.93
12,2017-06-30,USD,27995000,14980000,14980000,13015000,11160000,6058000,4822000,0,8300000,0,11372000,-1855000,13015000,-8155000,2860000,None,None,None,0,0,0,2242000,-694000,0,6058000,6058000,None,USD,640024000,222246000,None,1072000,230615000,385116000,0,86000,21000,-402340000,4775000,72207000,440972000,60223000,225840000,218630000,218630000,3059000,1875000,197177000,6014000,114956000,112404000,16669000,0,6809000,7124000,0,0,21000,24293000,-402340000,0,None,1668000,138837000,442847000,None,None,4775000,4775000,None,24293000,None,784376000,640024000,172627000,None,21049741,USD,36454000,-190000,39201000,2859000,None,-5000,-2020000,-356000,6058000,49582000,10386000,5780000,5469000,0,2015000,-3089000,1263000,8796000,112000,-6380000,None,49582000,121.4,136.15
13,2017-03-31,USD,29267000,0,19051000,10216000,9134000,5079000,8673000,0,6193000,0,15995000,-1082000,10216000,2715000,2941000,None,None,None,0,0,0,1114000,-4023000,0,5079000,5079000,None,USD,629723000,227620000,None,641000,230945000,371830000,0,111000,21000,-408398000,3950000,72207000,453124000,10641000,226995000,215748000,215748000,3105000,1898000,174701000,10469000,98951000,148733000,7057000,0,7629000,11136000,0,0,21000,26948000,-408398000,0,None,1821000,141007000,455022000,None,None,3950000,3950000,None,26948000,None,777102000,629723000,159374000,None,20996049,USD,-25581000,-1963000,-30666000,-4998000,None,-1667000,-2022000,745000,5079000,-8111000,24222000,5748000,5771000,0,355000,-1197000,7643000,8220000,87000,7643000,None,-8111000,105.84,121.4
14,2016-12-31,USD,38186000,53643000,18831000,20085000,10235000,-3125000,6408000,0,7229000,0,13034000,-9119000,19524000,8411000,3006000,None,None,None,0,1291000,0,10355000,-31670000,-1462000,-3125000,-3125000,None,USD,601585000,230526000,None,2175000,230732000,341290000,0,5088000,21000,-431127000,3603000,72207000,436713000,18752000,227129000,212910000,212910000,2743000,1819000,163053000,8345000,68120000,122296000,17907000,0,1923000,9131000,341290000,769653000,21000,29563000,-431127000,0,None,1744000,123891000,438532000,None,None,3603000,3603000,None,29563000,None,769653000,601585000,141048000,None,20909301,USD,-84940000,-795000,-86727000,-1720000,None,-2094000,-999000,526000,-2719000,-67828000,20993000,-2151000,5601000,0,-2094000,2150000,-8525000,24302000,67000,-8114000,None,-67828000,101.61,105.84
15,2016-09-30,USD,21618000,37403000,16153000,5466000,4327000,1052000,5898000,0,1211000,0,12202000,-1139000,5711000,7122000,3117000,None,None,None,0,-145000,0,159000,9764000,4386000,1051000,1052000,None,USD,600865000,233420000,None,2756000,230472000,370393000,0,6584000,28000,-428001000,4341000,72359000,458348000,86580000,226131000,210115000,210115000,3652000,1826000,140691000,17339000,64614000,37535000,9793000,0,4027000,9432000,0,0,28000,32138000,-428001000,0,None,1744000,133486000,460174000,None,None,4341000,4341000,None,32138000,None,762576000,600865000,124115000,None,20898889,USD,7264000,1741000,5078000,-1424000,None,1629000,-999000,385000,645000,25230000,18523000,1122000,5865000,0,2628000,-192000,411000,6292000,762000,3380000,None,25230000,102.06,101.61
16,2016-06-30,USD,19521000,-39555000,15552000,3969000,-7000000,-6170000,4914000,0,-9571000,0,11777000,-10969000,4342000,-7414000,3050000,None,None,None,0,-358000,0,-3881000,-8494000,-2924000,-6170000,-6170000,None,USD,589318000,236283000,None,2602000,224883000,329762000,0,5697000,21000,-401165000,4536000,72360000,461574000,61350000,220347000,207363000,207363000,3745000,1181000,126563000,18733000,55792000,45603000,13173000,0,3835000,7287000,0,0,21000,34673000,-429053000,0,None,603000,133595000,462755000,None,None,4536000,4536000,None,None,None,755049000,589318000,106953000,None,21000000,USD,37229000,1092000,18217000,-17529000,None,1469000,-999000,-659000,-6170000,30057000,10371000,-7141000,5534000,0,1469000,-3055000,3791000,11816000,783000,1813000,None,30057000,119.27,102.06
17,2016-03-31,USD,29648000,13597000,14552000,15096000,12576000,6608000,4001000,0,9571000,0,10829000,-2520000,15096000,2524000,3005000,None,None,None,0,244000,0,3694000,-5525000,731000,5877000,6608000,None,USD,585957000,221369000,None,1562000,221361000,364596000,0,5883000,21000,-422883000,4468000,72997000,452331000,31293000,12240000,207363000,207363000,3568000,567000,133059000,28118000,70230000,81908000,16546000,204653000,1750000,6357000,0,0,21000,0,-422883000,0,None,70000,129777000,452898000,None,204653000,4468000,209121000,None,None,None,783890000,585957000,113201000,None,20815636,USD,18779000,-4289000,-79760000,-98301000,None,511000,-999000,-25000,6608000,-66135000,13114000,5867000,5563000,0,511000,853000,5604000,10724000,238000,-5604000,None,-66135000,107.09,119.27
18,2015-12-31,USD,21192000,44585000,10175000,11018000,8757000,-19033000,2275000,0,5828000,0,8463000,-2261000,11250000,2375000,2927000,None,None,None,0,1020000,0,25140000,9314000,731000,-19033000,-19033000,None,USD,503061000,56901000,None,1908000,226151000,237282000,0,11356000,20000,-429491000,3330000,12238000,287977000,97428000,222821000,201985000,201985000,4903000,372000,214712000,29728000,207771000,102791000,11683000,0,1633000,9480000,0,0,20000,39628000,-429491000,0,None,27000,189083000,288349000,None,None,3330000,3330000,None,39628000,None,661850000,503061000,200219000,None,21000000,USD,-9611000,-1159000,-11477000,-1799000,None,1470000,-999000,987000,-19033000,3658000,13665000,229519000,3242000,0,1470000,-243000,6489000,29436000,67000,-653000,None,3658000,108.42,107.09
19,2015-09-30,USD,17702000,0,9104000,8597000,10214000,224539000,1946000,0,7284000,0,6917000,1617000,8943000,0,2930000,None,None,None,0,0,0,-217519000,-19239000,0,224539000,224539000,None,USD,521700000,57539000,None,2624000,229519000,292181000,2083000,8954000,20000,-410458000,10315000,12238000,311021000,93770000,16253000,None,None,5558000,355000,210324000,31826000,222404000,94128000,18581000,202951000,1221000,7299000,0,0,20000,0,-410458000,0,None,2995000,206423000,311376000,None,202951000,8232000,213266000,None,None,None,697061000,521700000,187898000,None,21000000,USD,-25087000,-1894000,-26365000,-1278000,None,1460000,None,None,224539000,-14468000,10437000,76000,3339000,0,1460000,375000,7142000,-216038000,27000,40000,None,-14468000,85.65,108.42
