,fiscalDateEnding,reportedCurrency_x,totalRevenue,totalOperatingExpense,costOfRevenue,grossProfit,ebit,netIncome_x,researchAndDevelopment,effectOfAccountingCharges,incomeBeforeTax,minorityInterest,sellingGeneralAdministrative,otherNonOperatingIncome,operatingIncome,otherOperatingExpense,interestExpense,taxProvision,interestIncome,netInterestIncome,extraordinaryItems,nonRecurring,otherItems,incomeTaxExpense,totalOtherIncomeExpense,discontinuedOperations,netIncomeFromContinuingOperations,netIncomeApplicableToCommonShares,preferredStockAndOtherAdjustments,reportedCurrency_y,totalAssets,intangibleAssets,earningAssets,otherCurrentAssets,totalLiabilities,totalShareholderEquity,deferredLongTermLiabilities,otherCurrentLiabilities,commonStock,retainedEarnings,otherLiabilities,goodwill,otherAssets,cash,totalCurrentLiabilities,shortTermDebt,currentLongTermDebt,otherShareholderEquity,propertyPlantEquipment,totalCurrentAssets,longTermInvestments,netTangibleAssets,shortTermInvestments,netReceivables,longTermDebt,inventory,accountsPayable,totalPermanentEquity,additionalPaidInCapital,commonStockTotalEquity,preferredStockTotalEquity,retainedEarningsTotalEquity,treasuryStock,accumulatedAmortization,otherNonCurrrentAssets,deferredLongTermAssetCharges,totalNonCurrentAssets,capitalLeaseObligations,totalLongTermDebt,otherNonCurrentLiabilities,totalNonCurrentLiabilities,negativeGoodwill,warrants,preferredStockRedeemable,capitalSurplus,liabilitiesAndShareholderEquity,cashAndShortTermInvestments,accumulatedDepreciation,commonStockSharesOutstanding,reportedCurrency,investments,changeInLiabilities,cashflowFromInvestment,otherCashflowFromInvestment,netBorrowings,cashflowFromFinancing,otherCashflowFromFinancing,changeInOperatingActivities,netIncome_y,changeInCash,operatingCashflow,otherOperatingCashflow,depreciation,dividendPayout,stockSaleAndPurchase,changeInInventory,changeInAccountReceivables,changeInNetIncome,capitalExpenditures,changeInReceivables,changeInExchangeRate,changeInCashAndCashEquivalents,clossingVal,nextClossingVal
0,2020-06-30,USD,62470000,61407000,26245000,36225000,3033000,783000,None,None,833000,None,35162000,None,1063000,None,327000,50000,0,-327000,None,None,None,50000,97000,None,783000,372000,None,USD,194901000,None,None,58380000,152839000,42062000,None,14556000,141377000,-43025000,4017000,14536000,16790000,23342000,68571000,None,2000000,-4019000,102569000,61006000,None,27526000,None,27906000,16121000,3107000,14058000,None,None,None,None,None,None,None,1003000,None,133895000,59370000,None,1014000,84268000,None,None,None,None,None,None,None,None,USD,-1688000,869000,-1688000,97000,-500000,-500000,None,18388000,783000,16227000,18415000,None,1873000,None,None,-1272000,-8487000,6181000,1785000,None,None,None,3.9,
1,2020-03-31,USD,70041000,41149000,30238000,39803000,-1346000,-1750000,None,None,-1700000,None,41148000,None,-1346000,1000,354000,50000,0,-354000,None,None,None,50000,-1000,None,-1750000,-1750000,None,USD,169251000,None,None,81804000,116360000,52891000,153000,91977000,141377000,-43808000,4124000,14536000,15768000,9741000,51080000,2000000,2000000,-4064000,49367000,42492000,None,52891000,None,26504000,16576000,1835000,21291000,None,None,141377000,None,-43808000,-82860000,None,999000,None,49367000,53052000,16576000,939000,1092000,None,11982000,None,30264000,169251000,9741000,None,32275062,USD,-1287000,-7322000,-1287000,97000,-15500000,-15669000,3000,558000,-1750000,-28903000,-11947000,None,1890000,None,-172000,-227000,-11835000,-10197000,1287000,None,None,-28903000,2.2,3.9
2,2019-12-31,USD,73916000,33309000,30555000,43361000,10053000,9206000,None,None,9230000,None,33666000,1000,10052000,-357000,823000,24000,1000,-821000,None,None,None,24000,356000,None,9206000,9206000,None,USD,194763000,None,None,4573000,139633000,55130000,153000,68795000,141377000,-42058000,4282000,14536000,31340000,23644000,57205000,2000000,2000000,-3456000,49345000,50477000,None,55130000,None,20652000,32028000,1608000,22453000,None,None,141377000,None,-42058000,-82860000,None,16003000,None,94941000,55160000,32028000,46232000,46385000,None,11982000,None,30145000,194763000,23644000,None,31142251,USD,-1749000,-3336000,-1749000,364000,6776000,18758000,-1595000,-3311000,9207000,22890000,5881000,None,2144000,None,11982000,291000,-4952000,-3326000,2113000,None,None,22890000,2.7,2.2
3,2019-09-30,USD,72594000,37240000,33211000,39383000,2144000,1340000,None,None,1390000,None,37451000,1000,2143000,-211000,754000,50000,1000,-753000,None,None,None,50000,211000,None,1340000,1340000,None,USD,161737000,None,None,73781000,128157000,33580000,93000,92461000,141377000,-51264000,4306000,14536000,15880000,15754000,68124000,7117000,7117000,-3600000,48209000,44362000,None,33580000,None,22094000,19785000,1899000,28422000,None,None,141377000,None,-51264000,-82860000,None,1247000,None,48209000,45031000,19785000,64000,157000,None,None,None,29927000,161737000,15754000,None,31142251,USD,-1849000,3111000,-1849000,211000,728000,728000,-1595000,54000,1339000,4768000,5889000,None,1983000,None,None,187000,-7216000,4550000,2060000,None,None,4768000,2.08,2.7
4,2019-06-30,USD,63569000,35913000,29749000,33820000,-2091000,-3064000,None,None,-2920000,None,35913000,2000,-2093000,None,829000,144000,2000,-827000,None,None,None,144000,-827000,None,-3064000,-3064000,None,USD,154898000,None,None,72263000,123030000,31868000,93000,90735000,141377000,-52604000,4371000,14536000,14753000,10986000,62759000,4579000,4579000,-3754000,47480000,40178000,None,31868000,None,22083000,21435000,2086000,27534000,None,None,141377000,None,-52604000,-82860000,None,1091000,None,47480000,44305000,21435000,89000,182000,None,None,None,29709000,154898000,10986000,None,31142251,USD,-573000,5170000,-573000,211000,1238000,1238000,-12000,-2874000,-3064000,805000,140000,None,1939000,None,None,-394000,-4493000,3204000,573000,None,None,805000,2.31,2.08
5,2019-03-31,USD,63263000,38147000,29980000,33283000,-4860000,-5467000,None,None,-5417000,None,38146000,4000,-4864000,1000,557000,50000,-553000,-553000,None,None,None,50000,-1000,None,-5467000,-5467000,None,USD,155989000,None,None,73763000,121402000,34587000,None,91149000,141377000,-49540000,4341000,14536000,3646000,10181000,59751000,3635000,3635000,-3908000,47776000,37736000,None,34587000,None,22577000,20958000,1692000,26507000,None,None,141377000,None,-49540000,-82860000,None,3222000,None,47776000,45860000,20958000,111000,111000,None,None,None,29518000,155989000,10181000,None,31025668,USD,-639000,-3635000,-639000,211000,-24186000,-24204000,-104000,872000,-5467000,-35765000,-10922000,None,2050000,None,-18000,-241000,-9325000,-5455000,639000,None,None,-35765000,3.1,2.31
6,2018-12-31,USD,70113000,33155000,31203000,38910000,5762000,5033000,0,0,5083000,0,33155000,7000,5755000,0,679000,50000,None,None,0,0,0,50000,-673000,0,5033000,5033000,None,USD,146038000,None,None,2639000,106172000,39866000,None,66319000,141377000,-44073000,7822000,14536000,25099000,34346000,64581000,15000000,15000000,-4062000,49292000,57111000,None,39866000,None,18675000,33769000,1451000,24712000,None,None,141377000,None,-44073000,-82860000,None,None,None,39635000,None,33769000,141000,141000,None,None,None,29484000,146038000,34346000,None,30552333,USD,None,-4234000,-480000,211000,24301000,24301000,-104000,-1732000,5033000,27943000,4122000,None,2132000,None,None,860000,-2536000,-911000,480000,None,None,27943000,3.2,3.1
7,2018-09-30,USD,70078000,36514000,33488000,36590000,82000,-600000,0,0,-550000,0,36087000,6000,76000,427000,632000,50000,None,None,0,0,0,50000,-1053000,0,-600000,-600000,None,USD,122581000,14536000,None,2419000,87731000,34850000,0,54301000,141377000,-49106000,8009000,14536000,12762000,18003000,55348000,None,None,-4025000,50891000,44392000,None,34850000,7820000,21659000,24374000,2311000,33266000,0,0,141377000,0,-49106000,-82860000,None,27298000,None,78189000,None,24374000,164000,164000,None,None,None,29464000,122581000,18003000,None,30552333,USD,None,6136000,-73000,2333000,-13000,-13000,-13000,1573000,-600000,6432000,6518000,None,2101000,0,0,-509000,-7980000,7118000,2406000,None,None,6432000,2.26,3.2
8,2018-06-30,USD,61120000,34464000,30179000,30941000,-3515000,-4104000,0,0,-4054000,0,34471000,8000,-3523000,-7000,539000,50000,None,None,0,0,0,50000,-524000,0,-4104000,-4104000,None,USD,115795000,14536000,None,2597000,80527000,35268000,0,52439000,141377000,-48506000,8504000,14536000,11136000,11571000,47731000,24292000,24292000,-4187000,53468000,36655000,None,35268000,8490000,20685000,24292000,1802000,27807000,0,0,141377000,0,-48506000,-82860000,None,25672000,None,79140000,None,24292000,281000,281000,None,None,None,29444000,115795000,11571000,None,30552333,USD,None,526000,-1328000,7000,1899000,1838000,-62000,1014000,-4104000,-1782000,-2292000,None,2088000,0,-61000,108000,-5497000,1812000,1335000,None,None,-1782000,1.74,2.26
9,2018-03-31,USD,61889000,37648000,30503000,31386000,-6252000,-6874000,0,0,-6824000,0,37531000,10000,-6262000,117000,572000,50000,None,None,0,0,0,50000,-679000,0,-6874000,-6874000,None,USD,116871000,12000,None,2949000,77652000,39219000,0,52135000,141377000,-44402000,8851000,14536000,10451000,13353000,46501000,22300000,22300000,-4348000,54017000,37855000,None,39219000,8490000,19643000,22300000,1910000,25099000,0,0,141377000,0,-44402000,-82860000,None,24999000,None,79016000,None,22300000,418000,418000,None,None,None,29452000,116871000,13353000,None,30570099,USD,None,-777000,-468000,8000,-30380000,-30691000,-391000,-650000,-6874000,-41201000,-10042000,None,2100000,0,-311000,-253000,-7823000,-3168000,476000,None,None,-41201000,1.99,1.74
10,2017-12-31,USD,67401000,29398000,30229000,37172000,7783000,7706000,0,0,7282000,0,29402000,9000,7774000,-4000,501000,None,None,None,0,0,0,-424000,-5419000,0,7706000,7706000,None,USD,155213000,14552000,None,5518000,109400000,45813000,0,86573000,141377000,-37528000,9323000,14536000,57629000,21752000,47484000,52593000,52593000,-4510000,52866000,44718000,8928000,31277000,7189000,15791000,52593000,1657000,22279000,0,0,141377000,0,-37528000,-82860000,None,33741000,424000,57629000,None,None,548000,548000,None,None,None,29334000,155213000,21752000,None,30624407,USD,None,-3324000,-980000,10000,35793000,2980000,-32802000,-3874000,7706000,7286000,5286000,None,8702000,0,-11000,30000,-15733000,-2420000,990000,None,None,7286000,2.02,1.99
11,2017-09-30,USD,67308000,33969000,34070000,33238000,-724000,-1490000,0,0,-1440000,0,35499000,7000,-731000,-1530000,716000,None,None,None,0,0,0,50000,0,0,-1490000,-1490000,None,USD,117559000,14557000,None,5403000,80423000,37136000,0,54696000,141377000,-45234000,10338000,14536000,23317000,14466000,53364000,16721000,16721000,-5220000,54083000,40159000,None,37136000,7189000,18503000,16721000,1787000,25042000,0,0,141377000,0,-45234000,-82860000,None,23317000,None,77400000,None,None,685000,685000,None,None,None,29073000,117559000,14466000,None,30629596,USD,None,2417000,12663000,14330000,-15500000,-15500000,19118000,3002000,-1490000,67000,2904000,None,0,0,0,100000,14017000,4394000,1667000,None,None,67000,2.5,2.02
12,2017-06-30,USD,61865000,35491000,32405000,29460000,-6022000,-6771000,0,0,-6721000,0,35554000,9000,-6031000,-63000,699000,None,None,None,0,0,0,50000,0,0,-6771000,-6771000,None,USD,130231000,14696000,None,19658000,92339000,37892000,0,55572000,141377000,-43744000,11382000,14536000,22272000,13399000,56934000,8000000,32023000,-5660000,55132000,52827000,None,37892000,6189000,17886000,24023000,1884000,27942000,0,0,141377000,0,-43744000,-82860000,None,22272000,None,77404000,None,None,825000,825000,None,None,None,28779000,130231000,13399000,None,30629596,USD,None,544000,-1170000,96000,2710000,7710000,5000000,-3213000,-6771000,-1497000,-8037000,None,0,0,0,128000,9276000,-1266000,1266000,None,None,-1497000,3.1,2.5
13,2017-03-31,USD,65279000,38298000,32709000,32570000,-5697000,-10929000,0,0,-10879000,0,38324000,31000,-5728000,-26000,5182000,None,None,None,0,0,0,50000,0,0,-10929000,-10929000,None,USD,136909000,14565000,None,20386000,92760000,44149000,0,58822000,141377000,-36973000,11511000,14536000,22517000,19896000,57093000,5000000,5000000,-5881000,55056000,59336000,None,44149000,11189000,17386000,24156000,1668000,28299000,0,0,141377000,0,-36973000,-82860000,None,22517000,None,77573000,None,None,639000,639000,None,None,None,28486000,136909000,19896000,None,30498388,USD,None,-2543000,-596000,236000,5142000,-287000,-5000000,-1350000,-10929000,-12357000,-11474000,None,0,0,-429000,19000,4636000,-545000,832000,None,None,-12357000,2.81,3.1
14,2016-12-31,USD,61770000,33100000,25713000,36057000,4573000,-18627000,0,0,3144000,0,28684000,1616000,2957000,514000,1429000,None,None,None,0,3902000,0,50000,-20790000,-21721000,3094000,-18627000,None,USD,163207000,14568000,None,27482000,108281000,54926000,0,69262000,141377000,-26044000,10007000,14536000,41465000,27463000,68030000,11713000,11713000,-6101000,55445000,66297000,5633000,40390000,6399000,10294000,30244000,1058000,26563000,0,0,141377000,0,-26044000,-82860000,None,21296000,None,41465000,None,None,743000,743000,None,None,None,28554000,163207000,27463000,None,30685017,USD,None,1937000,-1539000,-98000,-1000,-43000,29000,1406000,-18627000,1824000,3406000,None,11066000,0,-71000,201000,-15700000,22033000,1441000,None,None,1824000,1.92,2.81
15,2016-09-30,USD,49803000,24362000,24398000,25405000,2790000,-471000,0,0,1312000,0,24361000,1747000,1043000,1000,1478000,None,None,None,0,0,0,50000,0,-1733000,1262000,-471000,None,USD,190394000,14573000,None,50752000,117429000,72965000,0,78464000,141377000,-7417000,9078000,14536000,41277000,25522000,76617000,10000000,None,-6406000,57956000,91161000,None,72965000,6282000,13741000,31734000,1146000,28965000,0,0,141377000,0,-7417000,-82860000,None,41277000,None,99233000,None,None,None,None,None,None,None,28271000,190394000,25522000,None,30768433,USD,None,5454000,-336000,264000,None,1000,1000,None,-471000,8290000,8625000,None,0,0,0,24000,14216000,9096000,600000,None,None,8290000,2.2,1.92
16,2016-06-30,USD,41894000,23066000,21667000,20227000,-1153000,-3138000,0,0,-2675000,0,23072000,1686000,-2839000,-6000,1522000,None,None,None,0,0,0,50000,0,-413000,-2725000,-3138000,None,USD,178998000,14577000,None,48973000,106195000,72803000,0,74161000,141377000,-6946000,9210000,14536000,40492000,17505000,65475000,10000000,None,-6628000,59079000,79427000,None,72803000,6555000,11671000,31510000,1278000,22034000,0,0,141377000,0,-6946000,-82860000,None,40492000,None,99571000,None,None,None,None,None,None,None,27860000,178998000,17505000,None,30768433,USD,None,None,-234000,820000,None,-13000,-7000,None,-3138000,-9216000,-8969000,None,0,0,-6000,128000,11143000,-5831000,1054000,None,None,-9216000,1.5,2.2
17,2016-03-31,USD,43443000,26623000,23144000,20299000,-4507000,-6068000,0,0,-6079000,0,27012000,1817000,-6324000,-389000,1572000,None,None,None,0,0,0,50000,0,61000,-6129000,-6068000,None,USD,190300000,14580000,None,49839000,114877000,75423000,0,78786000,141377000,-3808000,9367000,14536000,40643000,27537000,74223000,10000000,None,-6850000,60476000,89181000,None,75423000,7371000,10709000,31287000,1096000,26091000,0,0,141377000,0,-3808000,-82860000,None,40643000,None,101119000,None,None,None,None,None,None,None,27564000,190300000,27537000,None,29666077,USD,None,2946000,-73000,428000,-3895000,-9012000,-5016000,None,-6068000,-18254000,-9169000,None,0,0,-101000,0,0,-3101000,501000,None,None,-18254000,2.48,1.5
18,2015-12-31,USD,34939000,-20329000,-22405000,-12534000,11159000,8557000,0,0,9291000,0,-21882000,3364000,7409000,1337000,1901000,None,None,None,0,216000,0,92000,-6366000,-642000,9199000,8557000,None,USD,210279000,14586000,None,48826000,129282000,80997000,0,90363000,141377000,2260000,9726000,14536000,38507000,45782000,71446000,13899000,10000000,-7072000,66508000,104862000,4993000,66411000,7362000,10410000,48110000,1043000,25020000,0,0,141377000,0,2260000,-82860000,None,18978000,None,38507000,None,None,None,None,None,None,None,27292000,210279000,45782000,None,23000000,USD,None,554000,-608000,4000,-5148000,-5239000,-9000,-1272000,8557000,5998000,11845000,None,13906000,0,-82000,9000,-13216000,3288000,612000,None,None,5998000,1.99,2.48
19,2015-09-30,USD,79046000,35388000,39026000,40020000,4847000,2581000,0,0,2631000,0,34944000,215000,4632000,444000,2216000,None,None,None,0,0,0,50000,0,0,2581000,2581000,None,USD,221908000,23132000,None,48222000,149330000,72578000,0,87876000,141377000,-6297000,12049000,21991000,48652000,39780000,64128000,30972000,None,-6773000,66627000,106629000,None,72578000,7358000,17016000,73153000,1611000,30482000,0,0,141377000,0,-6297000,-82860000,None,48652000,None,115279000,None,None,None,None,None,None,None,27131000,221908000,39780000,None,29777742,USD,None,4600000,59000,367000,35987000,13375000,-22612000,None,2581000,27572000,14138000,None,0,0,0,0,0,11557000,308000,None,None,27572000,0.51,1.99
