,fiscalDateEnding,reportedCurrency_x,totalRevenue,totalOperatingExpense,costOfRevenue,grossProfit,ebit,netIncome_x,researchAndDevelopment,effectOfAccountingCharges,incomeBeforeTax,minorityInterest,sellingGeneralAdministrative,otherNonOperatingIncome,operatingIncome,otherOperatingExpense,interestExpense,taxProvision,interestIncome,netInterestIncome,extraordinaryItems,nonRecurring,otherItems,incomeTaxExpense,totalOtherIncomeExpense,discontinuedOperations,netIncomeFromContinuingOperations,netIncomeApplicableToCommonShares,preferredStockAndOtherAdjustments,reportedCurrency_y,totalAssets,intangibleAssets,earningAssets,otherCurrentAssets,totalLiabilities,totalShareholderEquity,deferredLongTermLiabilities,otherCurrentLiabilities,commonStock,retainedEarnings,otherLiabilities,goodwill,otherAssets,cash,totalCurrentLiabilities,shortTermDebt,currentLongTermDebt,otherShareholderEquity,propertyPlantEquipment,totalCurrentAssets,longTermInvestments,netTangibleAssets,shortTermInvestments,netReceivables,longTermDebt,inventory,accountsPayable,totalPermanentEquity,additionalPaidInCapital,commonStockTotalEquity,preferredStockTotalEquity,retainedEarningsTotalEquity,treasuryStock,accumulatedAmortization,otherNonCurrrentAssets,deferredLongTermAssetCharges,totalNonCurrentAssets,capitalLeaseObligations,totalLongTermDebt,otherNonCurrentLiabilities,totalNonCurrentLiabilities,negativeGoodwill,warrants,preferredStockRedeemable,capitalSurplus,liabilitiesAndShareholderEquity,cashAndShortTermInvestments,accumulatedDepreciation,commonStockSharesOutstanding,reportedCurrency,investments,changeInLiabilities,cashflowFromInvestment,otherCashflowFromInvestment,netBorrowings,cashflowFromFinancing,otherCashflowFromFinancing,changeInOperatingActivities,netIncome_y,changeInCash,operatingCashflow,otherOperatingCashflow,depreciation,dividendPayout,stockSaleAndPurchase,changeInInventory,changeInAccountReceivables,changeInNetIncome,capitalExpenditures,changeInReceivables,changeInExchangeRate,changeInCashAndCashEquivalents,clossingVal,nextClossingVal
0,2020-06-30,USD,-268000,34478000,12721000,-12989000,-30084000,-39658000,None,None,-42866000,9970000,13204000,None,-34746000,None,4179000,-2943000,None,-4179000,None,None,None,-2943000,-3941000,None,-39923000,-39658000,None,USD,672289000,5607000,None,None,588311000,83978000,None,2083000,5000,45403000,6866000,22105000,9040000,80897000,171271000,None,5646000,-8824000,500971000,134566000,None,56266000,None,None,395637000,8583000,9869000,None,None,None,None,None,None,None,8401000,None,537723000,5961000,None,6730000,417040000,None,None,None,None,None,None,None,None,USD,-35299000,-29275000,-35299000,None,30144000,29892000,-35000,6340000,-39658000,-57601000,-52194000,None,8603000,None,None,-18000,None,1329000,35299000,None,None,None,7.72,
1,2020-03-31,USD,81238000,78987000,42192000,39046000,5496000,-1934000,None,None,-4299000,16476000,30105000,None,2251000,None,3054000,-1828000,-6497000,-3054000,None,None,None,-1828000,-3496000,None,-2471000,-1934000,None,USD,705522000,6001000,None,22791000,597869000,107653000,None,5922000,5000,78820000,14922000,22105000,8228000,137040000,202819000,None,11816000,-18080000,474076000,195112000,None,79547000,None,None,358871000,8565000,7939000,None,None,None,None,None,None,None,8057000,None,510410000,6159000,358871000,12306000,395050000,None,None,None,46908000,None,137040000,None,50000000,USD,-116732000,9126000,-116732000,None,152195000,151873000,-188000,-1451000,-1934000,50573000,15432000,None,6741000,None,-261000,-239000,None,1976000,116732000,None,None,None,4.17,7.72
2,2019-12-31,USD,75797000,76744000,41777000,34020000,7602000,-1469000,None,None,-2556000,16112000,27801000,None,-947000,None,2897000,-2648000,-1622000,-2897000,None,None,None,-2648000,1288000,None,92000,-1469000,None,USD,548658000,6396000,None,7679000,425408000,123250000,None,1300000,5000,81655000,7808000,22105000,9623000,101579000,182916000,4525000,4525000,-4681000,363895000,146639000,None,94749000,1575000,None,213543000,8326000,14633000,None,None,None,None,None,None,None,9405000,None,402019000,6364000,213543000,3317000,242492000,None,None,None,46271000,None,101579000,None,49000000,USD,-23365000,21271000,-23365000,-4083000,-500000,-540000,-32000,-4799000,-1469000,-2872000,21033000,None,7261000,None,-1495000,-937000,None,-1503000,19282000,None,None,None,16.35,4.17
3,2019-09-30,USD,100983000,85324000,48294000,52689000,19524000,2161000,None,None,10077000,7336000,30797000,None,15659000,None,3214000,7351000,-5552000,-3214000,None,None,None,7351000,-2368000,None,2726000,-493000,None,USD,529613000,6791000,None,7995000,401593000,128020000,None,3048000,5000,90339000,12047000,22105000,5517000,104135000,160821000,2000000,2000000,-7701000,351637000,143563000,None,99124000,None,None,216117000,7389000,6122000,None,None,None,None,None,None,None,5517000,None,386050000,6574000,216117000,5083000,240772000,None,None,None,45377000,None,104135000,None,49000000,USD,-34409000,-21110000,-34409000,None,29976000,30165000,-32000,4315000,2161000,78000,4322000,None,6233000,None,-1487000,-588000,None,12103000,34409000,None,None,None,16.76,16.35
4,2019-06-30,USD,76658000,72537000,37520000,39138000,10774000,988000,None,None,1404000,6771000,28835000,None,4121000,None,3188000,553000,-2687000,-3188000,None,None,None,553000,471000,None,851000,988000,None,USD,508494000,7185000,None,33305000,377972000,130522000,None,149124000,5000,90832000,1259000,22105000,6538000,78746000,179236000,2000000,2000000,-1932000,322517000,150149000,None,101232000,None,None,185660000,6801000,7944000,None,None,None,None,None,None,None,5219000,None,358345000,5993000,185660000,1259000,198736000,None,None,None,41617000,None,78746000,None,49000000,USD,-7167000,16109000,-7167000,None,-500000,-3308000,-2322000,-2906000,988000,11411000,21886000,None,6182000,None,-1676000,187000,None,122000,7167000,None,None,None,17.95,16.76
5,2019-03-31,USD,89654000,75289000,39017000,50637000,21190000,14673000,None,None,12013000,6908000,30084000,None,14365000,None,2989000,-3066000,-2333000,-2989000,None,None,None,-3066000,637000,None,15079000,14673000,None,USD,493807000,7580000,None,30537000,365165000,128642000,None,133005000,5000,89844000,1379000,22105000,7174000,70103000,163847000,2000000,2000000,-2309000,321357000,135591000,None,98957000,None,None,188005000,6988000,11545000,None,None,None,None,None,None,None,6096000,None,358216000,6192000,188005000,1379000,201318000,None,None,None,41102000,None,70103000,None,47000000,USD,-35144000,3904000,-35144000,None,-500000,-1708000,-18000,-7003000,15079000,-21510000,15342000,None,6188000,None,-1190000,-219000,None,-3362000,35144000,None,None,None,15.25,17.95
6,2018-12-31,USD,70609000,74131000,39098000,31511000,-3522000,-4646000,0,0,-7131000,6502000,29327000,None,-3522000,0,-2817000,None,None,None,600000,0,0,-2578000,-3609000,0,-4553000,-4646000,None,USD,473409000,7975000,None,8779000,350863000,116044000,None,126686000,5000,75171000,3341000,22105000,6467000,113396000,159433000,2000000,2000000,-671000,285979000,150183000,700000,85964000,None,None,188089000,6769000,9326000,None,None,None,None,None,None,None,None,None,None,None,188089000,None,None,None,None,None,41539000,None,113396000,None,46000000,USD,None,13081000,-7299000,1536000,-500000,-505000,-4000,1863000,-4646000,9406000,17099000,None,6432000,None,-5364000,-99000,None,-323000,8835000,None,None,None,13.46,15.25
7,2018-09-30,USD,87242000,77176000,44964000,42278000,10066000,5067000,0,0,8036000,6409000,27188000,None,10066000,0,-2409000,None,None,None,0,0,0,2690000,-2030000,0,5346000,5067000,None,USD,464815000,8370000,None,8627000,337963000,120443000,0,118101000,5000,79817000,5803000,22105000,7417000,105688000,143999000,2000000,2000000,230000,282455000,142868000,1600000,89968000,8593000,None,188161000,6670000,6769000,0,40391000,5000,0,79817000,0,None,None,None,None,None,None,None,None,None,None,None,None,None,None,None,48000000,USD,None,-5256000,202000,14210000,-500000,-552000,-4000,4388000,5067000,14127000,14478000,None,5751000,0,0,208000,0,3889000,14008000,None,None,None,14.87,13.46
8,2018-06-30,USD,69473000,65266000,33810000,35663000,4207000,134000,0,0,68000,6130000,26462000,None,4207000,-5045000,-2870000,None,None,None,0,0,0,227000,-4139000,0,-159000,134000,None,USD,461762000,8764000,None,23423000,341631000,114001000,None,129465000,5000,74751000,3294000,22105000,8285000,91561000,150108000,2000000,2000000,73000,273075000,148033000,1500000,83132000,22803000,None,188229000,6878000,4017000,None,None,None,None,None,None,None,None,None,None,None,None,None,None,None,None,None,None,None,None,None,46000000,USD,None,12124000,-19566000,-2566000,-500000,-467000,-189000,-6417000,134000,-5723000,14262000,None,5720000,None,None,361000,None,1901000,17000000,None,None,None,13.25,14.87
9,2018-03-31,USD,82410000,68039000,35871000,46539000,14371000,10796000,0,0,11194000,6423000,27123000,None,14371000,5045000,-2734000,None,None,None,0,0,0,277000,-3177000,0,10917000,10796000,None,USD,448799000,9159000,None,21046000,329425000,112951000,0,118498000,5000,74615000,3483000,22105000,9310000,97284000,137461000,1500000,1500000,None,260804000,147421000,None,81687000,20237000,None,188481000,7239000,4321000,0,38331000,5000,0,74615000,0,None,None,None,None,None,None,None,None,None,None,None,None,None,None,None,46000000,USD,None,-6666000,-27682000,-13180000,29375000,18045000,-7151000,-1377000,10796000,841000,10518000,None,5772000,0,0,-400000,0,1785000,14502000,None,None,None,10.27,13.25
10,2017-12-31,USD,63096000,356387000,35746000,130978000,-11798000,-17939000,0,0,-8557000,983000,24643000,None,-2548000,13393000,2544000,None,None,None,0,0,0,10475000,-9680000,0,-26494000,-17939000,None,USD,424348000,31659000,None,21351000,311724000,106322000,0,133379000,5000,63819000,684000,22105000,41706000,96443000,144410000,1750000,1750000,None,250952000,131690000,None,74663000,7057000,None,164186000,6839000,7791000,0,42498000,5000,0,63819000,0,None,None,None,None,None,None,None,None,None,None,None,None,None,None,None,45000000,USD,None,20466000,-78527000,1958000,-1750000,-13394000,-418000,714000,-8661000,-38973000,52918000,None,20258000,0,0,-1036000,0,18951000,80485000,None,None,None,9.79,10.27
11,2017-09-30,USD,84336000,-159260000,38480000,0,29648000,9278000,0,0,11030000,165000,26801000,None,14701000,11352000,2802000,None,None,None,0,0,0,1587000,0,0,23331000,9278000,None,USD,420527000,32053000,None,22887000,290168000,125040000,0,116655000,5000,79822000,703000,22105000,50800000,112316000,125300000,1750000,1750000,None,219498000,0,None,92987000,8704000,None,164165000,6322000,5341000,0,0,0,0,0,0,None,None,None,None,None,None,None,None,None,None,None,None,None,None,None,46000000,USD,None,-15079000,0,0,-437000,0,-14000,3662000,9278000,13001000,29446000,None,0,0,0,0,0,3100000,44089000,None,None,None,10.7,9.79
12,2017-06-30,USD,55571000,57224000,28697000,0,-7045000,-596000,0,0,0,5125000,24633000,None,0,-11157000,2075000,None,None,None,0,0,0,0,0,0,-4962000,-4917000,None,USD,422977000,32448000,None,25562000,305117000,112706000,0,132573000,5000,70545000,696000,22105000,52808000,99315000,140370000,165801000,165801000,None,218072000,0,None,80258000,21261000,None,164051000,5959000,5147000,0,0,0,0,0,0,None,None,None,None,None,None,None,None,None,None,None,None,None,None,None,44000000,USD,None,19777000,0,0,-437000,0,-690000,-3214000,0,-4467000,23202000,None,0,0,0,0,0,1537000,38705000,None,None,None,10.5,10.7
13,2017-03-31,USD,61228000,0,32603000,0,1348000,596000,0,0,0,29000,25397000,None,0,3763000,2315000,None,None,None,0,0,0,0,0,0,596000,596000,None,USD,403892000,32843000,None,22140000,284987000,113706000,0,111187000,5000,73077000,688000,22105000,53142000,103782000,120063000,1750000,1750000,None,205712000,0,None,80863000,13426000,None,164236000,5690000,5786000,0,40624000,5000,0,73077000,0,None,None,None,None,None,None,None,None,None,None,None,None,None,None,None,46000000,USD,None,-3600000,0,0,-438000,0,None,-1329000,596000,-31634000,2737000,None,0,0,0,116000,0,1883000,22844000,None,None,None,8.96,10.5
14,2016-12-31,USD,56128000,222365000,31866000,123369000,-31796000,-2554000,0,0,-5790000,314000,24915000,None,9781000,14225000,2232000,None,None,None,0,0,0,-3402000,-18122000,0,-46798000,-2554000,None,USD,407701000,33237000,None,20782000,288722000,113809000,0,113706000,5000,70707000,681000,22105000,50445000,135416000,123913000,1750000,1750000,None,186236000,171020000,None,80572000,9015000,None,164128000,5807000,7573000,0,43097000,5000,0,70707000,0,None,None,None,None,None,None,None,None,None,None,None,None,None,None,None,46000000,USD,None,1964000,-86434000,-555000,-1750000,-16352000,-1565000,-3009000,4864000,-71487000,31427000,None,16327000,0,0,1073000,0,8819000,75933000,None,None,None,9.45,8.96
15,2016-09-30,USD,70773000,0,32446000,0,87641000,7418000,0,0,7649000,29000,23047000,None,10200000,13048000,2476000,None,None,None,0,0,0,202000,0,0,87604000,7418000,None,USD,401865000,33636000,None,20742000,271032000,125977000,0,84620000,5000,79382000,699000,22153000,51467000,149017000,106313000,1750000,1750000,None,164486000,0,None,92341000,10367000,None,164020000,5786000,19943000,0,46590000,5000,0,79382000,0,None,None,None,None,None,None,None,None,None,None,None,None,None,None,None,47000000,USD,None,-6291000,0,0,-437000,0,None,-714000,7418000,-1796000,15685000,None,0,0,0,1505000,0,775000,50598000,None,None,None,9.0,9.45
16,2016-06-30,USD,53871000,0,29390000,0,-46854000,-10467000,0,0,-8242000,0,21257000,None,-10919000,-13427000,2690000,None,None,None,0,0,0,0,0,0,-46214000,-46214000,None,USD,398022000,34031000,None,23124000,275995000,117200000,0,91417000,5000,71964000,692000,22067000,48839000,150813000,111392000,1750000,1750000,None,151868000,0,None,83169000,17618000,None,163911000,5760000,18225000,0,45231000,5000,0,71964000,0,None,None,None,None,None,None,None,None,None,None,None,None,None,None,None,46000000,USD,None,5511000,0,0,-437000,0,None,-407000,0,-31060000,6843000,None,0,0,0,1103000,0,557000,32895000,None,None,None,9.63,9.0
17,2016-03-31,USD,61574000,0,25275000,0,10990000,10467000,0,0,8242000,0,20806000,None,10919000,4574000,2748000,None,None,None,0,0,0,0,0,0,10467000,10467000,None,USD,367867000,6045000,None,13374000,250259000,117608000,0,70454000,5000,76310000,685000,0,22922000,181873000,88254000,1750000,1750000,None,127960000,0,None,111563000,15498000,None,161320000,6240000,16050000,0,0,0,0,0,0,None,None,None,None,None,None,None,None,None,None,None,None,None,None,None,46000000,USD,None,-16248000,0,0,-438000,0,None,-940000,10467000,-25030000,0,None,0,0,0,623000,0,-768000,6872000,None,None,None,9.94,9.63
18,2015-12-31,USD,46472000,181139000,24086000,114568000,28846000,15326000,0,0,14158000,5170000,19641000,None,17583000,11645000,2875000,None,None,None,0,13344000,0,-2649000,-11753000,0,19742000,15326000,None,USD,381613000,6227000,None,12266000,267692000,113921000,0,91684000,5000,65843000,677000,0,21798000,206903000,104322000,1750000,1750000,None,125471000,234344000,None,107694000,8460000,None,162693000,6715000,8843000,0,0,0,0,0,0,None,None,None,None,None,None,None,None,None,None,None,None,None,None,None,46000000,USD,-68088000,7214000,-81512000,1501000,133121000,208524000,80283000,-870000,19742000,167224000,40302000,None,13042000,0,0,-163000,0,-5962000,14800000,None,None,None,11.11,9.94
19,2015-09-30,USD,58561000,0,25443000,0,0,4416000,0,0,2935000,0,19166000,None,11263000,0,2948000,None,None,None,0,0,0,-1893000,0,0,0,4416000,None,USD,375963000,6529000,None,10153000,257365000,118598000,0,72946000,5000,66285000,639000,0,19732000,208751000,93325000,None,None,None,122028000,0,None,None,9285000,None,162697000,6014000,18629000,0,0,0,0,0,0,None,None,None,None,None,None,None,None,None,None,None,None,None,None,None,46000000,USD,None,None,0,1501000,None,214571000,85862000,None,4416000,None,30267000,None,0,0,0,761000,0,None,8143000,None,None,None,9.77,11.11
