,fiscalDateEnding,reportedCurrency_x,totalRevenue,totalOperatingExpense,costOfRevenue,grossProfit,ebit,netIncome_x,researchAndDevelopment,effectOfAccountingCharges,incomeBeforeTax,minorityInterest,sellingGeneralAdministrative,otherNonOperatingIncome,operatingIncome,otherOperatingExpense,interestExpense,taxProvision,interestIncome,netInterestIncome,extraordinaryItems,nonRecurring,otherItems,incomeTaxExpense,totalOtherIncomeExpense,discontinuedOperations,netIncomeFromContinuingOperations,netIncomeApplicableToCommonShares,preferredStockAndOtherAdjustments,reportedCurrency_y,totalAssets,intangibleAssets,earningAssets,otherCurrentAssets,totalLiabilities,totalShareholderEquity,deferredLongTermLiabilities,otherCurrentLiabilities,commonStock,retainedEarnings,otherLiabilities,goodwill,otherAssets,cash,totalCurrentLiabilities,shortTermDebt,currentLongTermDebt,otherShareholderEquity,propertyPlantEquipment,totalCurrentAssets,longTermInvestments,netTangibleAssets,shortTermInvestments,netReceivables,longTermDebt,inventory,accountsPayable,totalPermanentEquity,additionalPaidInCapital,commonStockTotalEquity,preferredStockTotalEquity,retainedEarningsTotalEquity,treasuryStock,accumulatedAmortization,otherNonCurrrentAssets,deferredLongTermAssetCharges,totalNonCurrentAssets,capitalLeaseObligations,totalLongTermDebt,otherNonCurrentLiabilities,totalNonCurrentLiabilities,negativeGoodwill,warrants,preferredStockRedeemable,capitalSurplus,liabilitiesAndShareholderEquity,cashAndShortTermInvestments,accumulatedDepreciation,commonStockSharesOutstanding,reportedCurrency,investments,changeInLiabilities,cashflowFromInvestment,otherCashflowFromInvestment,netBorrowings,cashflowFromFinancing,otherCashflowFromFinancing,changeInOperatingActivities,netIncome_y,changeInCash,operatingCashflow,otherOperatingCashflow,depreciation,dividendPayout,stockSaleAndPurchase,changeInInventory,changeInAccountReceivables,changeInNetIncome,capitalExpenditures,changeInReceivables,changeInExchangeRate,changeInCashAndCashEquivalents,clossingVal,nextClossingVal
0,2020-06-30,USD,368100000,336200000,232400000,135700000,77200000,-4600000,49000000,None,14600000,None,54800000,None,31900000,None,15900000,19200000,3200000,-12700000,None,None,None,19200000,-4600000,None,-4600000,-4600000,None,USD,3292600000,316800000,None,None,1543400000,1749200000,None,2800000,100000,64600000,82500000,368900000,85200000,298000000,283000000,None,None,7900000,471700000,2050000000,None,1063500000,1255800000,233500000,1120300000,188900000,150800000,None,None,None,None,None,None,None,4000000,None,1242600000,69000000,None,19600000,1260400000,None,None,None,None,None,None,None,None,USD,-509800000,3600000,-509800000,None,-3500000,-3700000,None,1600000,-4600000,-390800000,122700000,None,46700000,0,0,-15600000,28800000,26600000,21100000,None,None,None,81.43,
1,2020-03-31,USD,402800000,355100000,245100000,157700000,111700000,43400000,48700000,None,48600000,None,61300000,None,47700000,None,15600000,5200000,5200000,-10400000,None,None,None,5200000,11300000,None,43400000,43400000,None,USD,3268700000,338000000,None,4800000,1534500000,1734200000,None,2800000,100000,69200000,82600000,368900000,107000000,688300000,286700000,None,None,5800000,491800000,1963000000,None,1027300000,763100000,261800000,1106000000,172700000,144600000,None,None,None,None,None,None,None,4300000,None,1305700000,74600000,1106100000,18700000,1247800000,None,None,None,1659100000,None,1451400000,None,78000000,USD,-535700000,3400000,-535700000,-409000000,-3900000,-12300000,-8600000,-2200000,43400000,-396200000,151800000,None,47500000,0,0,4000000,30200000,5900000,17500000,None,None,None,73.7,81.43
2,2019-12-31,USD,457800000,382100000,268700000,189100000,120000000,49100000,51000000,None,57700000,None,62400000,None,75700000,None,18300000,8600000,3400000,-14900000,None,None,None,8600000,-3100000,None,49100000,49100000,None,USD,3221200000,358000000,None,3400000,1539600000,1681600000,None,11800000,100000,25800000,80700000,368900000,105600000,1085000000,304200000,None,None,7000000,505700000,1883000000,None,954700000,230600000,292000000,1092000000,179600000,143700000,None,None,None,None,None,None,None,4500000,None,1338200000,81500000,1092200000,19500000,1235400000,None,None,None,1648700000,None,1315600000,None,78000000,USD,36100000,-5600000,36100000,108200000,542400000,347600000,None,8200000,49100000,546000000,162300000,None,44000000,0,-194800000,20800000,800000,27400000,25700000,None,None,None,79.3,73.7
3,2019-09-30,USD,449900000,388800000,282200000,167700000,118500000,47600000,49900000,None,53400000,None,56700000,None,61100000,None,11400000,5800000,4000000,-7400000,None,None,None,5800000,-300000,None,47600000,47600000,None,USD,2867800000,376600000,None,2300000,1306500000,1561300000,None,5700000,100000,176700000,84400000,368900000,174200000,539000000,316800000,6200000,6200000,7200000,524900000,1423200000,None,815800000,291900000,292800000,839600000,202200000,152200000,None,None,None,None,None,None,None,4600000,None,1444600000,87100000,840000000,19100000,989700000,None,None,None,1377300000,None,830900000,None,78000000,USD,21700000,-13100000,21700000,44400000,-2800000,-2800000,None,500000,47600000,106400000,87500000,None,53700000,0,None,23500000,-54800000,20400000,21700000,None,None,None,53.56,79.3
4,2019-06-30,USD,404600000,416700000,317800000,86800000,35400000,-25800000,49500000,None,-21100000,None,49400000,None,-12100000,None,11400000,4700000,3900000,-7500000,None,None,None,4700000,-1500000,None,-25800000,-25800000,None,USD,2716600000,395400000,None,3300000,1219500000,1497100000,None,5100000,100000,129100000,89600000,368900000,186200000,432600000,294000000,5000000,5000000,7100000,433300000,1332800000,None,732800000,335900000,238000000,835900000,228800000,160800000,None,None,None,None,None,None,None,16600000,None,1383800000,400000,None,19100000,925500000,None,None,None,None,None,None,None,71000000,USD,-54400000,-26300000,-54400000,-612400000,-3900000,1000000,-3400000,-15600000,-25800000,74300000,127700000,None,45100000,0,9700000,26600000,64900000,54200000,85500000,None,None,None,53.41,53.56
5,2019-03-31,USD,432900000,457500000,344600000,88300000,-10500000,-74300000,57700000,None,-82500000,None,55200000,None,-24600000,None,11300000,-8200000,3900000,-7400000,None,None,None,-8200000,-50500000,None,-74300000,-74300000,None,USD,2771400000,412300000,None,43100000,1267500000,1503900000,None,11800000,100000,154900000,77100000,359800000,190600000,357300000,358000000,5000000,5000000,7500000,390600000,1418100000,None,731800000,340200000,302900000,832300000,272200000,204100000,None,None,None,None,None,None,None,18400000,None,1353300000,900000,None,7100000,909500000,None,None,None,None,None,None,None,76000000,USD,-52900000,-800000,-52900000,-643500000,-3000000,-2900000,-3400000,25100000,-74300000,-13000000,42800000,None,60700000,-700000,4800000,13500000,-36400000,60800000,26600000,None,None,None,56.54,53.41
6,2018-12-29,USD,373700000,330200000,242600000,131100000,43500000,16300000,42800000,None,17700000,None,40400000,None,43500000,None,-8500000,None,None,None,None,None,None,1400000,-25800000,None,16300000,16100000,None,USD,2796600000,445000000,None,76300000,1236900000,1559700000,None,29900000,100000,229200000,82200000,344700000,205300000,371300000,325500000,5000000,5000000,6200000,444700000,1356900000,None,770000000,312800000,266500000,828700000,303200000,199200000,None,None,None,None,None,None,None,None,None,None,None,None,None,None,None,None,None,None,None,None,None,68000000,USD,-37800000,12400000,-681900000,-617800000,488700000,491600000,600000,700000,16300000,-88100000,102400000,None,31200000,-700000,4700000,-14800000,41100000,10000000,24300000,None,None,None,41.57,56.54
7,2018-09-29,USD,354100000,294600000,227300000,126800000,59500000,47400000,34600000,None,52600000,35800000,31900000,None,59500000,None,-5100000,None,None,None,None,None,None,5200000,-6900000,None,47400000,46100000,None,USD,1645000000,6300000,None,48300000,571200000,983500000,0,15600000,100000,213000000,18800000,11300000,127700000,459400000,213900000,None,None,6900000,318600000,1181100000,None,965900000,274900000,239600000,338500000,136600000,127600000,0,0,0,0,0,0,None,None,None,None,None,None,None,None,None,None,None,None,None,None,None,64000000,USD,39800000,4100000,9500000,0,-2300000,-4600000,-2300000,-10200000,47400000,62100000,57200000,None,20500000,0,0,15300000,-41900000,12900000,30300000,None,None,None,59.95,41.57
8,2018-06-30,USD,301100000,274700000,204800000,96300000,26400000,33500000,38500000,0,27700000,35800000,30600000,None,26400000,0,-4600000,None,None,None,0,-1400000,0,-5800000,1300000,0,33500000,32500000,None,USD,1581500000,7000000,None,45500000,567200000,926100000,0,14800000,100000,166400000,18600000,11300000,129100000,397300000,214000000,341900000,341900000,6400000,306900000,1127200000,None,907800000,314200000,197100000,334200000,153600000,126500000,0,0,0,0,0,0,None,None,None,None,None,None,None,None,None,None,None,None,None,None,None,63000000,USD,202000000,20700000,181700000,0,-2900000,1900000,-2300000,1500000,33500000,220500000,37600000,None,21500000,0,0,-8800000,-32400000,4100000,20300000,None,None,None,57.9,59.95
9,2018-03-31,USD,298800000,273200000,201000000,97800000,25600000,2700000,38200000,0,2700000,35800000,33200000,None,25600000,0,-4600000,None,None,None,0,6400000,0,109300000,-22900000,0,2700000,2400000,None,USD,1518200000,8100000,None,48200000,545600000,876600000,0,11900000,100000,133200000,23400000,11800000,131800000,176800000,191500000,339900000,339900000,7300000,301800000,1064700000,None,856700000,516000000,164700000,329900000,144200000,100900000,0,0,0,0,0,0,None,None,None,None,None,None,None,None,None,None,None,None,None,None,None,63000000,USD,-94900000,-8900000,-117600000,0,-2300000,-2800000,-500000,-3200000,2700000,-25300000,95100000,None,19200000,0,0,3300000,57400000,31900000,22700000,None,None,None,63.8,57.9
10,2017-12-30,USD,404600000,75400000,209000000,103400000,86000000,204500000,43800000,0,95500000,300000,77600000,None,99000000,0,4600000,None,None,None,0,-7900000,0,-105700000,3900000,0,197700000,204500000,None,USD,1507400000,20400000,None,59900000,607300000,864300000,0,90100000,100000,139400000,60800000,11600000,152300000,202100000,217700000,337900000,337900000,8700000,301300000,1053800000,None,843900000,422400000,222100000,328800000,147300000,113000000,0,0,0,0,0,0,None,None,None,None,None,None,None,None,None,None,None,None,None,None,None,65000000,USD,-41400000,-1700000,-58600000,0,-2300000,4700000,-500000,33000000,204500000,51300000,114800000,None,19000000,0,0,-200000,-48300000,-116600000,50200000,None,None,None,48.9,63.8
11,2017-09-30,USD,243200000,237600000,146500000,68500000,5600000,6900000,36300000,0,3500000,200000,60700000,None,18500000,0,4400000,None,None,None,0,2900000,0,-3600000,0,0,7100000,6900000,None,USD,1248400000,21000000,None,69000000,571500000,641100000,0,60200000,100000,-73900000,70300000,11500000,32200000,150800000,177200000,328900000,328900000,9200000,293700000,922500000,None,620100000,381700000,173800000,324000000,147200000,111600000,0,0,0,0,0,0,None,None,None,None,None,None,None,None,None,None,None,None,None,None,None,65000000,USD,-99500000,-5300000,-132500000,0,-1200000,300000,-200000,-9400000,6900000,-122100000,9700000,None,0,0,0,2000000,7500000,5200000,33000000,None,None,None,54.35,48.9
12,2017-06-30,USD,222700000,942000000,135900000,242500000,145500000,-46500000,35400000,0,-15400000,300000,59100000,None,11200000,0,4400000,None,None,None,0,14000000,0,27300000,-119400000,0,-19500000,-20400000,None,USD,1232900000,21500000,None,63000000,578300000,618800000,0,68700000,100000,-83200000,76300000,11400000,29100000,272900000,184200000,317500000,317500000,7400000,273500000,930300000,None,597300000,282400000,166300000,317500000,145200000,114800000,0,0,0,0,0,0,None,None,None,None,None,None,None,None,None,None,None,None,None,None,None,61000000,USD,-282500000,-16900000,-425700000,0,442300000,456700000,2900000,-200000,-102500000,115800000,85000000,None,61000000,0,0,-41700000,4200000,133300000,138100000,None,None,None,57.05,54.35
13,2017-03-31,USD,255800000,0,155600000,-4900000,-115200000,-67600000,37300000,0,-62300000,200000,62000000,None,22300000,0,1100000,None,None,None,0,-200000,0,11600000,0,0,-101600000,-94600000,None,USD,1244500000,22300000,None,61400000,740100000,468600000,0,73300000,100000,-28000000,234600000,10800000,56300000,577900000,192100000,None,None,6700000,246600000,941600000,None,446300000,0,185400000,313400000,116900000,118400000,0,0,0,0,0,0,None,None,None,None,None,None,None,None,None,None,None,None,None,None,None,61000000,USD,-282500000,-6400000,-105100000,0,443200000,454700000,None,-11800000,-47600000,422000000,71900000,None,0,0,0,14000000,14900000,15000000,100000000,None,None,None,53.35,57.05
14,2016-12-31,USD,265000000,0,156000000,5300000,35000000,11600000,38700000,0,17900000,200000,66000000,None,28100000,0,0,None,None,None,0,-4700000,0,6100000,0,0,22000000,11600000,None,USD,796700000,16000000,None,58200000,244500000,516400000,0,73800000,100000,33000000,42500000,5200000,49500000,155900000,202000000,None,None,4800000,219600000,527600000,None,500400000,0,192500000,0,121000000,127800000,0,0,0,0,0,0,None,None,None,None,None,None,None,None,None,None,None,None,None,None,None,63000000,USD,-282500000,37200000,-64300000,0,-900000,9000000,None,7100000,11600000,-10900000,55500000,None,0,0,0,20100000,22000000,1800000,64300000,None,None,None,38.65,53.35
15,2016-09-30,USD,258100000,0,159900000,81700000,-5700000,-3400000,36900000,0,-5700000,200000,61300000,None,23200000,0,0,None,None,None,0,2900000,0,-2300000,0,0,-3400000,-3600000,None,USD,737500000,18100000,None,62300000,206000000,495700000,0,54600000,100000,25100000,42500000,5400000,52200000,166800000,163500000,None,None,8500000,196000000,489300000,None,477600000,0,156500000,0,103700000,108300000,0,0,0,0,0,0,None,None,None,None,None,None,None,None,None,None,None,None,None,None,None,60000000,USD,-282500000,-13400000,-28900000,0,-900000,2300000,None,-2000000,-3400000,9700000,36300000,None,0,0,0,3000000,14000000,30400000,28900000,None,None,None,41.77,38.65
16,2016-07-02,USD,241700000,884100000,148400000,284100000,26400000,14100000,36400000,0,14400000,200000,59300000,None,19900000,0,-100000,None,None,None,0,5600000,0,100000,-9200000,0,16900000,14100000,None,USD,726300000,19900000,None,59300000,193100000,497400000,0,53500000,100000,29600000,19100000,5400000,53400000,157100000,173700000,None,None,9400000,183400000,489500000,None,477500000,0,172500000,0,100600000,118300000,0,0,0,0,0,0,None,None,None,None,None,None,None,None,None,None,None,None,None,None,None,None,USD,-282500000,38100000,-82000000,0,-2300000,136400000,131400000,-4000000,14100000,142600000,86600000,None,54600000,0,0,-3100000,-21800000,26100000,82000000,None,None,None,nan,41.77
17,2016-04-02,USD,230400000,0,147000000,66900000,-7500000,-600000,35300000,0,-3300000,300000,59900000,None,10400000,0,0,None,None,None,0,1800000,0,100000,0,0,-7600000,-8500000,None,USD,704900000,21900000,None,55400000,192400000,476700000,0,55300000,100000,15500000,23400000,5500000,53500000,157200000,169000000,None,None,9300000,168100000,0,None,454800000,0,160200000,0,107200000,111700000,0,0,0,0,0,0,None,None,None,None,None,None,None,None,None,None,None,None,None,None,None,None,USD,None,42400000,0,0,None,131400000,129600000,-6400000,0,-4700000,73500000,None,0,0,0,0,0,13100000,63400000,None,None,None,nan,nan
18,2015-12-26,USD,218300000,0,136300000,-133800000,0,600000,35000000,0,3300000,2200000,56700000,None,11400000,0,-100000,None,None,None,0,0,0,500000,0,0,0,600000,None,USD,682000000,23600000,None,49400000,175300000,470900000,0,58200000,100000,19500000,17900000,5500000,51900000,161900000,157400000,None,None,None,151400000,0,None,None,0,None,0,107300000,95200000,0,0,0,0,0,0,None,None,None,None,None,None,None,None,None,None,None,None,None,None,None,59000000,USD,None,None,0,0,None,130100000,129900000,None,600000,None,53000000,None,0,0,0,0,0,500000,35700000,None,None,None,20.78,nan
19,2015-09-26,USD,212600000,0,132200000,66900000,0,-200000,34400000,0,-500000,9800000,59900000,None,7000000,0,100000,None,None,None,0,0,0,-300000,0,0,0,0,None,USD,649700000,25300000,None,47300000,148900000,467000000,0,46000000,100000,18400000,16300000,5300000,54500000,142100000,132600000,None,None,None,141500000,453700000,None,None,0,None,0,102900000,83000000,467000000,467000000,467000000,467000000,467000000,-467000000,None,None,None,None,None,None,None,None,None,None,None,None,None,None,None,59000000,USD,None,None,-13900000,0,None,130700000,130600000,None,-200000,None,10600000,None,0,0,0,5400000,8600000,None,13900000,None,None,None,16.98,20.78
