,fiscalDateEnding,reportedCurrency_x,totalRevenue,totalOperatingExpense,costOfRevenue,grossProfit,ebit,netIncome_x,researchAndDevelopment,effectOfAccountingCharges,incomeBeforeTax,minorityInterest,sellingGeneralAdministrative,otherNonOperatingIncome,operatingIncome,otherOperatingExpense,interestExpense,taxProvision,interestIncome,netInterestIncome,extraordinaryItems,nonRecurring,otherItems,incomeTaxExpense,totalOtherIncomeExpense,discontinuedOperations,netIncomeFromContinuingOperations,netIncomeApplicableToCommonShares,preferredStockAndOtherAdjustments,reportedCurrency_y,totalAssets,intangibleAssets,earningAssets,otherCurrentAssets,totalLiabilities,totalShareholderEquity,deferredLongTermLiabilities,otherCurrentLiabilities,commonStock,retainedEarnings,otherLiabilities,goodwill,otherAssets,cash,totalCurrentLiabilities,shortTermDebt,currentLongTermDebt,otherShareholderEquity,propertyPlantEquipment,totalCurrentAssets,longTermInvestments,netTangibleAssets,shortTermInvestments,netReceivables,longTermDebt,inventory,accountsPayable,totalPermanentEquity,additionalPaidInCapital,commonStockTotalEquity,preferredStockTotalEquity,retainedEarningsTotalEquity,treasuryStock,accumulatedAmortization,otherNonCurrrentAssets,deferredLongTermAssetCharges,totalNonCurrentAssets,capitalLeaseObligations,totalLongTermDebt,otherNonCurrentLiabilities,totalNonCurrentLiabilities,negativeGoodwill,warrants,preferredStockRedeemable,capitalSurplus,liabilitiesAndShareholderEquity,cashAndShortTermInvestments,accumulatedDepreciation,commonStockSharesOutstanding,reportedCurrency,investments,changeInLiabilities,cashflowFromInvestment,otherCashflowFromInvestment,netBorrowings,cashflowFromFinancing,otherCashflowFromFinancing,changeInOperatingActivities,netIncome_y,changeInCash,operatingCashflow,otherOperatingCashflow,depreciation,dividendPayout,stockSaleAndPurchase,changeInInventory,changeInAccountReceivables,changeInNetIncome,capitalExpenditures,changeInReceivables,changeInExchangeRate,changeInCashAndCashEquivalents,clossingVal,nextClossingVal
0,2020-06-30,USD,58546000,25011000,34749000,23797000,-1520000,-1727000,5572000,None,-1591000,None,19116000,-306000,-1214000,323000,71000,136000,6000,-65000,None,None,None,136000,-312000,None,-1727000,-1727000,None,USD,220508000,None,None,10241000,50693000,169815000,283000,20352000,122000,-361639000,852000,77113000,9243000,18200000,37525000,None,None,-10031000,48908000,73755000,40000,92702000,None,45314000,None,None,17173000,None,None,122000,None,-361639000,None,None,19364000,None,1328000,14706000,None,12885000,13168000,None,None,None,541363000,220508000,18200000,None,121692000,USD,-8085000,1028000,-8085000,None,None,2524000,-1430000,2090000,-1726000,-3221000,2340000,2430000,5684000,None,3954000,None,-10798000,5722000,8085000,-10798000,None,-3221000,7.36,
1,2020-03-31,USD,57012000,25735000,36263000,20749000,-5071000,-5257000,5618000,None,-5081000,None,19776000,-85000,-4986000,341000,10000,176000,25000,15000,None,None,None,176000,-110000,None,-5257000,-5257000,None,USD,213014000,None,None,11205000,49151000,163863000,262000,20960000,120000,-359913000,741000,76867000,10082000,21421000,35427000,None,None,-10549000,46636000,67305000,40000,86996000,None,34679000,None,None,14467000,None,None,120000,None,-359913000,None,None,20805000,None,1361000,15029000,None,13462000,13724000,None,None,None,534205000,213014000,21421000,None,119642000,USD,-6863000,5900000,-6863000,None,None,623000,-1515000,-801000,-5257000,3336000,9576000,-1054000,5491000,None,2138000,None,-285000,4781000,6863000,-285000,-250000,3086000,5.7,7.36
2,2019-12-31,USD,60129000,23741000,33872000,26257000,2709000,2458000,5460000,None,2663000,None,17953000,193000,2516000,328000,46000,206000,25000,-21000,-2435000,None,None,205000,169000,None,2458000,2458000,None,USD,209369000,None,None,9920000,42832000,166537000,239000,16430000,118000,-354656000,716000,77102000,10436000,18335000,28628000,None,None,-9210000,46136000,62813000,40000,89435000,0,34558000,None,None,12198000,None,None,118000,None,-354656000,None,None,21959000,None,1319000,15544000,None,13965000,14204000,None,None,None,530285000,209369000,18335000,None,118368000,USD,3211000,-2510000,-7269000,25136000,None,2211000,-1079000,-1855000,2458000,3445000,8503000,-2097000,5616000,None,3290000,None,823000,4213000,10480000,823000,58000,3503000,4.08,5.7
3,2019-09-30,USD,51321000,23401000,30563000,20758000,-2575000,-2751000,5160000,None,-2585000,None,18069000,68000,-2643000,172000,10000,166000,81000,71000,None,None,None,166000,-13000,None,-2751000,-2751000,None,USD,208397000,None,None,9522000,50473000,157924000,123000,15591000,117000,-357114000,585000,77051000,8868000,14832000,36557000,None,None,-9837000,46304000,63467000,40000,80873000,3218000,35895000,None,None,20966000,None,None,117000,None,-357114000,None,None,20061000,None,1474000,15201000,None,13793000,13916000,None,None,None,524758000,208397000,18050000,None,116513000,USD,1000000,-2722000,-6745000,5000,None,-1002000,-1015000,-89000,-2751000,-9655000,-1908000,-171000,5143000,None,13000,None,-5300000,3893000,7750000,-5300000,-211000,-9866000,3.03,4.08
4,2019-06-30,USD,45904000,25474000,27397000,18507000,-6927000,-7192000,6013000,None,-6937000,None,19334000,40000,-6967000,127000,10000,255000,110000,100000,None,None,None,255000,-70000,None,-7192000,-7192000,None,USD,191295000,None,None,8739000,34650000,156645000,140000,18137000,116000,-354363000,572000,76848000,7291000,24698000,32753000,1579000,1579000,-9483000,35531000,68884000,40000,79797000,4224000,31223000,1325000,None,14616000,None,None,116000,None,-354363000,None,None,8549000,None,1443000,2904000,None,1757000,1897000,None,None,None,520375000,191295000,28922000,None,115760000,USD,17916000,4334000,6477000,17000,None,476000,-619000,-2600000,-7192000,8067000,1114000,-2771000,4762000,None,1095000,None,-2031000,4012000,11456000,-2031000,132000,8199000,2.7,3.03
5,2019-03-31,USD,43280000,24653000,27258000,16022000,-8425000,-8559000,5901000,None,-8435000,None,18507000,206000,-8631000,245000,10000,124000,212000,202000,None,None,None,124000,-6000,None,-8559000,-8559000,None,USD,199008000,None,None,12276000,39470000,159538000,128000,19300000,115000,-347171000,496000,76707000,5707000,16499000,37344000,1620000,1620000,-9657000,32996000,80546000,40000,82831000,22142000,29629000,1630000,None,18044000,None,None,115000,None,-347171000,None,None,7211000,None,1508000,3250000,None,1998000,2126000,None,None,None,516251000,199008000,38641000,None,114874000,USD,2958000,2130000,-2031000,29000,None,-886000,-894000,-3906000,-8559000,-8880000,-5963000,-4030000,4574000,None,8000,None,-3720000,3642000,5018000,-3720000,-4000,-8884000,3.23,2.7
6,2018-12-31,USD,43992000,23224000,26081000,17911000,-4993000,-5194000,5781000,0,-5003000,0,16967000,320000,-5313000,476000,10000,None,None,None,1845000,0,0,191000,308000,0,-5194000,-5194000,None,USD,198925000,None,None,14789000,33774000,165151000,152000,23805000,114000,-338612000,629000,76407000,3682000,25383000,33145000,None,None,-10033000,27378000,91418000,40000,88744000,25083000,26163000,None,None,9340000,None,None,114000,None,-338612000,None,None,2220000,None,1462000,None,None,477000,629000,None,None,None,513682000,198925000,50466000,None,114246000,USD,-1169000,-1738000,-6783000,4000,None,389000,-985000,-1203000,-5193000,-3479000,2915000,-226000,4449000,None,1374000,None,-343000,5966000,5618000,-343000,184000,-3295000,2.34,3.23
7,2018-09-30,USD,49315000,24115000,25280000,24035000,-149000,-272000,5882000,0,-159000,0,17617000,-69000,-80000,616000,10000,None,None,None,0,0,0,113000,-98000,0,-272000,-272000,None,USD,204934000,76683000,None,17859000,37871000,167063000,174000,28157000,113000,-333419000,627000,76683000,4024000,28678000,37244000,None,None,-9477000,27392000,96795000,40000,90380000,23957000,26301000,0,0,9087000,0,0,113000,0,-333419000,0,None,2434000,None,1590000,None,None,453000,627000,None,None,None,509846000,204934000,52635000,None,113198000,USD,-7112000,2775000,-11308000,18000,None,-259000,-996000,-4472000,-273000,125000,11692000,-4377000,4401000,0,737000,0,5558000,3608000,4214000,5558000,-166000,-41000,5.02,2.34
8,2018-06-30,USD,50249000,24245000,25402000,24847000,15415000,15159000,6073000,0,15408000,0,17539000,14813000,602000,633000,7000,None,None,None,0,0,0,249000,14591000,0,15159000,15159000,None,USD,202508000,76648000,None,18147000,38182000,164326000,161000,31234000,112000,-333146000,550000,76648000,3785000,28719000,37632000,None,None,-9324000,26303000,95732000,40000,87678000,16851000,32015000,0,0,6398000,0,0,112000,0,-333146000,0,None,2235000,None,1550000,None,None,389000,550000,None,None,None,506684000,202508000,45570000,None,112478000,USD,7000000,-3120000,2806000,97000,None,2826000,-1206000,-2266000,15159000,9088000,3456000,-2186000,4854000,0,4032000,0,493000,-11744000,4291000,493000,-232000,8856000,4.47,5.02
9,2018-03-31,USD,52114000,26729000,25434000,26680000,193000,149000,6339000,0,134000,0,19802000,242000,-49000,588000,59000,None,None,None,0,0,0,-15000,-2487000,0,149000,149000,None,USD,190227000,77027000,None,5717000,45979000,144248000,175000,30445000,111000,-348307000,4927000,77027000,80787000,19863000,40893000,None,None,-7861000,27371000,82069000,40000,67221000,23832000,32657000,0,0,10448000,0,0,111000,0,-348307000,0,None,2174000,None,1546000,None,None,4911000,5086000,None,None,None,500305000,190227000,43695000,None,110657000,USD,4515000,-2704000,2541000,16000,None,-5376000,-1606000,-4264000,149000,-1176000,1659000,-4237000,5001000,0,-3770000,0,-270000,3720000,1990000,-270000,127000,-1049000,4.11,4.47
10,2017-12-31,USD,48186000,24205000,25209000,22977000,-895000,-912000,5964000,0,-933000,0,17654000,333000,-1228000,587000,38000,None,None,None,0,0,0,-21000,-4768000,0,-912000,-912000,None,USD,196448000,77054000,None,5397000,52303000,144145000,160000,37694000,111000,-349950000,9574000,77054000,80265000,20912000,42585000,None,None,-8328000,28991000,87192000,40000,67091000,28404000,32479000,0,0,4891000,0,0,111000,0,-349950000,0,None,1665000,None,1506000,None,None,9558000,9718000,None,None,None,502312000,196448000,49316000,None,110824000,USD,8465000,-1374000,3560000,14000,None,-477000,-1925000,-18862000,-912000,198000,-2885000,-5134000,5186000,0,1448000,0,-5912000,3235000,4919000,-3886000,-30000,168000,4.41,4.11
11,2017-09-30,USD,46069000,23961000,23793000,22276000,-1550000,-1756000,6443000,0,-1568000,0,16915000,135000,-1685000,603000,18000,None,None,None,0,0,0,188000,-150000,0,-1756000,-1756000,None,USD,200946000,76925000,None,4453000,59066000,141880000,161000,35359000,110000,-349038000,14374000,76925000,80152000,20744000,44546000,None,None,-8679000,29835000,90959000,40000,64955000,36948000,28814000,0,0,9187000,0,0,110000,0,-349038000,0,None,1794000,None,1393000,None,None,14359000,14520000,None,None,None,499487000,200946000,57692000,None,109638000,USD,636000,1845000,-4689000,3000,None,-643000,-655000,-5011000,-1756000,-2307000,3025000,-4796000,5174000,0,12000,0,2026000,3358000,5328000,-800000,79000,-2228000,3.97,4.41
12,2017-06-30,USD,45370000,23113000,23995000,21375000,-1464000,-1625000,6715000,0,-1474000,0,15801000,274000,-1738000,597000,10000,None,None,None,0,0,0,151000,76000,0,-1625000,-1625000,None,USD,203579000,77032000,None,4121000,62779000,140800000,162000,32463000,109000,-347282000,19072000,77032000,80181000,22972000,43560000,None,None,-9045000,30415000,92983000,40000,63768000,37624000,28266000,0,0,11097000,0,0,109000,0,-347282000,0,None,1802000,None,1307000,None,None,19057000,19219000,None,None,None,497018000,203579000,60596000,None,109248000,USD,4001000,3713000,-710000,22000,None,197000,-880000,-4721000,-1625000,3710000,4223000,-4544000,5208000,0,1077000,0,1226000,3675000,4733000,-2204000,110000,3820000,2.89,3.97
13,2017-03-31,USD,44735000,24590000,23564000,21171000,-3215000,-3337000,6220000,0,-3229000,0,17781000,204000,-3419000,589000,14000,None,None,None,0,0,0,108000,190000,0,-3337000,-3337000,None,USD,201052000,76702000,None,3989000,63101000,137951000,167000,30445000,108000,-345657000,23751000,76702000,79741000,19152000,39196000,None,None,-10067000,30204000,91107000,40000,61249000,41676000,26290000,0,0,8751000,0,0,108000,0,-345657000,0,None,1806000,None,1193000,None,None,23738000,23905000,None,None,None,493567000,201052000,60828000,None,107979000,USD,2724000,-1663000,-2963000,58000,None,-925000,-1036000,-3786000,-3337000,-2753000,1135000,-3560000,5229000,0,111000,0,978000,3488000,5745000,978000,171000,-2582000,2.58,2.89
14,2016-12-31,USD,43779000,22859000,24116000,19663000,-3665000,-3919000,6095000,0,-3719000,0,16174000,-469000,-3196000,590000,54000,None,None,None,0,162000000,0,200000,-61930000,0,-3919000,-3919000,None,USD,208129000,76243000,None,4865000,70561000,137568000,174000,32974000,107000,-342320000,28457000,76243000,79094000,21734000,41952000,None,None,-11038000,30352000,98683000,40000,61325000,44453000,27631000,0,0,8978000,0,0,107000,0,-342320000,0,None,1794000,1017000,109446000,None,None,28435000,28609000,None,None,None,490819000,208129000,66187000,None,107059000,USD,-44629000,-596000,-49022000,63294000,-4685000,1163000,-676000,-4629000,-3919000,-52264000,-4405000,-78103000,5112000,0,1839000,0,-760000,3837000,4897000,-4661000,-402000,-52666000,2.52,2.58
15,2016-09-30,USD,39473000,21983000,23235000,16238000,-5586000,-6122000,5626000,0,-5992000,0,15744000,159000,-5745000,613000,406000,None,None,None,0,-162000000,0,130000,104000,0,-6122000,-6122000,None,USD,212093000,76437000,None,5347000,73716000,138377000,178000,30228000,105000,-338401000,33277000,76437000,79642000,74400000,40291000,None,None,-9901000,29643000,102808000,40000,61940000,0,23061000,0,0,10063000,0,0,105000,0,-338401000,0,None,1848000,1317000,109285000,None,None,33247000,33425000,None,None,None,486574000,212093000,74400000,None,105218000,USD,-44629000,444000,59804000,0,-16997000,-17311000,-362000,1007000,-6122000,43478000,985000,-3493000,5014000,0,48000,0,3901000,3198000,2986000,1944000,37000,43515000,1.87,2.52
16,2016-06-30,USD,43560000,76273000,24760000,18800000,-57544000,-57938000,6289000,0,-57823000,0,69358000,-71000,-57473000,626000,279000,None,None,None,0,54000000,0,115000,-578000,0,-57938000,-57938000,None,USD,235156000,76242000,None,6278000,93732000,141424000,197000,30860000,104000,-332279000,2015000,76242000,79469000,93675000,39774000,1119000,1119000,-10304000,30647000,125040000,40000,65182000,62790000,25087000,12790000,0,7795000,0,0,104000,0,-332279000,0,None,1903000,1284000,110116000,3008000,15798000,37963000,53958000,None,None,None,483903000,235156000,93675000,None,104653000,USD,-44629000,-533000,-259000,0,-319000,196000,-298000,26000,-57938000,6745000,6808000,26000,5115000,0,813000,0,1957000,57641000,259000,2497000,-1000,6744000,1.49,1.87
17,2016-03-31,USD,41422000,22659000,24778000,16644000,-5609000,-5946000,6325000,0,-5788000,0,15711000,406000,-6015000,623000,179000,None,None,None,0,0,0,158000,227000,0,-5946000,-5946000,None,USD,233724000,76370000,None,6054000,37979000,195745000,218000,11998000,103000,-274341000,2214000,76370000,142478000,24141000,20489000,821000,None,-10109000,33330000,57916000,40000,119375000,0,27721000,12790000,0,7670000,0,0,103000,0,-274341000,0,None,64861000,1207000,175808000,2345000,15135000,2137000,17490000,None,None,None,480092000,233724000,24141000,None,103399000,USD,28315000,-2759000,-35896000,-62790000,12631000,12028000,-646000,None,-5946000,-20698000,3170000,3912000,5310000,0,43000,0,540000,3193000,1421000,-540000,159000,-20539000,1.81,1.49
18,2015-12-31,USD,42739000,21295000,25198000,17541000,-4074000,-4145000,6678000,0,-4099000,0,13611000,-320000,-3754000,1006000,25000,None,None,None,0,54000000,0,46000,2094000,0,-4145000,-4145000,None,USD,225627000,15000,None,9578000,27530000,198097000,229000,13747000,102000,-268395000,2403000,76143000,79850000,44680000,23554000,466000,1902000,-10812000,36143000,109634000,40000,121939000,28322000,27054000,1436000,0,9341000,0,0,102000,0,-268395000,0,None,2400000,1252000,115993000,1436000,1436000,2311000,3976000,None,None,None,477202000,225627000,73002000,None,102299000,USD,5699000,249000,1739000,0,-95000,844000,-348000,3558000,-4145000,9321000,6738000,-3149000,5858000,0,1287000,0,-5210000,3723000,3960000,57000,-93000,9228000,1.46,1.81
19,2015-09-30,USD,42049000,24152000,26138000,15911000,-7686000,-7762000,7429000,0,-7686000,0,16075000,555000,-8241000,648000,0,None,None,None,0,0,0,76000,610000,0,-7762000,-7762000,None,USD,227939000,470000,None,9156000,29601000,198338000,160000,16608000,101000,-264250000,2381000,76096000,81723000,35452000,27087000,None,None,-10912000,40077000,106139000,40000,121772000,34123000,27408000,0,0,10479000,0,0,101000,0,-264250000,0,None,3857000,1260000,121800000,None,None,2354000,2514000,None,None,None,473399000,227939000,69575000,None,100892000,USD,261000,-2027000,-8432000,0,None,-123000,-335000,None,-7762000,-4891000,3664000,-6662000,5330000,0,212000,0,5267000,2998000,8693000,4025000,-159000,-5050000,1.91,1.46
