,fiscalDateEnding,reportedCurrency_x,totalRevenue,totalOperatingExpense,costOfRevenue,grossProfit,ebit,netIncome_x,researchAndDevelopment,effectOfAccountingCharges,incomeBeforeTax,minorityInterest,sellingGeneralAdministrative,otherNonOperatingIncome,operatingIncome,otherOperatingExpense,interestExpense,taxProvision,interestIncome,netInterestIncome,extraordinaryItems,nonRecurring,otherItems,incomeTaxExpense,totalOtherIncomeExpense,discontinuedOperations,netIncomeFromContinuingOperations,netIncomeApplicableToCommonShares,preferredStockAndOtherAdjustments,reportedCurrency_y,totalAssets,intangibleAssets,earningAssets,otherCurrentAssets,totalLiabilities,totalShareholderEquity,deferredLongTermLiabilities,otherCurrentLiabilities,commonStock,retainedEarnings,otherLiabilities,goodwill,otherAssets,cash,totalCurrentLiabilities,shortTermDebt,currentLongTermDebt,otherShareholderEquity,propertyPlantEquipment,totalCurrentAssets,longTermInvestments,netTangibleAssets,shortTermInvestments,netReceivables,longTermDebt,inventory,accountsPayable,totalPermanentEquity,additionalPaidInCapital,commonStockTotalEquity,preferredStockTotalEquity,retainedEarningsTotalEquity,treasuryStock,accumulatedAmortization,otherNonCurrrentAssets,deferredLongTermAssetCharges,totalNonCurrentAssets,capitalLeaseObligations,totalLongTermDebt,otherNonCurrentLiabilities,totalNonCurrentLiabilities,negativeGoodwill,warrants,preferredStockRedeemable,capitalSurplus,liabilitiesAndShareholderEquity,cashAndShortTermInvestments,accumulatedDepreciation,commonStockSharesOutstanding,reportedCurrency,investments,changeInLiabilities,cashflowFromInvestment,otherCashflowFromInvestment,netBorrowings,cashflowFromFinancing,otherCashflowFromFinancing,changeInOperatingActivities,netIncome_y,changeInCash,operatingCashflow,otherOperatingCashflow,depreciation,dividendPayout,stockSaleAndPurchase,changeInInventory,changeInAccountReceivables,changeInNetIncome,capitalExpenditures,changeInReceivables,changeInExchangeRate,changeInCashAndCashEquivalents,clossingVal,nextClossingVal
0,2020-04-30,USD,39571000,5338000,37066000,2505000,-7759000,-4883000,None,None,-8811000,-423000,5338000,-4926000,-2833000,None,1052000,-3505000,-5698000,-1052000,None,None,None,-3505000,-4926000,None,-5306000,-5009000,126000,USD,398660000,11682000,None,11291000,182010000,202260000,22160000,5629000,179000,38850000,26576000,1523000,20577000,1264000,29447000,3045000,3045000,-8806000,246721000,49557000,60413000,189055000,None,32841000,124294000,4161000,20773000,None,None,179000,None,38850000,None,None,28764000,None,349103000,None,124294000,6109000,152563000,None,10810000,None,161227000,398660000,1264000,None,17857707,USD,9240000,-3500000,7747000,-5165000,-2232000,-3698000,-213000,-6139000,-5306000,460000,-3589000,337000,2413000,-1466000,None,-745000,5480000,-2268000,5406000,5480000,None,460000,13.35,
1,2020-01-31,USD,41656000,6310000,43812000,-2156000,-10040000,-6427000,None,None,-10040000,-477000,6310000,-1574000,-8466000,None,None,-3136000,-1889000,55000,None,None,None,-3136000,-1629000,None,-6904000,-6552000,125000,USD,408648000,12122000,None,11681000,185021000,208670000,21328000,9400000,179000,45199000,25768000,1839000,18580000,874000,30862000,2998000,2998000,-8387000,248193000,43513000,76107000,194709000,None,27503000,126604000,3455000,18464000,None,None,179000,None,45199000,None,None,26874000,None,365135000,None,126604000,6227000,154159000,None,10810000,None,160869000,408648000,874000,None,17857707,USD,-2843000,-2410000,-6515000,-1550000,20736000,19060000,-213000,-470000,-6904000,336000,-12209000,1650000,2585000,-1463000,None,3746000,-8433000,-2443000,3672000,-8433000,None,336000,19.52,13.35
2,2019-10-31,USD,36476000,5282000,34801000,1675000,-3273000,-3075000,None,None,-4094000,-138000,6351000,334000,-3607000,-1069000,821000,-881000,-241000,-821000,None,None,None,-881000,1403000,None,-3213000,-3200000,125000,USD,399867000,12407000,None,8153000,167369000,217076000,24346000,14500000,178000,53089000,29813000,1839000,21369000,616000,31664000,3023000,3023000,-7255000,248114000,35070000,75569000,202830000,None,19078000,105892000,7223000,14141000,None,None,178000,None,53089000,None,None,26868000,None,364797000,None,105892000,5467000,135705000,None,10810000,None,160254000,399867000,616000,None,17756180,USD,4116000,-7413000,7726000,6467000,-3288000,-5046000,-300000,6876000,-3213000,-229000,-2909000,1619000,2336000,-1458000,None,-197000,6002000,-2043000,2857000,6002000,None,-229000,18.92,19.52
3,2019-07-31,USD,50869000,4961000,43790000,7079000,838000,-990000,None,None,64000,593000,4961000,-1280000,2118000,None,774000,461000,-2069000,-774000,None,None,None,461000,-1280000,None,-397000,-1115000,125000,USD,415689000,12242000,None,18483000,176762000,223367000,25090000,15752000,178000,57309000,28286000,2391000,18351000,943000,39223000,3024000,3024000,-5130000,247619000,50587000,79001000,223367000,None,24127000,109253000,7034000,20447000,None,None,178000,None,57309000,None,None,38482000,None,365102000,None,109253000,3196000,137539000,None,10810000,None,160200000,415689000,943000,None,17772753,USD,-14966000,5558000,-14966000,-1550000,15662000,14204000,-35000,-3518000,-990000,-548000,256000,-1795000,2080000,-1458000,None,-964000,-4176000,2644000,4462000,-4176000,None,-506000,19.79,18.92
4,2019-04-30,USD,42035000,4843000,38197000,3838000,4590000,2815000,None,None,3904000,5000,4843000,5595000,-1005000,None,686000,1084000,4853000,-686000,None,None,None,1084000,5595000,None,2820000,2689000,126000,USD,383285000,6111000,None,11808000,156616000,446596000,24751000,17029000,178000,59757000,28098000,1435000,5187000,1491000,34774000,2915000,2915000,215859000,230592000,36080000,81423000,226094000,None,19960000,93744000,2821000,10002000,None,None,178000,None,59757000,None,None,35190000,None,347205000,None,93744000,3347000,121842000,None,10810000,None,159992000,383285000,1491000,None,17772753,USD,-6609000,7526000,-16414000,-7866000,-212000,13275000,-305000,890000,-1856000,882000,4018000,1551000,4247000,-2916000,None,-306000,-855000,-4063000,8548000,-855000,None,208000,22.84,19.79
5,2019-01-31,USD,42018000,5015000,40023000,1995000,-6584000,-4693000,0,None,-6437000,17000,5015000,-3564000,-3020000,None,-147000,-1761000,None,None,None,None,None,-1761000,-3564000,None,-4676000,-4834000,125000,USD,373466000,6329000,None,12902000,148208000,443390000,24014000,11058000,178000,58402000,27512000,1440000,17638000,1280000,26695000,2873000,2873000,214448000,229694000,36717000,81648000,206100000,None,19617000,94001000,2527000,7987000,None,None,178000,None,58402000,None,None,30889000,None,336749000,None,94001000,3498000,121513000,None,10810000,None,159552000,373466000,1280000,None,17000000,USD,-4310000,-630000,-9805000,150000,16708000,14946000,-305000,-5452000,-4693000,671000,-4493000,-2414000,2126000,-1457000,None,2914000,-4983000,3179000,5098000,-4983000,23000,671000,22.03,22.84
6,2018-10-31,USD,14714000,6013000,18307000,-3593000,-4785000,-3237000,0,0,-4853000,20000,4524000,4796000,-9581000,0,68000,None,None,None,0,1558000,0,-1636000,3170000,0,-3217000,-3362000,125000,USD,421339000,6296000,None,10528000,191389000,219140000,25372000,10089000,176000,50354000,87349000,1431000,108913000,609000,27074000,3127000,3127000,8965000,225681000,31044000,42948000,229950000,0,14494000,76966000,5413000,6134000,0,0,176000,10810000,50354000,0,None,121666000,None,390295000,None,76966000,3647000,105985000,None,574000,None,159071000,421339000,609000,None,17647135,USD,4915000,-256000,45000,-13111000,6387000,4902000,-255000,3857000,-3217000,141000,-4806000,-3388000,2095000,-1230000,64097000,-500000,796000,-336000,8241000,796000,-37000,104000,24.65,22.03
7,2018-07-31,USD,39950000,3513000,24987000,14963000,11574000,8201000,0,0,11314000,-1000,3513000,149000,11425000,0,260000,None,None,None,0,0,0,3114000,-253000,0,8200000,8076000,125000,USD,411893000,6466000,None,6493000,174499000,451568000,27742000,12597000,177000,54824000,76379000,1227000,100841000,505000,27475000,3177000,3177000,226584000,224818000,27261000,46261000,236801000,0,15306000,70645000,4957000,6799000,226584000,0,177000,10810000,54824000,0,None,113553000,None,384632000,None,70645000,4510000,102897000,None,10810000,None,159173000,411893000,505000,None,17669314,USD,-321000,367000,-42015000,-25000000,-36991000,25877000,-4903000,-1217000,8200000,-18000,16120000,349000,1776000,-1229000,64097000,-2358000,2253000,5533000,16694000,2253000,30000,12000,27.26,24.65
8,2018-04-30,USD,43135000,3981000,29774000,13361000,9270000,6599000,0,0,8986000,7000,3942000,-110000,9380000,39000,284000,None,None,None,0,0,0,2380000,-394000,0,6606000,6473000,126000,USD,367153000,2916000,None,6560000,200876000,309102000,22555000,12324000,145000,47849000,65705000,886000,95036000,493000,27487000,3194000,3234000,155467000,190029000,26883000,46390000,165654000,0,17809000,40000,2021000,5679000,155467000,0,145000,10810000,47849000,0,None,103851000,None,340270000,None,40000,4329000,26924000,None,10810000,None,94831000,367153000,493000,None,14532952,USD,-10000,7286000,-4841000,200000,-6297000,-7331000,-4903000,2252000,6606000,-22000,12150000,82000,1737000,-1034000,0,-4000,-3761000,204000,4831000,-3761000,-31000,-53000,23.28,27.26
9,2018-01-31,USD,31593000,4104000,29227000,2366000,-1454000,8625000,0,0,-1964000,-2000,4074000,284000,-1738000,30000,510000,None,None,None,0,0,0,-10587000,-226000,0,8623000,8500000,125000,USD,350511000,3803000,None,6524000,191695000,158206000,22084000,7772000,145000,42284000,36891000,884000,54545000,546000,20324000,3441000,3441000,10367000,188561000,23134000,43745000,158206000,0,14048000,112396000,2016000,9111000,0,0,145000,10810000,42284000,0,None,95071000,None,327377000,None,112396000,36891000,171371000,None,10810000,None,94600000,350511000,546000,None,14532952,USD,-3506000,-3993000,-3996000,1543000,10534000,9100000,-401000,-2230000,8623000,37000,-5067000,-1109000,1697000,-1033000,0,2116000,-2523000,-9878000,2033000,-2523000,17000,54000,21.55,23.28
10,2017-10-31,USD,15929000,3868000,16339000,-410000,-4110000,-2650000,0,0,-4516000,-8000,3755000,168000,-4278000,113000,406000,None,None,None,0,-480000,0,-1858000,-1414000,0,-2658000,-2775000,125000,USD,339031000,3848000,None,6981000,191428000,136793000,31415000,8828000,144000,34692000,34316000,876000,46604000,492000,23614000,3298000,3298000,7076000,188225000,23120000,36171000,147603000,16000,11523000,102083000,4124000,11488000,0,0,144000,10810000,34692000,0,None,91515000,None,315911000,None,102083000,34316000,167814000,None,587000,None,94294000,339031000,492000,None,14405031,USD,-9000,-3146000,-3303000,200000,4514000,3596000,-108000,-651000,-2658000,-1347000,-1640000,433000,1733000,-918000,0,-687000,-1557000,2907000,3294000,-222000,17000,-1330000,23.35,21.55
11,2017-07-31,USD,40395000,3276000,23951000,16444000,13281000,7777000,0,0,12760000,-34000,3229000,113000,13168000,47000,521000,None,None,None,0,1080000,0,5017000,0,0,7743000,7652000,125000,USD,335711000,3756000,None,3789000,185730000,149386000,28470000,10584000,144000,38261000,32726000,873000,49933000,1822000,26896000,3355000,100993000,6118000,186845000,19773000,36552000,149386000,0,10732000,97638000,3430000,12957000,0,0,144000,10810000,38261000,0,None,92541000,None,315938000,None,97638000,32726000,158834000,None,10810000,None,94053000,335711000,1822000,None,14405031,USD,-3321000,5577000,-7158000,94000,-7897000,-8814000,-108000,4268000,7743000,1603000,17575000,-202000,1633000,-917000,0,-1618000,0,369000,3931000,4073000,-9000,1594000,22.76,23.35
12,2017-04-30,USD,36893000,3276000,27405000,9488000,6111000,3540000,0,0,5694000,-4000,3116000,-101000,6212000,40000,417000,None,None,None,0,120000,0,2158000,0,0,3536000,3385000,155000,USD,327139000,3985000,None,3287000,186061000,140441000,27186000,7278000,144000,31398000,31707000,1096000,41704000,228000,21661000,3318000,108910000,4243000,184595000,20112000,30962000,140441000,0,14804000,105507000,1793000,11065000,0,0,144000,11114000,31398000,0,None,91470000,None,307027000,None,105507000,31707000,164400000,None,11114000,None,93542000,327139000,228000,None,14367006,USD,-23000,2230000,-9168000,-5800000,3380000,2437000,-108000,752000,3536000,159000,6890000,4244000,1601000,-943000,0,319000,0,847000,3345000,-5887000,None,159000,20.68,22.76
13,2017-01-31,USD,28092000,3932000,27399000,693000,-2878000,-2072000,0,0,-3312000,637000,3847000,361000,-3239000,85000,434000,None,None,None,0,120000,0,-1240000,0,0,-2072000,-2227000,155000,USD,311166000,2536000,None,3197000,175519000,123487000,25083000,7000000,142000,28804000,30831000,680000,36286000,69000,19041000,3106000,10106000,2336000,177750000,17798000,27368000,135647000,0,12867000,100564000,1665000,8935000,0,0,142000,12160000,28804000,0,None,88250000,None,293368000,None,100564000,30831000,156478000,None,12160000,None,92205000,311166000,69000,None,14236344,USD,-4456000,-5254000,-6787000,0,12392000,11161000,-294000,357000,-2072000,31000,-4343000,-1822000,1590000,-937000,0,2179000,479000,557000,2331000,479000,None,31000,17.0,20.68
14,2016-10-31,USD,19534000,3772000,16649000,2885000,594000,19000,0,0,198000,-50000,3591000,1481000,-887000,181000,396000,None,None,None,0,0,0,179000,4137000,0,19000,-138000,157000,USD,305448000,2654000,None,2509000,166719000,126498000,25328000,8577000,142000,31812000,29476000,680000,32717000,38000,23751000,3198000,3198000,2703000,177096000,18499000,23999000,138729000,61000,12108000,88164000,3844000,11976000,0,0,142000,12231000,31812000,0,None,85854000,None,286949000,None,88164000,29476000,142968000,None,12231000,None,91841000,305448000,38000,None,14178226,USD,-1620000,-2759000,-3614000,995000,1074000,122000,-86000,1768000,19000,-58000,3434000,-2672000,1525000,-866000,0,-1075000,-1880000,5133000,2989000,3263000,None,-58000,19.69,17.0
15,2016-07-31,USD,39903000,3669000,22040000,17863000,17895000,10729000,0,0,17422000,637000,3420000,3701000,14194000,249000,473000,None,None,None,0,120000,0,6693000,0,0,10729000,10573000,156000,USD,302365000,2578000,None,2657000,160950000,129184000,20457000,8673000,142000,32659000,27328000,680000,32722000,96000,26065000,3209000,11882000,4752000,149220000,18085000,23987000,141415000,0,12563000,87100000,2769000,14183000,0,0,142000,12231000,32659000,0,None,111073000,None,284280000,None,87100000,27328000,134885000,None,12231000,None,91631000,302365000,96000,None,14178226,USD,2916000,7273000,-411000,0,-15411000,-16276000,None,639000,10729000,50000,16737000,1988000,1450000,-865000,0,-1349000,0,-2795000,3327000,-559000,None,50000,17.69,19.69
16,2016-04-30,USD,27365000,3039000,22111000,5254000,2128000,1222000,0,0,1784000,0,2844000,-87000,2215000,195000,344000,None,None,None,0,0,0,562000,0,0,1222000,1065000,157000,USD,299594000,2599000,None,3128000,168555000,118808000,20448000,6731000,142000,22795000,26939000,680000,32846000,46000,18648000,3181000,9912000,4739000,147962000,18052000,24049000,131039000,0,13458000,102520000,1420000,8736000,0,0,142000,12231000,22795000,0,None,109531000,None,281542000,None,102520000,26939000,149907000,None,12231000,None,91132000,299594000,46000,None,14178226,USD,-455000,-962000,-4530000,0,5891000,5026000,None,859000,1222000,-14000,-510000,617000,1285000,-865000,0,230000,0,258000,4075000,-3160000,None,-14000,17.89,17.69
17,2016-01-31,USD,24987000,4900000,26421000,-1434000,-5860000,-3912000,0,0,-6079000,0,3464000,474000,-6334000,1436000,219000,None,None,None,0,0,0,-2167000,0,0,-3912000,-4070000,158000,USD,291934000,2620000,None,2876000,162766000,116887000,19546000,6551000,141000,22439000,26763000,680000,30919000,60000,19253000,2606000,None,3345000,145986000,15422000,21791000,129168000,0,10836000,97204000,1650000,10096000,0,0,141000,12281000,22439000,0,None,108735000,None,276512000,None,97204000,26763000,143513000,None,12281000,None,90962000,291934000,60000,None,14171976,USD,-8000,-1366000,-2967000,2902000,9401000,8345000,-190000,None,-3912000,21000,-5357000,-2353000,1128000,-866000,0,2266000,0,304000,5861000,-1424000,None,21000,12.58,17.89
18,2015-10-31,USD,14212000,4243000,14847000,-635000,1237000,654000,0,0,1151000,587000,3719000,6115000,-4878000,524000,86000,None,None,None,0,120000,0,497000,6473000,0,654000,495000,159000,USD,269526000,2772000,None,2387000,135973000,121272000,19425000,5841000,141000,27216000,7641000,680000,30746000,39000,19672000,1356000,1356000,3156000,128951000,13762000,22144000,133553000,129000,7420000,89235000,3916000,12475000,0,0,141000,12281000,27216000,0,None,104669000,None,255764000,None,89235000,7641000,116301000,None,133553000,None,90759000,269526000,39000,None,14135080,USD,6426000,2322000,-1770000,-677000,5024000,4268000,38000,737000,654000,7000,-2491000,-133000,1252000,-794000,0,-1057000,-184000,-5739000,7519000,210000,None,7000,15.86,12.58
19,2015-07-31,USD,29811000,3595000,17693000,11433000,8134000,5313000,0,0,8089000,0,3270000,296000,7838000,325000,45000,None,None,None,0,0,0,2776000,0,0,5313000,5153000,159000,USD,270976000,2672000,None,126164000,133308000,137668000,0,90281000,141000,27356000,5708000,680000,39543000,3376000,20091000,1349000,None,7446000,122007000,14503000,None,137668000,0,16570000,84215000,2859000,41678000,0,0,141000,12331000,27356000,0,None,None,None,122007000,None,None,None,None,None,24662000,None,90394000,270976000,3376000,None,15000000,USD,-278000,1760000,-7652000,0,-3304000,-4098000,None,None,5313000,-45000,11705000,734000,1010000,-794000,0,-1294000,0,75000,7374000,4107000,None,-45000,20.59,15.86
