,fiscalDateEnding,reportedCurrency_x,totalRevenue,totalOperatingExpense,costOfRevenue,grossProfit,ebit,netIncome_x,researchAndDevelopment,effectOfAccountingCharges,incomeBeforeTax,minorityInterest,sellingGeneralAdministrative,otherNonOperatingIncome,operatingIncome,otherOperatingExpense,interestExpense,taxProvision,interestIncome,netInterestIncome,extraordinaryItems,nonRecurring,otherItems,incomeTaxExpense,totalOtherIncomeExpense,discontinuedOperations,netIncomeFromContinuingOperations,netIncomeApplicableToCommonShares,preferredStockAndOtherAdjustments,reportedCurrency_y,totalAssets,intangibleAssets,earningAssets,otherCurrentAssets,totalLiabilities,totalShareholderEquity,deferredLongTermLiabilities,otherCurrentLiabilities,commonStock,retainedEarnings,otherLiabilities,goodwill,otherAssets,cash,totalCurrentLiabilities,shortTermDebt,currentLongTermDebt,otherShareholderEquity,propertyPlantEquipment,totalCurrentAssets,longTermInvestments,netTangibleAssets,shortTermInvestments,netReceivables,longTermDebt,inventory,accountsPayable,totalPermanentEquity,additionalPaidInCapital,commonStockTotalEquity,preferredStockTotalEquity,retainedEarningsTotalEquity,treasuryStock,accumulatedAmortization,otherNonCurrrentAssets,deferredLongTermAssetCharges,totalNonCurrentAssets,capitalLeaseObligations,totalLongTermDebt,otherNonCurrentLiabilities,totalNonCurrentLiabilities,negativeGoodwill,warrants,preferredStockRedeemable,capitalSurplus,liabilitiesAndShareholderEquity,cashAndShortTermInvestments,accumulatedDepreciation,commonStockSharesOutstanding,reportedCurrency,investments,changeInLiabilities,cashflowFromInvestment,otherCashflowFromInvestment,netBorrowings,cashflowFromFinancing,otherCashflowFromFinancing,changeInOperatingActivities,netIncome_y,changeInCash,operatingCashflow,otherOperatingCashflow,depreciation,dividendPayout,stockSaleAndPurchase,changeInInventory,changeInAccountReceivables,changeInNetIncome,capitalExpenditures,changeInReceivables,changeInExchangeRate,changeInCashAndCashEquivalents,clossingVal,nextClossingVal
0,2020-06-30,USD,65552000,None,None,None,None,3777000,None,None,5251000,None,38747000,None,None,3853000,25919000,1474000,66817000,40898000,None,None,None,1474000,None,None,3777000,3777000,None,USD,8209154000,33834000,1854826000,None,7660719000,548435000,None,None,348295000,174837000,63319000,None,4756727000,1264208000,None,None,5000000,25303000,271949000,None,779794000,548435000,779794000,None,1716018000,None,None,None,None,None,None,None,None,None,None,None,None,3090000,1721029000,None,None,None,None,None,None,None,None,None,None,USD,-1980118000,0,-1980118000,1413000,1671017000,2903174000,1233286000,30971000,3777000,935238000,12182000,None,5573000,-1216000,None,None,None,-28139000,459000,None,None,None,14.51,
1,2020-03-31,USD,48381000,None,None,None,None,-7602000,None,None,-15380000,None,38328000,None,None,4626000,23312000,-7778000,63473000,40161000,None,None,None,-7778000,None,None,-7602000,-7602000,None,USD,5276316000,33532000,1735694000,None,4742544000,533772000,None,None,343747000,172276000,47968000,None,2944509000,264074000,None,None,50000000,17749000,276413000,None,574168000,533772000,574168000,None,50012000,None,None,None,None,None,None,None,None,None,None,None,None,2428000,8000,None,None,None,None,None,None,None,None,None,41000000,USD,-179226000,0,-179226000,613000,49998000,462257000,413026000,-38467000,-7602000,191511000,-91520000,None,5621000,-1209000,258000,None,None,-51072000,737000,None,None,None,12.47,14.51
2,2019-12-31,USD,61304000,40969000,None,53327000,None,6832000,None,None,8917000,None,34197000,None,12358000,4690000,23802000,2085000,61813000,38011000,None,None,None,2085000,-3441000,None,6832000,6832000,None,USD,4814970000,35365000,1610529000,967447000,4282584000,532386000,None,None,340397000,180265000,50829000,None,2743069000,134002000,4229797000,None,None,11724000,280943000,1202848000,540045000,532386000,540045000,None,14000,5612000,4229122000,None,None,None,None,None,None,None,None,None,None,2633000,23000,None,None,None,None,None,None,None,None,None,41000000,USD,-91181000,0,-91181000,72000,-1294000,207393000,209855000,-6927000,6832000,-24907000,-141119000,None,5664000,-1208000,508000,None,None,-146688000,7194000,None,None,None,19.01,12.47
3,2019-09-30,USD,58529000,42636000,None,48999000,None,3895000,None,None,6262000,None,32636000,None,6363000,5071000,23576000,2367000,61107000,37531000,None,None,None,2367000,-101000,None,3895000,3895000,None,USD,4603697000,37583000,1570059000,904395000,4075478000,528219000,None,None,337326000,174641000,52860000,None,2546679000,166777000,4020745000,1295000,1295000,16252000,282847000,1165793000,570795000,528219000,570795000,None,15000,5702000,4019267000,None,None,None,None,None,None,None,None,None,None,2056000,23000,None,None,None,None,None,None,None,None,None,41000000,USD,-130536000,0,-130536000,331000,-51000,296639000,297670000,-2617000,3895000,65001000,-101102000,None,5202000,-1208000,287000,None,None,-107582000,2180000,None,None,None,18.1,19.01
4,2019-06-30,USD,49770000,38275000,None,45173000,None,4935000,None,None,5597000,None,29550000,None,6898000,3424000,21203000,662000,55138000,33935000,None,None,None,662000,-1301000,None,4935000,4935000,None,USD,4274301000,41687000,1509515000,859137000,3755315000,518986000,None,None,334155000,171954000,30195000,None,2317325000,122542000,3723290000,1345000,1345000,12877000,283138000,1055876000,576275000,518986000,576275000,None,16000,6044000,3721597000,None,None,None,None,None,None,None,None,None,None,2162000,24000,None,None,None,None,None,None,None,None,None,41000000,USD,-150040000,0,-451447000,-423624000,-49000,192014000,572110000,4673000,4935000,-102422000,-144396000,None,5067000,-1206000,172000,None,None,-159071000,14508000,None,None,None,17.15,18.1
5,2019-03-31,USD,43632000,37566000,None,40890000,None,2372000,None,None,2689000,None,29092000,None,3324000,3632000,19317000,317000,49922000,30605000,None,None,None,317000,-635000,None,2372000,2372000,None,USD,4058047000,44324000,1414178000,773881000,3557667000,500380000,None,None,331162000,168225000,25538000,None,2101649000,228409000,3530678000,1393000,1393000,993000,273963000,1068372000,569739000,500380000,569739000,None,17000,1374000,3528405000,None,None,None,None,None,None,None,None,None,None,2331000,25000,None,None,None,None,None,None,None,None,None,41000000,USD,-301407000,0,-301407000,393000,-49000,377759000,378822000,9287000,2372000,-30956000,-107308000,None,4034000,-1205000,14000,None,None,-123001000,13315000,None,None,None,14.61,17.15
6,2018-12-31,USD,39697000,30582000,22781000,39697000,0,10490000,0,0,7480000,0,26573000,None,9115000,4009000,15959000,None,None,None,-244000,0,0,-3010000,-1635000,0,10490000,10490000,None,USD,3670449000,47641000,None,700993000,3176889000,493560000,None,None,328113000,167124000,25849000,None,1974512000,315123000,3151024000,None,None,-1677000,226344000,1024460000,397492000,493560000,7250000,None,1457000,1094000,3149583000,None,None,None,None,None,None,None,None,None,None,None,16000,None,None,None,None,None,None,None,None,None,41000000,USD,-6444000,0,-143328000,135000,-49000,224032000,225295000,-13913000,10490000,-51742000,-132446000,None,4377000,-1205000,1626000,None,None,-133400000,23491000,None,None,None,14.81,14.61
7,2018-09-30,USD,52298000,37459000,13923000,52298000,0,14252000,0,0,11054000,0,34144000,None,14839000,3315000,14166000,None,None,None,0,0,0,-3198000,-3785000,0,14252000,14252000,None,USD,3444757000,49261000,None,646475000,2967527000,477230000,0,None,325999000,157839000,41733000,0,1672132000,368565000,2924288000,None,None,-6608000,263861000,1017219000,442284000,477230000,750000,None,1489000,1429000,2924288000,477230000,0,325999000,0,157839000,0,None,None,None,None,None,None,None,None,None,None,None,None,None,None,None,42000000,USD,7752000,0,-132398000,180000,-1879000,-47732000,-44948000,5043000,14252000,-24376000,155754000,None,4186000,-1204000,0,139598000,0,132273000,26614000,None,None,None,26.8,14.81
8,2018-06-30,USD,55574000,39820000,16015000,55574000,0,14253000,0,0,14744000,0,35330000,None,15754000,4490000,13928000,None,None,None,0,0,0,491000,-1010000,0,14253000,14253000,None,USD,3472969000,52689000,None,757494000,3009983000,462986000,0,None,323211000,144791000,37362000,0,1578110000,392941000,2969236000,3385000,3385000,-5016000,234817000,1154410000,452943000,462986000,2250000,None,3368000,1725000,2969236000,462986000,0,323211000,0,144791000,0,None,None,None,None,None,None,None,None,None,None,None,None,None,None,None,42000000,USD,-8620000,0,-154295000,212000,-104000,-5033000,-4105000,4406000,14253000,-135011000,24317000,None,4037000,-1201000,0,0,0,1621000,19532000,None,None,None,30.65,26.8
9,2018-03-31,USD,50840000,37500000,14939000,50840000,0,12453000,0,0,12768000,0,25143000,None,21911000,4717000,10547000,None,None,None,0,0,0,315000,-572000,0,12453000,12453000,None,USD,3460863000,57242000,None,720511000,3012027000,448836000,0,2973341000,320619000,128217000,35197000,0,577773000,527952000,2973341000,3489000,3489000,-3522000,216831000,1252232000,446488000,448836000,2250000,None,3489000,722030000,2973341000,448836000,0,320619000,0,131739000,0,None,None,None,None,None,None,None,None,None,None,None,None,None,None,None,41000000,USD,-287491000,0,-420564000,212000,-23075000,689349000,712767000,-10942000,12453000,232681000,-36104000,None,3786000,-1199000,0,0,0,-41401000,41685000,None,None,None,27.8,30.65
10,2017-12-31,USD,173213000,99047000,11615000,173213000,10257000,71730000,0,0,73338000,0,23633000,None,19470000,13965000,18291000,None,None,None,0,3648000,0,1608000,59086000,0,98686000,71730000,None,USD,2758474000,63881000,None,690654000,2321541000,436933000,0,2260263000,317725000,119208000,34714000,7278000,279895000,288671000,2261116000,853000,853000,-1033000,178790000,983606000,168343000,436933000,3000000,None,26564000,681735000,2260263000,436933000,0,317725000,0,120241000,0,None,None,None,None,None,None,None,None,None,None,None,None,None,None,None,38000000,USD,-19128000,0,-535016000,1498000,-1279000,879808000,770296000,-25090000,71730000,57263000,-287529000,None,10279000,-3776000,113096000,0,0,-373217000,124139000,None,None,None,23.85,27.8
11,2017-09-30,USD,0,34998000,9573000,0,614000,12862000,0,0,7803000,0,22738000,None,17963000,8175000,1194000,None,None,None,0,0,0,-5467000,0,0,10354000,12862000,None,USD,2432189000,65992000,None,692586000,2067598000,364591000,0,2012891000,315504000,49087000,27835000,7300000,195122000,0,0,844000,844000,-620000,129233000,0,None,364591000,0,None,26872000,694817000,2012891000,364591000,0,315504000,0,49707000,0,None,None,None,None,None,None,None,None,None,None,None,None,None,None,None,39000000,USD,-1386000,0,-354389000,50000,-35301000,633516000,522924000,-5168000,12862000,53534000,-256228000,None,0,-2580000,113096000,0,0,-84405000,71420000,None,None,None,23.45,23.85
12,2017-06-30,USD,0,0,7509000,0,-18016000,9795000,0,0,10203000,0,21021000,None,20128000,-4440000,1175000,None,None,None,0,0,0,408000,0,0,-14653000,9795000,None,USD,2198107000,66275000,None,609138000,1960476000,237631000,0,1871721000,200107000,37524000,26582000,7300000,183755000,0,0,10000000,10000000,-517000,125008000,0,None,237631000,0,None,52173000,611278000,1871721000,237631000,0,200107000,0,38041000,0,None,None,None,None,None,None,None,None,None,None,None,None,None,None,None,36000000,USD,-104569000,2796000,-263620000,0,21600000,415460000,381817000,-10953000,9795000,48486000,-182475000,None,0,-1384000,0,0,0,-78979000,63482000,None,None,None,24.2,23.45
13,2017-03-31,USD,0,0,6277000,0,7145000,6112000,0,0,6910000,0,20951000,None,17236000,1499000,4778000,None,None,None,0,0,0,798000,0,0,6112000,6112000,None,USD,1932125000,66184000,None,512501000,1705936000,226189000,0,1639143000,197948000,28241000,26220000,7200000,170558000,0,0,13100000,13100000,-697000,101398000,0,None,226189000,0,None,27473000,514207000,1639143000,226189000,0,197948000,0,28938000,0,None,None,None,None,None,None,None,None,None,None,None,None,None,None,None,36000000,USD,-87885000,-1951000,-133128000,0,12730000,161704000,149239000,-191000,6112000,-79121000,-107697000,None,0,-692000,0,0,0,-114640000,37660000,None,None,None,21.65,24.2
14,2016-12-31,USD,127675000,91436000,8366000,127675000,-28229000,5480000,0,0,2491000,0,18938000,None,14878000,11328000,10692000,None,None,None,0,3648000,0,882000,-19032000,0,-3419000,5480000,None,USD,1755261000,51994000,None,398778000,1532414000,222847000,0,1485076000,199981000,22866000,19495000,0,160059000,236708000,1485076000,27843000,27843000,-652000,64661000,644384000,73744000,222847000,7250000,None,27843000,395926000,1485076000,222847000,0,199981000,0,23518000,0,None,None,None,None,None,None,None,None,None,None,None,None,None,None,None,35000000,USD,-15282000,0,-320069000,1221000,-532000,677420000,680288000,-7702000,5480000,135401000,-221950000,None,4260000,-2737000,0,0,0,-232281000,10889000,None,None,None,18.5,21.65
15,2016-09-30,USD,0,0,7737000,0,52021000,3479000,0,0,6039000,50000,19140000,None,13025000,-1408000,446000,None,None,None,0,0,0,2561000,0,0,31133000,3479000,None,USD,1669740000,49729000,None,None,1455588000,214152000,0,1403017000,195299000,18853000,24497000,0,146798000,0,0,13100000,13100000,130000,60646000,0,None,214152000,0,None,28074000,347512000,1403017000,214152000,0,195299000,0,18723000,0,None,None,None,None,None,None,None,None,None,None,None,None,None,None,None,35000000,USD,-77277000,2174000,-168684000,680000,-99000,596023000,598229000,-832000,3479000,179979000,-174461000,None,0,-2052000,0,0,0,-10634000,1194000,None,None,None,14.42,18.5
16,2016-06-30,USD,0,0,6938000,0,-32030000,123000,0,0,680000,-75000,17000000,None,7768000,-2279000,800000,None,None,None,0,0,0,557000,0,0,-18641000,123000,None,USD,1395304000,48454000,None,None,1187954000,207325000,0,1140797000,191196000,16129000,18984000,0,139849000,0,0,13100000,13100000,201000,61064000,0,None,207325000,0,None,28173000,332177000,1140797000,207350000,0,191196000,0,15928000,0,None,None,None,None,None,None,None,None,None,None,None,None,None,None,None,35000000,USD,-99332000,624000,-91235000,91000,-98000,334546000,336009000,-2894000,123000,-51050000,-170412000,None,0,-1368000,0,0,0,-75482000,433000,None,None,None,14.11,14.42
17,2016-03-31,USD,0,0,4118000,0,8238000,4691000,0,0,7997000,25000,14737000,None,13906000,1433000,2685000,None,None,None,0,0,0,3314000,0,0,4691000,4691000,None,USD,1268541000,47377000,None,None,1064108000,204408000,0,1015465000,188214000,16194000,20372000,0,125816000,0,0,None,None,47000,61839000,0,None,204408000,0,None,28271000,540313000,1015465000,0,0,0,0,0,0,None,None,None,None,None,None,None,None,None,None,None,None,None,None,None,35000000,USD,8439000,-146000,8240000,52000,-104000,209595000,210677000,-2631000,4691000,123949000,-93886000,None,0,-1026000,0,0,0,-97033000,251000,None,None,None,15.0,14.11
18,2015-12-31,USD,106111000,71201000,3775000,106111000,0,5715000,0,0,9237000,33000,15069000,None,14839000,7346000,2308000,None,None,None,0,3648000,0,3523000,-514000,0,20601000,5715000,None,USD,1052622000,44230000,None,482819000,853134000,199455000,0,804788000,187507000,11948000,19971000,0,121273000,100407000,804788000,28375000,28375000,-192000,62653000,596142000,55262000,199455000,10250000,None,28375000,483285000,804788000,0,0,0,0,0,0,None,None,None,None,None,None,None,None,None,None,None,None,None,None,None,32000000,USD,4699000,0,59576000,535000,-19574000,347812000,282708000,1953000,5715000,72705000,-334683000,None,3435000,-2732000,87171000,0,0,-360696000,30452000,None,None,None,14.2,15.0
19,2015-09-30,USD,0,0,3604000,0,0,2902000,0,0,5127000,0,11294000,None,10999000,0,2392000,None,None,None,0,0,0,2228000,0,0,0,2902000,None,USD,1012766000,40590000,None,None,818670000,194062000,0,None,186867000,7195000,13963000,0,112926000,0,0,None,None,None,62641000,0,None,None,0,None,42079000,443919000,762628000,194096000,194096000,194096000,194096000,194096000,-194096000,None,None,None,None,None,None,None,None,None,None,None,None,None,None,None,34000000,USD,None,None,45798000,352000,None,319842000,240548000,None,2902000,None,-265661000,None,0,-2222000,87171000,0,0,None,29295000,None,None,None,19.64,14.2
