,fiscalDateEnding,reportedCurrency_x,totalRevenue,totalOperatingExpense,costOfRevenue,grossProfit,ebit,netIncome_x,researchAndDevelopment,effectOfAccountingCharges,incomeBeforeTax,minorityInterest,sellingGeneralAdministrative,otherNonOperatingIncome,operatingIncome,otherOperatingExpense,interestExpense,taxProvision,interestIncome,netInterestIncome,extraordinaryItems,nonRecurring,otherItems,incomeTaxExpense,totalOtherIncomeExpense,discontinuedOperations,netIncomeFromContinuingOperations,netIncomeApplicableToCommonShares,preferredStockAndOtherAdjustments,reportedCurrency_y,totalAssets,intangibleAssets,earningAssets,otherCurrentAssets,totalLiabilities,totalShareholderEquity,deferredLongTermLiabilities,otherCurrentLiabilities,commonStock,retainedEarnings,otherLiabilities,goodwill,otherAssets,cash,totalCurrentLiabilities,shortTermDebt,currentLongTermDebt,otherShareholderEquity,propertyPlantEquipment,totalCurrentAssets,longTermInvestments,netTangibleAssets,shortTermInvestments,netReceivables,longTermDebt,inventory,accountsPayable,totalPermanentEquity,additionalPaidInCapital,commonStockTotalEquity,preferredStockTotalEquity,retainedEarningsTotalEquity,treasuryStock,accumulatedAmortization,otherNonCurrrentAssets,deferredLongTermAssetCharges,totalNonCurrentAssets,capitalLeaseObligations,totalLongTermDebt,otherNonCurrentLiabilities,totalNonCurrentLiabilities,negativeGoodwill,warrants,preferredStockRedeemable,capitalSurplus,liabilitiesAndShareholderEquity,cashAndShortTermInvestments,accumulatedDepreciation,commonStockSharesOutstanding,reportedCurrency,investments,changeInLiabilities,cashflowFromInvestment,otherCashflowFromInvestment,netBorrowings,cashflowFromFinancing,otherCashflowFromFinancing,changeInOperatingActivities,netIncome_y,changeInCash,operatingCashflow,otherOperatingCashflow,depreciation,dividendPayout,stockSaleAndPurchase,changeInInventory,changeInAccountReceivables,changeInNetIncome,capitalExpenditures,changeInReceivables,changeInExchangeRate,changeInCashAndCashEquivalents,clossingVal,nextClossingVal
0,2020-06-30,USD,185768000,137458000,84747000,185768000,48706000,47010000,None,None,62356000,None,50606000,396000,48310000,86852000,1073000,15346000,14723000,13650000,None,None,None,15346000,396000,None,47010000,47010000,None,USD,1790284000,197847000,None,13145000,300897000,1489387000,18618000,12418000,532000,1455907000,18626000,160766000,1041706000,172532000,150586000,33144000,33144000,None,124066000,222619000,1039912000,1130774000,14691000,22251000,91202000,None,105024000,None,None,532000,None,1455907000,-243382000,None,45074000,None,1567665000,45192000,91202000,40491000,150311000,None,None,None,276330000,1790284000,187223000,None,47306000,USD,2536000,15215000,-78699000,-75091000,-8286000,-16595000,None,5337000,47010000,40039000,135333000,6890000,2105000,None,-8309000,None,None,2278000,6144000,61835000,None,40039000,90.53,
1,2020-03-31,USD,221655000,140859000,86496000,221655000,81012000,71385000,None,None,94176000,None,52258000,216000,80796000,88601000,1546000,22791000,14710000,13164000,None,None,None,22791000,216000,None,71385000,71385000,None,USD,1731602000,199952000,None,14696000,283594000,1448008000,18840000,11924000,532000,1408897000,18851000,160766000,966666000,132493000,133084000,33144000,33144000,None,121349000,248324000,964912000,1087290000,17049000,84086000,99488000,None,88016000,None,None,532000,None,1408897000,-235071000,None,36299000,None,1483278000,35922000,99488000,32182000,150510000,None,None,None,273650000,1731602000,149542000,None,47413000,USD,4263000,29103000,-1878000,-56000,-8286000,-73920000,None,-226000,71385000,9921000,85719000,6944000,2105000,None,-65634000,None,-28451000,4633000,6085000,-28451000,None,9921000,76.285,90.53
2,2019-12-31,USD,213247000,131275000,85085000,213247000,82315000,76669000,None,None,94244000,None,44425000,343000,81972000,86850000,2943000,17575000,14872000,11929000,None,None,None,17575000,343000,None,76669000,76669000,None,USD,1690289000,202057000,None,8035000,246856000,1443433000,18320000,3104000,531000,1341344000,18333000,160766000,971618000,122572000,95230000,33144000,33144000,None,119734000,208344000,969912000,1080610000,21601000,56136000,107774000,None,58982000,None,None,531000,None,1341344000,-169365000,None,29476000,None,1481945000,28603000,107774000,25532000,151626000,None,None,None,270923000,1690289000,144173000,None,48105000,USD,-7483000,-5079000,25235000,39931000,-115474000,-133882000,-2385000,-315000,76669000,2563000,111210000,431000,2179000,None,-18408000,None,34619000,2391000,7213000,34619000,None,2563000,95.79,76.285
3,2019-09-30,USD,193289000,133555000,80480000,193289000,59989000,58151000,None,None,73322000,None,50896000,255000,59734000,82659000,2875000,15171000,16208000,13333000,None,None,None,15171000,255000,None,58151000,58151000,None,USD,1760672000,204236000,None,11255000,378842000,1381830000,18310000,11910000,530000,1264675000,18326000,160871000,1011575000,120009000,124016000,45332000,45332000,-782000,118637000,237544000,1009912000,1016723000,14152000,92128000,211060000,None,66774000,None,None,530000,None,1264675000,-150872000,None,29472000,None,1523128000,28149000,211060000,25456000,254826000,None,None,None,268279000,1760672000,134161000,None,48303000,USD,137000,13186000,54652000,60037000,82000,-6543000,-2385000,8689000,58151000,53908000,5799000,4221000,2179000,None,-6625000,None,-74909000,2971000,5522000,-74909000,None,53908000,98.2,95.79
4,2019-06-30,USD,174820000,123826000,76827000,174820000,53662000,51112000,None,None,65237000,None,44942000,2668000,50994000,78884000,2907000,14125000,14482000,11575000,None,None,None,14125000,2790000,None,51112000,51112000,None,USD,1677522000,206415000,None,11328000,349715000,1327807000,17752000,12274000,530000,1206524000,17752000,160871000,1071665000,66101000,113266000,48422000,48422000,-724000,116772000,108717000,1069912000,960521000,14205000,17083000,207888000,None,52570000,None,None,530000,None,1206524000,-143919000,None,14835000,None,1568805000,13041000,207888000,10809000,236449000,None,None,None,265396000,1677522000,80306000,None,48351000,USD,145000,-22836000,-144910000,-139985000,7809000,9246000,-2385000,2213000,51112000,-22666000,112998000,44933000,-2235000,None,1437000,None,65778000,968000,5070000,41056000,None,-22666000,117.02,98.2
5,2019-03-31,USD,197287000,124856000,434000,197287000,73550000,73243000,None,None,84699000,None,46950000,1119000,72431000,77906000,2586000,11456000,12268000,11149000,None,None,None,11456000,-2969000,None,73243000,73243000,None,USD,1619473000,208594000,None,12337000,346600000,1272873000,9427000,7257000,529000,1155412000,None,151228000,2020000,88767000,126002000,48422000,48422000,-560000,116239000,198208000,929998000,913051000,14243000,82861000,199994000,None,70323000,None,None,529000,None,1155412000,-143579000,None,15206000,None,1421265000,13266000,199994000,11177000,220598000,None,None,None,261071000,1619473000,103010000,None,48246000,USD,54980000,15668000,-340852000,-391246000,187765000,171269000,-2385000,None,73243000,-93246000,76337000,-23979000,6100000,None,-16496000,None,-24722000,5305000,4586000,None,None,-93246000,114.51,117.02
6,2018-12-31,USD,177548000,310663000,62682000,390812000,83589000,75531000,0,0,93794000,0,-44905000,3440000,80149000,355568000,575000,None,None,None,0,0,0,18263000,12875000,0,75531000,75531000,None,USD,1324017000,None,None,6963000,110420000,1213597000,6465000,7402000,527000,1082169000,6465000,2941000,900571000,182013000,80518000,36468000,36468000,-453000,111039000,309466000,900093000,1210656000,69002000,51488000,23437000,None,44050000,None,None,527000,None,1082169000,-125452000,None,478000,None,1014551000,None,23437000,None,29902000,None,None,None,256806000,1324017000,251015000,None,48201000,USD,-938000,5111000,-22506000,-17193000,-1643000,-4576000,None,-4926000,75531000,75467000,102549000,-5180000,3890000,None,-2933000,None,18021000,5176000,4375000,18021000,None,75467000,96.14,114.51
7,2018-09-30,USD,155454000,126034000,68786000,155454000,29420000,33761000,0,0,42481000,0,41638000,None,29420000,84396000,558000,None,None,None,0,0,0,8720000,-2549000,0,33761000,33761000,None,USD,1252691000,2941000,None,12988000,114333000,1138358000,4421000,31368000,526000,1006638000,4421000,2941000,883643000,106546000,54936000,6572000,6572000,-652000,110908000,255199000,882900000,1135417000,68754000,66911000,54976000,0,48364000,0,0,526000,0,1006638000,-119982000,None,743000,None,997492000,None,54976000,None,59397000,None,None,None,251828000,1252691000,175300000,None,48134000,USD,7375000,-23254000,-148294000,-12803000,-1643000,-7541000,None,-11645000,33761000,-202961000,-47126000,4344000,3812000,0,-5898000,0,-69501000,-4072000,142866000,-61717000,None,-202961000,112.8,96.14
8,2018-06-30,USD,236818000,76093000,102237000,134581000,58488000,46038000,0,0,59998000,0,76093000,None,58488000,0,57000,None,None,None,0,0,0,13960000,1510000,0,46038000,46038000,None,USD,1399968000,2941000,None,983101000,299668000,1100300000,19218000,139140000,526000,972877000,19218000,2941000,2443000,221632000,223831000,6572000,6572000,-515000,112185000,1281570000,829000,1097359000,76522000,315000,56619000,0,78119000,0,0,526000,0,972877000,-113757000,None,3272000,None,118398000,None,56619000,None,75837000,None,None,None,241169000,1399968000,298154000,None,48257000,USD,14909000,-39017000,-28910000,-156000,-1717000,-1899000,None,-4062000,46038000,-6155000,24654000,1101000,14024000,0,-182000,0,-4226000,6734000,43663000,-4226000,None,-6155000,111.61,112.8
9,2018-03-31,USD,275681000,74562000,111027000,164654000,90092000,73681000,0,0,90727000,0,74562000,None,90092000,0,346000,None,None,None,0,0,0,17046000,635000,0,73681000,73681000,None,USD,1391983000,2941000,None,16994000,340971000,1051012000,19900000,137078000,525000,926683000,21031000,2941000,2783000,315662000,261666000,6670000,6670000,-526000,950156000,435364000,739000,1048071000,91910000,10798000,58274000,0,117918000,0,0,525000,0,926683000,-112726000,None,3522000,None,956619000,None,58274000,1131000,79305000,None,None,None,237056000,1391983000,407572000,None,48217000,USD,-3178000,25373000,-38525000,-174000,-1716000,-12829000,None,6297000,73681000,67654000,119008000,-1368000,13947000,0,-11113000,0,-3558000,10933000,35173000,-3558000,None,67654000,104.92,111.61
10,2017-12-31,USD,271418000,71139000,108933000,162485000,91346000,68256000,0,0,91576000,0,71139000,None,91346000,0,527000,None,None,None,0,0,0,23320000,774000,0,68256000,68256000,None,USD,1303573000,2941000,None,24589000,317622000,985951000,18362000,142193000,523000,854176000,1200000,2941000,6427000,248008000,238135000,6691000,6691000,-724000,922284000,374862000,509000,983010000,89271000,12994000,59925000,0,89251000,0,0,523000,0,854176000,-100694000,None,3486000,None,928711000,None,59925000,1200000,79487000,None,None,None,232670000,1303573000,337279000,None,48125000,USD,-1782000,-44724000,-39980000,-216000,-1703000,-2729000,None,311000,68256000,-7738000,34971000,519000,13761000,0,-1026000,0,-19848000,1412000,37982000,-4253000,None,-7738000,89.53,104.92
11,2017-09-30,USD,236209000,72214000,104303000,131906000,59692000,39304000,0,0,60570000,0,72214000,None,59692000,0,567000,None,None,None,0,0,0,21266000,0,0,39304000,39304000,None,USD,1290930000,2941000,None,24702000,375209000,915721000,27209000,192549000,522000,785920000,1341000,2941000,6544000,255746000,285063000,6680000,6680000,-598000,897540000,386846000,None,912780000,89609000,16789000,61596000,0,85834000,0,0,522000,0,785920000,-99051000,None,3603000,None,904084000,None,61596000,1341000,90146000,None,None,None,228928000,1290930000,345355000,None,48120000,USD,490000,81003000,-25401000,-778000,-1702000,-842000,None,5497000,39304000,110024000,136267000,-1652000,13611000,0,860000,0,15595000,10832000,25113000,-6831000,None,110024000,90.82,89.53
12,2017-06-30,USD,218301000,68183000,95030000,123271000,55088000,39847000,0,0,55332000,0,68183000,None,55088000,0,495000,None,None,None,0,0,0,15485000,0,0,39847000,39847000,None,USD,1168563000,2941000,None,22156000,296349000,872214000,26778000,131524000,522000,746616000,1433000,2941000,7608000,145722000,204868000,6665000,69935000,-608000,888184000,272771000,None,869273000,89414000,15479000,63270000,0,66679000,0,0,522000,0,746616000,-99051000,None,4667000,None,895792000,None,63270000,1433000,91481000,None,None,None,224735000,1168563000,235136000,None,48053000,USD,-7857000,-31133000,-38095000,-1476000,-1702000,930000,None,-3251000,39847000,-13161000,24004000,569000,13589000,0,2632000,0,8764000,6486000,28762000,-5354000,None,-13161000,78.41,90.82
13,2017-03-31,USD,248206000,69004000,102574000,145632000,76628000,55912000,0,0,76050000,0,69004000,None,76628000,0,580000,None,None,None,0,0,0,20138000,0,0,55912000,55912000,None,USD,1155260000,2941000,None,23627000,328737000,826523000,27043000,140475000,519000,706769000,1606000,2941000,7049000,158883000,235145000,6651000,6651000,-522000,870289000,277922000,None,823582000,81557000,13855000,64943000,0,88019000,0,0,519000,0,706769000,-98910000,None,4108000,None,877338000,None,64943000,1606000,93592000,None,None,None,218667000,1155260000,240440000,None,47829000,USD,-18961000,34932000,-48588000,-7898000,-26698000,-33092000,None,-17369000,55912000,27976000,109656000,-2204000,13267000,0,-6394000,0,3410000,11159000,21729000,-3410000,None,27976000,71.61,78.41
14,2016-12-31,USD,244663000,65865000,102100000,142563000,76698000,47979000,0,0,76400000,0,65705000,None,76698000,160000,497000,None,None,None,0,0,0,28421000,-4602000,0,47979000,47979000,None,USD,1092493000,2941000,None,21880000,318807000,773686000,23708000,126620000,515000,650916000,1689000,2941000,6897000,130907000,226794000,31636000,31636000,-910000,855528000,230068000,490000,770745000,62596000,14685000,66616000,0,68538000,0,0,515000,0,650916000,-89394000,None,3956000,None,862425000,None,66616000,1689000,92013000,None,None,None,212559000,1092493000,193503000,None,47559000,USD,-10442000,-47086000,-50001000,-18851000,11303000,16999000,2558000,4553000,47979000,-29167000,3835000,-17588000,12939000,0,3138000,0,-20598000,13055000,20708000,-5464000,None,-29167000,58.45,71.61
15,2016-09-30,USD,210444000,71630000,91748000,118696000,47066000,29244000,0,0,44431000,0,68267000,None,47066000,3363000,344000,None,None,None,0,0,0,15187000,0,0,29244000,29244000,None,USD,1072266000,2941000,None,21713000,355477000,716789000,17321000,174862000,513000,602937000,3512000,2941000,7478000,144471000,266068000,18793000,18793000,-823000,832665000,232123000,None,713848000,49654000,16285000,68276000,0,72413000,0,0,513000,0,602937000,-89341000,None,4537000,None,840143000,300000,68576000,3512000,89409000,None,None,None,203503000,1072266000,194125000,None,47328000,USD,-214000,59533000,-59290000,-17107000,-14696000,-10548000,1886000,4210000,29244000,30589000,100427000,-2137000,11499000,0,2262000,0,14876000,8419000,41969000,-6131000,None,30589000,40.39,58.45
16,2016-06-30,USD,191279000,61932000,84599000,106680000,44748000,27626000,0,0,44883000,0,61932000,None,44748000,0,158000,None,None,None,0,0,0,17257000,0,0,27626000,27626000,None,USD,1004953000,2941000,None,17806000,324670000,680283000,17522000,118085000,511000,573693000,3767000,2941000,10704000,115394000,233106000,31790000,31790000,-678000,794037000,200212000,None,677342000,49440000,17572000,69935000,0,83231000,0,0,511000,0,573693000,-88559000,None,7763000,None,804741000,340000,70275000,3767000,91564000,None,None,None,195316000,1004953000,164834000,None,47133000,USD,32188000,-14455000,-50697000,-17051000,23302000,28752000,1989000,15290000,27626000,-4239000,17706000,-5341000,10778000,0,3461000,0,8745000,4167000,65834000,-5069000,None,-4239000,39.92,40.39
17,2016-03-31,USD,226958000,63613000,94654000,132304000,68691000,43665000,0,0,70410000,0,63613000,None,68691000,0,329000,None,None,None,0,0,0,26745000,0,0,43665000,43665000,None,USD,960703000,2941000,None,20026000,316498000,644205000,17764000,120712000,505000,546067000,4066000,2941000,9515000,111274000,222693000,6788000,6788000,-688000,725091000,226097000,None,641264000,84128000,10669000,71594000,0,95193000,0,0,505000,0,546067000,-88507000,None,6574000,None,734606000,381000,71975000,4066000,93805000,None,None,None,186828000,960703000,195402000,None,46614000,USD,1486000,27852000,-56013000,-7718000,-2327000,-14548000,3495000,-534000,43665000,25757000,96318000,13071000,10467000,0,-15716000,0,3676000,4939000,49781000,-3676000,None,25757000,42.74,39.92
18,2015-12-31,USD,215954000,60392000,92427000,123527000,62550000,38114000,0,0,62030000,0,60392000,None,63135000,0,414000,None,None,None,0,0,0,23916000,-1354000,0,38114000,38114000,None,USD,898430000,2941000,None,20863000,288179000,610251000,21303000,114618000,503000,502402000,4302000,2941000,9602000,98420000,188534000,7322000,6625000,-489000,667483000,221345000,728000,607310000,83364000,18698000,73252000,0,66594000,0,0,503000,0,502402000,-69332000,None,6661000,None,677085000,788000,74040000,4302000,99645000,None,None,None,177167000,898430000,181784000,None,46877000,USD,652000,-42942000,-47943000,-13583000,-1667000,-12088000,293000,-9236000,38114000,-55141000,4890000,-11836000,10315000,0,-10714000,0,-17139000,15245000,35012000,-4006000,None,-55141000,40.12,42.74
19,2015-09-30,USD,193393000,61229000,83180000,110213000,49185000,33342000,0,0,48872000,0,61229000,201000,48984000,0,313000,None,None,None,0,0,0,15530000,0,0,33342000,33342000,None,USD,912611000,2941000,None,21152000,332974000,579637000,14590000,152690000,502000,464288000,3689000,2941000,9747000,142914000,238783000,7218000,None,-454000,639631000,263233000,None,576696000,84016000,15151000,75759000,0,78875000,0,0,502000,0,464288000,-58000000,None,6806000,None,649378000,153000,75912000,3689000,94191000,None,None,None,173301000,912611000,226930000,None,47138000,USD,-483000,46670000,-58286000,0,-1743000,-1590000,-18000,None,33342000,27467000,87343000,-4227000,8973000,0,171000,0,13307000,7927000,57803000,-5342000,None,27467000,37.99,40.12
