,fiscalDateEnding,reportedCurrency_x,totalRevenue,totalOperatingExpense,costOfRevenue,grossProfit,ebit,netIncome_x,researchAndDevelopment,effectOfAccountingCharges,incomeBeforeTax,minorityInterest,sellingGeneralAdministrative,otherNonOperatingIncome,operatingIncome,otherOperatingExpense,interestExpense,taxProvision,interestIncome,netInterestIncome,extraordinaryItems,nonRecurring,otherItems,incomeTaxExpense,totalOtherIncomeExpense,discontinuedOperations,netIncomeFromContinuingOperations,netIncomeApplicableToCommonShares,preferredStockAndOtherAdjustments,reportedCurrency_y,totalAssets,intangibleAssets,earningAssets,otherCurrentAssets,totalLiabilities,totalShareholderEquity,deferredLongTermLiabilities,otherCurrentLiabilities,commonStock,retainedEarnings,otherLiabilities,goodwill,otherAssets,cash,totalCurrentLiabilities,shortTermDebt,currentLongTermDebt,otherShareholderEquity,propertyPlantEquipment,totalCurrentAssets,longTermInvestments,netTangibleAssets,shortTermInvestments,netReceivables,longTermDebt,inventory,accountsPayable,totalPermanentEquity,additionalPaidInCapital,commonStockTotalEquity,preferredStockTotalEquity,retainedEarningsTotalEquity,treasuryStock,accumulatedAmortization,otherNonCurrrentAssets,deferredLongTermAssetCharges,totalNonCurrentAssets,capitalLeaseObligations,totalLongTermDebt,otherNonCurrentLiabilities,totalNonCurrentLiabilities,negativeGoodwill,warrants,preferredStockRedeemable,capitalSurplus,liabilitiesAndShareholderEquity,cashAndShortTermInvestments,accumulatedDepreciation,commonStockSharesOutstanding,reportedCurrency,investments,changeInLiabilities,cashflowFromInvestment,otherCashflowFromInvestment,netBorrowings,cashflowFromFinancing,otherCashflowFromFinancing,changeInOperatingActivities,netIncome_y,changeInCash,operatingCashflow,otherOperatingCashflow,depreciation,dividendPayout,stockSaleAndPurchase,changeInInventory,changeInAccountReceivables,changeInNetIncome,capitalExpenditures,changeInReceivables,changeInExchangeRate,changeInCashAndCashEquivalents,clossingVal,nextClossingVal
0,2020-06-30,USD,5646000,None,None,None,None,1353000,None,None,1586000,None,2550000,None,None,271000.0,1106000.0,233000,6144000,5038000,None,None,None,233000,None,None,1353000,1353000,None,USD,677804000,None,None,None,593296000,84508000,None,None,68000,63521000,10155000.0,None,526219000.0,78864000,None,None,None,662000,9188000,None,72889000,84508000,72889000,3221000,32350000.0,None,None,None,None,None,None,None,None,None,None,None,None,None,None,None,None,None,None,None,None,None,None,None,None,USD,-15404000,0,-15404000,542000.0,-2300000,47117000,50182000,522000,1353000,33325000,1612000,None,210000,-254000,-511000,None,-1001000,408000,0,None,None,None,12.25,
1,2020-03-31,USD,5351000,3998000,None,4851000,853000,731000,None,None,853000,None,2799000,None,853000,343000.0,1395000.0,122000,6291000,4896000,None,None,None,122000,None,None,731000,731000,None,USD,628326000,None,110794000,None,544495000,83831000,None,501199000,68000,62422000,8362000.0,None,511932000.0,45539000,535849000,34650000,None,601000,9458000,120926000,71112000,83831000,71112000,2220000,34650000.0,None,None,None,None,68000,None,62422000,-10365000,None,24588000,None,507400000,None,34650000,8646000,8646000,None,None,None,31105000,628326000,118706000,None,5918269,USD,-2319000,0,-2319000,542000.0,-2300000,16183000,16819000,-378000,731000,15250000,1386000,81000,210000,-259000,-377000,None,-67000,752000,253000,-67000,None,15250000,10.5,12.25
2,2019-12-31,USD,5584000,4051000,None,5409000,1358000,1172000,None,None,1358000,None,2851000,None,1358000,455000.0,1438000.0,186000,6334000,4896000,None,None,None,186000,None,None,1172000,1172000,None,USD,610869000,None,95661000,None,528029000,82840000,None,483476000,68000,61950000,8231000.0,None,509101000.0,30289000,518126000,34650000,None,-72000,10191000,105698000,71201000,82840000,71201000,2153000,34650000.0,None,483476000,None,None,68000,None,61950000,-10184000,None,24940000,None,505171000,None,34650000,9903000,9903000,None,None,None,31078000,610869000,103545000,None,5924339,USD,-4848000,0,-4848000,81000.0,-2300000,13058000,13699000,-340000,1172000,9731000,1521000,-228000,209000,-260000,-381000,None,83000,235000,303000,83000,None,9731000,15.3,10.5
3,2019-09-30,USD,5622000,3919000,None,5322000,1403000,1212000,None,None,1403000,None,2684000,None,1403000,364000.0,1366000.0,191000,6319000,4953000,None,None,None,191000,-1000,None,1212000,1212000,None,USD,596815000,None,87868000,2236000,514356000,82459000,None,471275000,68000,61038000,6688000.0,None,502174000.0,20558000,505925000,34650000,2200000,113000,10129000,99942000,75093000,82459000,75093000,2236000,34650000.0,770000,471275000,None,None,68000,None,61038000,-9802000,None,24559000,None,496873000,None,34650000,8431000,8431000,None,None,None,31042000,596815000,97706000,None,5949673,USD,-20147000,0,-20147000,-225000.0,5000000,16653000,12382000,422000,1212000,-1219000,2275000,-78000,203000,-480000,-255000,None,-108000,406000,169000,-108000,None,-1219000,14.55,15.3
4,2019-06-30,USD,5229000,3947000,0,4879000,932000,805000,0,0,932000,0,2761000,0,932000,325000.0,1269000.0,127000,5952000,4683000,0,0,0,127000,-34000,0,805000,805000,0,USD,578052000,0,93676000,2128000,496388000,81664000,0,457472000,68000,60306000,7495000.0,0,479277000.0,8655000,487122000,29650000,8000000,-158000,9358000,104125000,78390000,81664000,78390000,2128000,21650000.0,752000,457472000,0,0,68000,0,60306000,-9547000,0,24394000,0,473927000,0,21650000,9266000,9266000,0,0,0,30995000,578052000,101997000,0,5957890,USD,-32955000,140000,-32955000,-39397000.0,5000000,21889000,17826000,15000,805000,-9329000,1737000,-15000,199000,-265000,-672000,0,-2000,441000,252000,-2000,0,-9329000,14.95,14.55
5,2019-03-31,USD,5052000,4003000,0,5052000,1049000,898000,0,0,1049000,0,4003000,0,1049000,287000.0,1124000.0,151000,5662000,4538000,0,0,0,151000,-36000,0,898000,898000,0,USD,554497000,0,110149000,2126000,473435000,81062000,0,440540000,68000,59766000,6574000.0,0,440839000.0,32651000,465190000,24650000,0,-860000,9305000,119642000,401047000,81062000,84865000,2126000,24650000.0,739000,440540000,0,0,68000,0,59766000,-8867000,0,24503000,0,434855000,0,24650000,8245000,8245000,0,0,0,30955000,554497000,117516000,0,6002550,USD,-6694000,-561000,-6780000,-285000.0,5000000,6832000,7210000,-880000,898000,355000,303000,-213000,352000,-267000,-111000,0,-213000,40000,86000,-213000,0,355000,15.8,14.95
6,2018-12-31,USD,5183000,4056000,6882601.48,5183000,1127000,1000000,0,0,1127000,0,4056000,0,1127000,424000.0,6407283.68,None,None,None,0,0,0,127000,-35000,0,1000000,1000000,0,USD,545708000,0,None,4703000,465904000,79804000,0,432458000,68000,59145000,7999000.0,0,432011000.0,32296000,457108000,24650000,6250000,-1520000,9417000,120402000,392471000,79804000,86193000,1913000,18400000.0,678000,432458000,0,0,68000,0,59145000,-8805000,0,23418000,0,425306000,0,24650000,8796000,8796000,0,0,0,30916000,545708000,118489000,0,6004664,USD,-6828000,486000,-6797000,260000.0,5000000,-2796000,-1934000,402000,1000000,-7318000,2275000,14000,365000,-194000,-668000,0,0,279000,229000,131000,0,-7318000,15.06,15.8
7,2018-09-30,USD,5039000,3837000,8621387.07,5039000,1202000,1058000,0,0,1202000,0,3837000,0,1202000,331000.0,7623541.4,None,None,None,0,0,0,144000,-40000,0,1058000,1058000,0,USD,546153000,0,None,2044000,467352000,78801000,0,435901000,68000,58339000,6801000.0,0,426955000.0,39614000,460551000,24650000,0,-2339000,9383000,124805000,388437000,78801000,83147000,2044000,24650000.0,1710000,435901000,0,0,68000,0,58339000,-8137000,0,23528000,0,421348000,0,0,6801000,6801000,0,0,0,30870000,546153000,122761000,0,6046819,USD,-6459000,375000,-8419000,-1750000.0,5000000,1751000,2187000,171000,1058000,-5054000,1614000,-135000,361000,-228000,-208000,79827.65,0,171000,210000,-216000,0,-5054000,16.5,15.06
8,2018-06-30,USD,4949000,3782000,3686275.12,4949000,1167000,1006000,0,0,1167000,0,3782000,None,1167000,338000.0,3251483.67,None,None,None,0,0,0,161000,-36000,0,1006000,1006000,None,USD,543319000,0,None,1828000,464790000,78529000,0,432311000,68000,57509000,7829000.0,0,418850000.0,44668000,456961000,24650000,93196595.65,-1946000,9368000,131422000,382319000,78529000,84926000,1828000,24650000.0,479000,432311000,0,0,68000,0,57509000,-7921000,None,20210000,None,411897000,None,None,7829000,7829000,None,None,None,30819000,543319000,129594000,None,6059714,USD,-18550000,46000,-18779000,86000.0,-2300000,12617000,15388000,57000,1006000,-4415000,1747000,29000,372000,-228000,-243000,22684.78,0,175000,229000,119000,None,-4415000,17.15,16.5
9,2018-03-31,USD,4847000,3758000,1046869.23,4847000,1089000,936000,0,0,1089000,0,3758000,None,1089000,367818.92,954606.96,None,None,None,0,0,0,153000,-46746.22,0,936000,936000,None,USD,530084000,0,None,2395128.55,451891000,78193000,0,417752000,68000,56731000,8843646.2,0,501407307.17,49169000,444702000,26950000,33152909.34,-1693000,9327000,129545000,371166000,78193000,78429000,1947000,33152909.34,514208.39,513903309.14,0,0,68000,0,56731000,-7679000,None,20046000,None,400539000,None,None,7189000,7189000,None,None,None,30766000,530084000,127598000,None,6073970,USD,-4942000,-744000,-5092000,105794.07,-2829376.31,11239000,11798000,-1021035.80,936000,6625000,478000,-24000,335000,-230000,-329000,2460.33,0,121000,150000,-146000,None,6625000,16.78,17.15
10,2017-12-31,USD,4729000,3668000,801000,4729000,1061000,580000,0,0,1061000,0,3668000,None,1061000,775000.0,1948000.0,None,None,None,0,0,0,481000,-149000,0,580000,580000,None,USD,518977000,0,None,4539000,440602000,78375000,0,405153000,68000,56181000,8499000.0,0,103193000.0,42544000,432103000,26950000,3800000,-1284000,9373000,124766000,365063000,78375000,80421000,1801000,26950000.0,435000,405153000,0,0,68000,0,56181000,-7309000,None,19775000,None,394211000,None,None,8499000,8499000,None,None,None,30719000,518977000,122965000,None,6098323,USD,-10726000,480000,-10581000,331000.0,8000000,5342000,5522000,85000,580000,-3460000,1779000,-138000,423000,-184000,4000,14000,0,401000,186000,33000,None,-3460000,17.15,16.78
11,2017-09-30,USD,4807000,3613000,757000,4807000,1194000,940000,0,0,1194000,0,3613000,None,1194000,1293000.0,65000.0,None,None,None,0,0,0,254000,0,0,940000,940000,None,USD,512761000,0,None,1834000,434600000,78161000,0,400923000,68000,55785000,6727000.0,0,96076000.0,46004000,427873000,26950000,26950000,-1050000,9391000,120946000,362408000,78161000,73108000,1834000,26950000.0,513000,400923000,0,0,68000,0,55785000,-7309000,None,20016000,None,391815000,None,None,6727000,6727000,None,None,None,30667000,512761000,119112000,None,6097818,USD,3640000,180000,3313000,0.0,-2300000,6663000,6906000,145000,940000,11405000,1429000,31000,372000,-186000,-57000,10000,0,109000,327000,-203000,None,11405000,16.0,17.15
12,2017-06-30,USD,4939000,3502000,642000,4939000,1437000,1142000,0,0,1437000,0,3502000,None,1437000,-1103000.0,27000.0,None,None,None,0,0,0,295000,0,0,1142000,1142000,None,USD,504922000,0,None,1631000,427514000,77408000,0,392680000,68000,55031000,7884000.0,0,98423000.0,34683000,419630000,26950000,26950000,-1066000,9271000,112133000,364018000,77408000,75819000,1631000,26950000.0,242000,392680000,0,0,68000,0,55031000,-7244000,None,19500000,None,392789000,None,None,7884000,7884000,None,None,None,30619000,504922000,110502000,None,6102322,USD,-11696000,-418000,-12558000,0.0,8000000,10267000,2666000,-287000,1142000,-917000,1374000,189000,405000,-187000,-212000,9000,0,-113000,862000,169000,None,-917000,15.75,16.0
13,2017-03-31,USD,4448000,3577000,940000,4448000,871000,716000,0,0,871000,0,3577000,None,871000,350000.0,590000.0,None,None,None,0,0,0,155000,0,0,716000,716000,None,USD,493867000,0,None,1800000,417266000,76601000,0,390810000,68000,54076000,7506000.0,0,105917000.0,35225000,409760000,18950000,18950000,-1082000,8625000,120655000,345032000,76601000,83630000,1800000,18950000.0,408000,390810000,0,0,68000,0,54076000,-7032000,None,19555000,None,373212000,None,None,7506000,7506000,None,None,None,30571000,493867000,118855000,None,6115822,USD,-16531000,139000,-16636000,0.0,8000000,3797000,3983000,-116000,716000,-11594000,1245000,-155000,384000,-186000,0,7000,0,361000,105000,-200000,None,-11594000,15.58,15.75
14,2016-12-31,USD,3622000,3566000,1387000,3622000,56000,140000,0,0,56000,0,3566000,None,56000,1224000.0,1729000.0,None,None,None,0,0,0,-84000,-198000,0,140000,140000,None,USD,489174000,0,None,3990000,413144000,76030000,0,385893000,68000,53546000,8301000.0,0,108171000.0,46819000,404843000,18950000,1700000,-816000,8747000,134754000,326365000,76030000,86335000,1600000,18950000.0,412000,385893000,0,0,68000,0,53546000,-7300000,None,19308000,None,354420000,None,None,8301000,8301000,None,None,None,30532000,489174000,133154000,None,6088674,USD,-4134000,-409000,-6243000,-1881000.0,-2200000,12494000,12763000,-345000,140000,7000000,749000,-81000,418000,-161000,-108000,121000,48000,549000,228000,132000,None,7000000,16.2673,15.58
15,2016-09-30,USD,4365000,3420000,690000,4365000,945000,757000,0,0,945000,0,3420000,None,945000,0.0,-5000.0,None,None,None,0,0,0,188000,0,0,757000,757000,None,USD,478431000,0,None,None,401105000,77326000,0,374466000,68000,53567000,7689000.0,0,110043000.0,39819000,393416000,18950000,None,334000,8738000,132598000,320421000,77326000,91047000,1732000,18950000.0,750000,374466000,0,0,68000,0,53567000,-7167000,None,16674000,None,345833000,None,None,7689000,7689000,None,None,None,30524000,478431000,130866000,None,6097756,USD,-2337000,109000,-2426000,0.0,None,-1802000,-1693000,None,757000,-2719000,1509000,234000,413000,-414000,305000,117000,0,165000,89000,-169000,None,-2719000,13.5297,16.2673
16,2016-06-30,USD,4325000,3491000,625000,4325000,834000,664000,0,0,834000,0,3491000,None,834000,0.0,-17000.0,None,None,None,0,0,0,170000,0,0,664000,664000,None,USD,479980000,0,None,None,402935000,77045000,0,374844000,68000,53224000,9141000.0,0,113933000.0,42538000,393794000,18950000,None,722000,8865000,139122000,315218000,77045000,95021000,1563000,18950000.0,766000,374844000,0,0,68000,0,53224000,-7100000,None,16775000,None,340858000,None,None,9141000,9141000,None,None,None,30131000,479980000,137559000,None,6070421,USD,-10676000,-125000,-10736000,0.0,None,4548000,4430000,None,664000,-5032000,1156000,-21000,389000,-156000,274000,61000,85000,91000,60000,158000,None,-5032000,13.03,13.5297
17,2016-03-31,USD,5857000,3402000,717000,5857000,2455000,1954000,0,0,2455000,0,3402000,None,2455000,0.0,587000.0,None,None,None,0,0,0,501000,0,0,1954000,1954000,None,USD,474289000,0,None,None,398461000,75828000,0,371180000,68000,52716000,8331000.0,0,116642000.0,47585000,390130000,18950000,None,326000,9019000,146927000,301690000,75828000,97621000,1721000,18950000.0,708000,371180000,0,0,68000,0,52716000,-6983000,None,16653000,None,327362000,None,None,8331000,8331000,None,None,None,29701000,474289000,145206000,None,6040434,USD,12243000,81000,12152000,0.0,-2200000,-1029000,1136000,None,1954000,12003000,880000,6000,394000,-157000,192000,15000,0,-1482000,91000,-73000,None,12003000,13.29,13.03
18,2015-12-31,USD,4198000,3250000,753000,4198000,948000,834000,0,0,948000,0,3250000,None,948000,1033000.0,2095000.0,None,None,None,0,0,0,114000,-288000,0,834000,834000,None,USD,473385000,0,None,3820000,399509000,73876000,0,369155000,67000,50919000,9204000.0,0,132201000.0,35681000,390305000,21150000,2200000,557000,9144000,150542000,297101000,73876000,113213000,1648000,21150000.0,712000,369155000,0,0,67000,0,50919000,-7026000,None,16598000,None,322843000,None,None,9204000,9204000,None,None,None,29359000,473385000,148894000,None,6003416,USD,-879000,-329000,-227000,849000.0,2200000,998000,-1324000,-531000,834000,1639000,868000,-630000,400000,-152000,274000,97000,68000,439000,197000,154000,None,1639000,13.4,13.29
19,2015-09-30,USD,4763000,3264000,692000,4763000,1499000,1236000,0,0,1499000,0,3264000,None,1499000,0.0,-54000.0,None,None,None,0,0,0,263000,0,0,1236000,1236000,None,USD,472297000,0,None,None,398952000,73345000,0,371870000,67000,50237000,8132000.0,0,135594000.0,33943000,390820000,18950000,None,966000,9156000,152551000,294615000,73345000,116806000,1802000,18950000.0,344000,371870000,0,0,67000,0,50237000,-6816000,None,15975000,None,319746000,None,None,8132000,8132000,None,None,None,28891000,472297000,150749000,None,5977372,USD,14813000,415000,14698000,0.0,None,-11517000,-11365000,None,1236000,4742000,1561000,-69000,448000,-152000,0,73000,0,-368000,115000,-101000,None,4742000,13.5,13.4
