,fiscalDateEnding,reportedCurrency_x,totalRevenue,totalOperatingExpense,costOfRevenue,grossProfit,ebit,netIncome_x,researchAndDevelopment,effectOfAccountingCharges,incomeBeforeTax,minorityInterest,sellingGeneralAdministrative,otherNonOperatingIncome,operatingIncome,otherOperatingExpense,interestExpense,taxProvision,interestIncome,netInterestIncome,extraordinaryItems,nonRecurring,otherItems,incomeTaxExpense,totalOtherIncomeExpense,discontinuedOperations,netIncomeFromContinuingOperations,netIncomeApplicableToCommonShares,preferredStockAndOtherAdjustments,reportedCurrency_y,totalAssets,intangibleAssets,earningAssets,otherCurrentAssets,totalLiabilities,totalShareholderEquity,deferredLongTermLiabilities,otherCurrentLiabilities,commonStock,retainedEarnings,otherLiabilities,goodwill,otherAssets,cash,totalCurrentLiabilities,shortTermDebt,currentLongTermDebt,otherShareholderEquity,propertyPlantEquipment,totalCurrentAssets,longTermInvestments,netTangibleAssets,shortTermInvestments,netReceivables,longTermDebt,inventory,accountsPayable,totalPermanentEquity,additionalPaidInCapital,commonStockTotalEquity,preferredStockTotalEquity,retainedEarningsTotalEquity,treasuryStock,accumulatedAmortization,otherNonCurrrentAssets,deferredLongTermAssetCharges,totalNonCurrentAssets,capitalLeaseObligations,totalLongTermDebt,otherNonCurrentLiabilities,totalNonCurrentLiabilities,negativeGoodwill,warrants,preferredStockRedeemable,capitalSurplus,liabilitiesAndShareholderEquity,cashAndShortTermInvestments,accumulatedDepreciation,commonStockSharesOutstanding,reportedCurrency,investments,changeInLiabilities,cashflowFromInvestment,otherCashflowFromInvestment,netBorrowings,cashflowFromFinancing,otherCashflowFromFinancing,changeInOperatingActivities,netIncome_y,changeInCash,operatingCashflow,otherOperatingCashflow,depreciation,dividendPayout,stockSaleAndPurchase,changeInInventory,changeInAccountReceivables,changeInNetIncome,capitalExpenditures,changeInReceivables,changeInExchangeRate,changeInCashAndCashEquivalents,clossingVal,nextClossingVal
0,2020-06-30,USD,824349000,137284000,654884000,169465000,32181000,24254000,None,None,31205000,None,123235000,None,32181000,11467000,976000,6951000,None,-976000,None,2582000,None,6951000,-1747000,None,24254000,24254000,None,USD,1272110000,None,None,41564000,562837000,649121000,54615000,146372000,682000,2012173000,87563000,40071000,52100000,245471000,473460000,None,73753000,-7145000,284794000,840352000,None,669202000,36274000,517043000,60152000,None,327088000,None,None,682000,None,2012173000,-1581921000,None,106893000,None,431758000,None,None,34762000,89377000,None,None,None,225332000,1272110000,281745000,None,None,USD,-618000,9914000,-12812000,-317000,-11503000,-18849000,-286000,-24672000,24254000,67508000,99169000,-34796000,11530000,-7099000,39000,None,None,10035000,11877000,78232000,739000,68247000,112.31,
1,2020-03-31,USD,928733000,140514000,734214000,194519000,54005000,40895000,None,None,53053000,None,129009000,None,54005000,11505000,952000,12158000,None,-952000,None,None,None,12158000,1167000,None,40895000,40895000,None,USD,1236433000,None,None,7624000,547361000,627095000,49074000,141883000,682000,1995018000,80633000,37182000,55790000,177224000,464831000,75946000,75946000,-11693000,276663000,816156000,None,651890000,33627000,597681000,61977000,None,322948000,None,None,682000,None,1995018000,-1581885000,None,106432000,None,420277000,None,61977000,33456000,82530000,None,None,None,224973000,1236433000,210851000,None,39000000,USD,-867000,10705000,-4454000,2212000,-28799000,-233463000,-2994000,20513000,40895000,-138701000,99216000,9987000,11568000,-86283000,-115387000,None,None,4692000,5799000,21369000,-3590000,-142291000,95.86,112.31
2,2019-12-31,USD,996184000,142766000,786899000,209285000,66519000,50048000,None,None,65656000,None,131343000,None,66519000,11423000,863000,15608000,None,-863000,None,None,None,15608000,1305000,None,50048000,50048000,None,USD,1427711000,None,None,21370000,636030000,721469000,49551000,147545000,681000,1962161000,81091000,38508000,53298000,319515000,552904000,96510000,96510000,-2212000,285855000,997888000,49417000,753173000,32901000,624102000,70212000,None,405359000,None,None,681000,None,1962161000,-1465284000,None,105460000,None,429823000,None,70212000,33575000,83126000,None,None,None,226123000,1427711000,352416000,None,40000000,USD,-638000,-21393000,-4616000,239000,-1241000,-8123000,-7000,1787000,50048000,34387000,47126000,9734000,11486000,-7302000,427000,None,-3192000,443000,4217000,-3192000,694000,35081000,113.87,95.86
3,2019-09-30,USD,1012973000,143846000,798489000,214484000,70638000,53255000,None,None,69874000,None,133151000,None,70638000,10695000,764000,16619000,None,-764000,None,None,None,16619000,1315000,None,53255000,53255000,None,USD,1385731000,None,None,30921000,568366000,755975000,51586000,136517000,681000,1998362000,82507000,38232000,66795000,284434000,483756000,84000000,84000000,-3721000,270430000,970750000,36741000,779133000,31596000,623799000,61390000,None,347239000,None,None,681000,None,1998362000,-1465284000,None,106319000,None,414981000,None,61390000,33024000,84610000,None,None,None,225937000,1385731000,316030000,None,40000000,USD,-895000,10186000,-6468000,402000,-9478000,-35384000,-11000,11992000,53255000,34786000,76638000,1679000,10759000,-7332000,-18563000,None,-5213000,5972000,5975000,-5213000,-564000,34222000,112.58,113.87
4,2019-06-30,USD,1046323000,149815000,815657000,230666000,80851000,61100000,None,None,80142000,None,138781000,None,80851000,11034000,709000,19042000,None,-709000,None,None,None,19042000,1283000,None,61100000,61100000,None,USD,1348693000,None,None,32619000,620393000,728300000,49554000,96861000,681000,1952439000,78356000,38407000,79629000,250212000,474250000,39194000,82814000,-2945000,269246000,939303000,19179000,689893000,35138000,621334000,65573000,None,338195000,None,None,681000,None,1952439000,-1446425000,None,101737000,None,409390000,65573000,65573000,31016000,146143000,None,None,None,224550000,1348693000,285350000,None,40000000,USD,-499000,4073000,-4058000,1089000,-9562000,-73433000,-515000,-33352000,61100000,-14831000,62660000,-25037000,11097000,-6628000,-56728000,None,5315000,6112000,4648000,5315000,418000,-14413000,107.99,112.58
5,2019-03-31,USD,1034138000,146494000,806748000,227390000,80896000,63317000,None,None,80091000,-17000,135178000,None,80896000,11316000,805000,16791000,None,-805000,None,None,None,16791000,1138000,None,63300000,63317000,None,USD,1350939000,None,None,49262000,622679000,728260000,44413000,108962000,680000,1897967000,73848000,38343000,46577000,264625000,473244000,41184000,82703000,-4326000,276193000,944195000,45042000,728260000,39958000,720901000,75246000,None,323098000,None,None,680000,None,1897967000,-1389612000,None,92208000,None,276193000,75246000,75246000,29776000,149435000,None,None,None,223551000,1350939000,304583000,None,40000000,USD,-968000,-45288000,-3414000,2130000,-25815000,-53625000,-7923000,-2106000,63300000,64377000,121416000,2229000,11379000,-6629000,-13258000,None,84505000,5291000,4576000,84505000,512000,64889000,109.39,107.99
6,2018-12-31,USD,1183413000,168115000,929210000,254203000,86088000,68256000,0,0,85189000,44000,157065000,None,86088000,11050000,899000,None,None,None,11330000,0,0,16889000,-945000,0,68300000,68256000,None,USD,1380564000,38232000,None,54519000,691431000,686824000,40320000,108458000,679000,1841279000,70749000,38232000,43968000,199736000,535818000,43561000,None,-5875000,284032000,971429000,42903000,686824000,40058000,802219000,84864000,None,383799000,None,None,679000,None,1841279000,-1376111000,None,None,None,284032000,84864000,84864000,30429000,155613000,None,None,None,226852000,1380564000,239794000,None,41000000,USD,-428000,2090000,-2374000,476000,4960000,-104260000,-2000,8501000,68300000,-12938000,93696000,6817000,11113000,-6657000,-102561000,None,3366000,2010000,2422000,3366000,-1300000,-14238000,95.67,109.39
7,2018-09-30,USD,1203083000,165723000,950292000,252791000,87068000,66985000,0,0,86252000,-37000,154969000,None,87068000,10754000,816000,None,None,None,0,0,0,19304000,-816000,0,66948000,66985000,None,USD,1390712000,38560000,None,24191000,664502000,723841000,45664000,93312000,679000,1779680000,76439000,38560000,42709000,213974000,515176000,40960000,None,-4569000,268011000,999137000,42295000,685281000,40203000,720769000,72887000,0,380904000,726210000,0,679000,0,1779680000,-1273512000,None,85004000,None,391575000,72887000,72887000,30775000,149326000,None,None,None,221563000,1390712000,254177000,None,41000000,USD,-783000,10985000,-3384000,603000,-15501000,-23047000,-1124000,15783000,66948000,64745000,91176000,6758000,10818000,-6780000,358000,0,-12134000,7801000,3204000,-12134000,588000,65333000,122.0,95.67
8,2018-06-30,USD,1183677000,161772000,938479000,245198000,83426000,62523000,0,0,82587000,-31000,151003000,None,83426000,10769000,839000,None,None,None,0,0,0,20095000,-839000,0,62492000,62523000,None,USD,1308895000,38704000,None,29553000,647962000,657708000,43790000,96650000,678000,1719475000,73995000,38704000,44366000,148641000,508874000,38869000,149327000,-5284000,256096000,928215000,41514000,619004000,40323000,709698000,65093000,0,373355000,660933000,0,678000,0,1719475000,-1273489000,None,85880000,None,380680000,65093000,65093000,30205000,139088000,None,None,None,216328000,1308895000,188964000,None,41000000,USD,-553000,27943000,-206000,654000,-1891000,-112107000,-108000,-22193000,62492000,-71286000,41027000,-20848000,10832000,-6188000,-103920000,0,-51552000,12160000,307000,-51552000,-678000,-71964000,109.2,122.0
9,2018-03-31,USD,1048787000,145977000,827657000,221130000,75153000,57517000,0,0,74353000,-44000,134980000,None,75153000,10997000,800000,None,None,None,0,0,0,16880000,52000,0,57473000,57517000,None,USD,1320273000,39363000,None,9373000,613993000,702742000,37448000,98526000,678000,1663140000,67700000,39363000,126033000,220605000,472943000,39931000,149601000,-3551000,265540000,928700000,42641000,663379000,39014000,659708000,73350000,0,334486000,706280000,0,678000,0,1663140000,-1169458000,None,86670000,None,391573000,73350000,73350000,30252000,141050000,None,None,None,211933000,1320273000,259619000,None,42000000,USD,-701000,-8579000,-2230000,2285000,-17754000,-91265000,-3689000,4859000,57473000,-21493000,72002000,4311000,11060000,-69293000,-529000,0,2901000,4836000,3814000,2901000,-318000,-21811000,109.65,109.2
10,2017-12-31,USD,1052357000,150925000,831383000,220974000,70049000,64752000,0,0,69442000,-69000,140326000,None,70049000,10599000,607000,None,None,None,0,0,0,4759000,-2392000,0,64683000,64752000,None,USD,1352460000,39065000,None,14394000,698583000,650672000,36737000,89453000,677000,1611158000,66878000,39065000,115246000,242416000,548643000,42051000,167355000,-3162000,276011000,961203000,44879000,611607000,48928000,655465000,83062000,0,417139000,0,0,677000,0,1611158000,-1167600000,None,76181000,None,391257000,83062000,83062000,30141000,149940000,None,None,None,209599000,1352460000,291344000,None,42000000,USD,-556000,26719000,-7165000,177000,-2700000,-6757000,-510000,36175000,64683000,-7223000,6699000,6705000,10663000,-4199000,652000,0,-181235000,-10340000,6786000,-91731000,-102000,-7325000,104.1,109.65
11,2017-09-30,USD,944141000,138820000,744754000,199387000,60567000,42443000,0,0,59910000,-23000,128690000,None,60567000,10130000,657000,None,None,None,0,0,0,17490000,0,0,42420000,42443000,None,USD,1263339000,39914000,None,16925000,609366000,650355000,52853000,102707000,677000,1613590000,85657000,39914000,123991000,249741000,446917000,40610000,151255000,-1708000,261465000,877883000,None,610441000,45687000,565530000,76792000,0,303600000,653973000,0,677000,0,1613590000,-1167600000,None,84077000,None,385456000,76792000,76792000,32804000,162449000,None,None,None,205396000,1263339000,295428000,None,42000000,USD,-632000,61661000,-10202000,-7398000,-11537000,-15169000,-6000,21187000,42420000,27094000,52465000,3987000,10192000,-4195000,569000,0,0,792000,2172000,-66587000,545000,27639000,99.65,104.1
12,2017-06-30,USD,871042000,128543000,681481000,189561000,61018000,37510000,0,0,60199000,-18090000,118646000,None,61018000,9897000,819000,None,None,None,0,0,0,22689000,0,0,37510000,37510000,None,USD,1159274000,31134000,None,19291000,549784000,609490000,55239000,91143000,677000,1575342000,85641000,31134000,106383000,222102000,386504000,41356000,41356000,-2339000,259346000,793545000,None,578356000,51167000,500985000,77639000,0,254005000,0,0,677000,0,1575342000,-1167600000,None,75249000,None,365729000,77639000,77639000,30402000,163280000,None,None,None,203410000,1159274000,273269000,None,42000000,USD,-351000,16985000,-873000,1128000,-7237000,-10792000,-26000,-12484000,37510000,6186000,17851000,-12484000,9960000,-3774000,245000,0,0,5224000,1650000,-39344000,448000,6634000,85.6,99.65
13,2017-03-31,USD,781322000,118952000,610036000,171286000,52334000,32383000,0,0,51251000,3618000,109018000,None,52334000,9934000,1083000,None,None,None,0,0,0,18868000,0,0,32383000,32383000,None,USD,1106142000,31134000,None,8095000,532399000,573743000,52928000,76764000,677000,1541606000,80775000,31134000,93761000,215468000,368637000,42909000,42909000,-2888000,263375000,749006000,None,542609000,62058000,463385000,82987000,0,248964000,0,0,677000,0,1541606000,-1167600000,None,62627000,None,357136000,82987000,82987000,27847000,163762000,None,None,None,201948000,1106142000,277526000,None,42000000,USD,-523000,1635000,-3836000,1665000,-19286000,-21678000,-339000,-174000,32383000,36434000,61948000,-174000,9998000,-3770000,1717000,0,16427000,1679000,4978000,16427000,137000,36571000,85.65,85.6
14,2016-12-31,USD,893231000,130063000,699403000,193828000,63765000,39574000,0,0,62696000,3205000,120376000,None,63765000,9687000,1069000,None,None,None,0,0,0,23122000,-317000,0,39574000,39574000,None,USD,1096591000,31134000,None,10281000,554034000,542557000,53583000,89734000,676000,1512993000,80466000,31134000,86341000,178897000,380311000,45047000,174555000,-3089000,272843000,737407000,None,511423000,66560000,481669000,93257000,0,245530000,0,0,676000,0,1512993000,-1167437000,None,55207000,None,359184000,93257000,93257000,26883000,173723000,None,None,None,199414000,1096591000,245457000,None,42000000,USD,-376000,22498000,-3598000,1590000,-3819000,-6975000,-285000,21356000,39574000,8372000,18945000,5478000,9750000,-3760000,889000,0,-6233000,-1165000,4812000,-57190000,-280000,8092000,85.3,85.65
15,2016-09-30,USD,788295000,116344000,613490000,174805000,58461000,36278000,0,0,57513000,0,107328000,None,58461000,9016000,948000,None,None,None,0,0,0,21235000,0,0,36278000,36278000,None,USD,1027758000,31134000,None,15188000,521028000,506730000,56097000,75752000,675000,1477179000,79862000,31134000,97005000,170805000,350349000,44784000,44784000,-2469000,261943000,668810000,None,475596000,56679000,426138000,90817000,0,229813000,0,0,675000,0,1477179000,-1167391000,None,65871000,None,358948000,90817000,90817000,23765000,170679000,None,None,None,198736000,1027758000,227484000,None,42000000,USD,-435000,17164000,-5482000,3831000,-15824000,-43064000,41000,6759000,36278000,17616000,66162000,6759000,9079000,-3790000,-23491000,0,50957000,3199000,8878000,-6317000,-181000,17435000,68.08,85.3
16,2016-06-30,USD,775586000,116984000,605509000,170077000,53093000,32314000,0,0,52205000,0,108329000,None,53093000,8655000,888000,None,None,None,0,0,0,19891000,0,0,32314000,32314000,None,USD,984757000,31134000,None,20608000,487502000,497255000,53148000,74997000,675000,1444691000,76190000,31134000,92128000,153370000,334588000,42209000,42209000,-2254000,236177000,656452000,None,466121000,61528000,420946000,76724000,0,217382000,0,0,675000,0,1444691000,-1143360000,None,60994000,None,328305000,76724000,76724000,23042000,152914000,None,None,None,197503000,984757000,214898000,None,42000000,USD,-369000,10463000,-5978000,2518000,-11404000,-30287000,-35000,-12722000,32314000,-3168000,33097000,-12722000,8713000,-3386000,-15462000,0,57274000,4897000,8127000,-10568000,254000,-2914000,68.66,68.08
17,2016-03-31,USD,712024000,109551000,554541000,157483000,47932000,29184000,0,0,47043000,0,101113000,None,47932000,8438000,889000,None,None,None,0,0,0,17859000,0,0,29184000,29184000,None,USD,957492000,31134000,None,7529000,475103000,482389000,50157000,84859000,675000,1415763000,71650000,31134000,92230000,156284000,322068000,43148000,None,-2723000,228474000,636788000,None,451255000,61140000,411835000,81385000,0,194061000,0,0,675000,0,1415763000,-1126993000,None,61096000,None,320704000,81385000,81385000,21493000,153035000,None,None,None,195667000,957492000,217424000,None,42000000,USD,-554000,-47665000,891000,2273000,-16851000,-31748000,-1378000,None,29184000,41181000,72038000,9783000,8492000,-3396000,-10123000,0,67842000,4402000,828000,67842000,583000,41764000,64.61,68.66
18,2015-12-31,USD,848955000,124133000,662174000,186781000,62648000,37855000,0,0,61907000,3205000,116284000,None,62648000,7849000,741000,None,None,None,0,0,0,24052000,-2733000,0,37855000,37855000,None,USD,998070000,31134000,None,18156000,531833000,466237000,59026000,83572000,674000,1389975000,80503000,31134000,109473000,114520000,369537000,42499000,159901000,-3488000,225927000,662670000,None,435103000,48823000,481171000,81793000,0,243466000,0,0,674000,0,1389975000,-1116765000,None,78339000,None,335400000,81793000,81793000,21477000,162296000,None,None,None,195841000,998070000,163343000,None,44000000,USD,-348000,22630000,-1236000,118000,-3605000,-60605000,-30000,-4723000,37855000,6097000,67938000,-7007000,7903000,-3415000,-53555000,0,20713000,9106000,1006000,-2549000,-476000,5621000,58.65,64.61
19,2015-09-30,USD,842076000,122011000,656085000,185991000,63980000,39348000,0,0,63266000,0,114826000,None,63980000,7185000,714000,None,None,None,0,0,0,23918000,0,0,39348000,39348000,None,USD,953022000,31134000,None,17558000,474321000,478701000,47976000,82743000,674000,1355535000,70408000,31134000,102437000,108899000,343954000,36259000,None,-2743000,195328000,655257000,None,447567000,48955000,479845000,59959000,0,224952000,0,0,674000,0,1355535000,-1068267000,None,71303000,None,297765000,None,59959000,22432000,130367000,None,None,None,193502000,953022000,157854000,None,44000000,USD,-1810000,-8887000,-2272000,286000,-10911000,-36392000,43000,None,39348000,27403000,66067000,4234000,7240000,-3487000,-22037000,0,23262000,2017000,748000,22115000,-930000,26473000,63.47,58.65
