,fiscalDateEnding,reportedCurrency_x,totalRevenue,totalOperatingExpense,costOfRevenue,grossProfit,ebit,netIncome_x,researchAndDevelopment,effectOfAccountingCharges,incomeBeforeTax,minorityInterest,sellingGeneralAdministrative,otherNonOperatingIncome,operatingIncome,otherOperatingExpense,interestExpense,taxProvision,interestIncome,netInterestIncome,extraordinaryItems,nonRecurring,otherItems,incomeTaxExpense,totalOtherIncomeExpense,discontinuedOperations,netIncomeFromContinuingOperations,netIncomeApplicableToCommonShares,preferredStockAndOtherAdjustments,reportedCurrency_y,totalAssets,intangibleAssets,earningAssets,otherCurrentAssets,totalLiabilities,totalShareholderEquity,deferredLongTermLiabilities,otherCurrentLiabilities,commonStock,retainedEarnings,otherLiabilities,goodwill,otherAssets,cash,totalCurrentLiabilities,shortTermDebt,currentLongTermDebt,otherShareholderEquity,propertyPlantEquipment,totalCurrentAssets,longTermInvestments,netTangibleAssets,shortTermInvestments,netReceivables,longTermDebt,inventory,accountsPayable,totalPermanentEquity,additionalPaidInCapital,commonStockTotalEquity,preferredStockTotalEquity,retainedEarningsTotalEquity,treasuryStock,accumulatedAmortization,otherNonCurrrentAssets,deferredLongTermAssetCharges,totalNonCurrentAssets,capitalLeaseObligations,totalLongTermDebt,otherNonCurrentLiabilities,totalNonCurrentLiabilities,negativeGoodwill,warrants,preferredStockRedeemable,capitalSurplus,liabilitiesAndShareholderEquity,cashAndShortTermInvestments,accumulatedDepreciation,commonStockSharesOutstanding,reportedCurrency,investments,changeInLiabilities,cashflowFromInvestment,otherCashflowFromInvestment,netBorrowings,cashflowFromFinancing,otherCashflowFromFinancing,changeInOperatingActivities,netIncome_y,changeInCash,operatingCashflow,otherOperatingCashflow,depreciation,dividendPayout,stockSaleAndPurchase,changeInInventory,changeInAccountReceivables,changeInNetIncome,capitalExpenditures,changeInReceivables,changeInExchangeRate,changeInCashAndCashEquivalents,clossingVal,nextClossingVal
0,2020-06-30,USD,1909000000,765000000,48000000,1861000000,-308000000,-326000000,None,None,-308000000,64000000,390000000,-522000000,214000000,375000000,-163000000,-10000000,None,-127000000,None,None,None,-46000000,-314000000,None,-262000000,-326000000,None,USD,46208000000,10005000000,None,709000000,24120000000,16610000000,None,102000000,9630000000,13339000000,2663000000,19956000000,1203000000,3999000000,6015000000,1874000000,1492000000,156000000,2245000000,5381000000,1274000000,-13351000000,None,673000000,14980000000,None,1401000000,None,None,None,None,13339000000,None,None,1694000000,None,35174000000,None,14980000000,1121000000,16101000000,None,None,None,3110000000,46208000000,3999000000,-1604000000,None,USD,-5000000,145000000,-145000000,-22000000,2354000000,2031000000,25000000,132000000,-262000000,2198000000,312000000,206000000,266000000,50000000,519000000,None,None,45000000,118000000,None,None,2198000000,34.45,
1,2020-03-31,USD,2013000000,775000000,99000000,1914000000,38000000,-76000000,None,None,38000000,78000000,408000000,-208000000,246000000,367000000,-164000000,76000000,-113000000,-111000000,None,None,None,36000000,37000000,None,2000000,-76000000,None,USD,43918000000,10005000000,None,488000000,22216000000,16167000000,None,101000000,10745000000,13671000000,2674000000,19939000000,659000000,1801000000,4584000000,590000000,1000000,120000000,2245000000,2989000000,1442000000,-13777000000,None,700000000,14553000000,None,1308000000,None,None,None,None,13671000000,None,None,1508000000,None,35139000000,None,14553000000,1115000000,15668000000,None,None,None,2371000000,43918000000,1801000000,-1558000000,None,USD,-82000000,145000000,-58000000,112000000,481000000,38000000,-45000000,72000000,2000000,537000000,557000000,34000000,267000000,-17000000,-381000000,None,None,67000000,88000000,None,None,537000000,31.62,34.45
2,2019-12-31,USD,2619000000,1423000000,-394000000,3013000000,-40000000,-45000000,None,None,-40000000,65000000,531000000,-342000000,302000000,891000000,-162000000,20000000,-115000000,-109000000,None,1000000,None,-60000000,-50000000,None,20000000,-45000000,None,USD,44189000000,10005000000,None,416000000,22264000000,16295000000,None,94000000,10678000000,13748000000,2597000000,19939000000,764000000,1222000000,3888000000,60000000,1000000,-33000000,2262000000,2405000000,1625000000,-13649000000,None,767000000,15416000000,None,1621000000,None,None,None,None,13748000000,None,None,2013000000,None,35844000000,None,15416000000,1047000000,16463000000,None,None,None,2575000000,44189000000,1222000000,-1518000000,None,USD,7000000,-10000000,-96000000,69000000,476000000,81000000,-110000000,-25000000,20000000,528000000,543000000,-58000000,271000000,-16000000,-269000000,None,None,74000000,172000000,None,None,528000000,48.14,31.62
3,2019-09-30,USD,2856000000,711000000,324000000,2532000000,360000000,193000000,None,None,360000000,69000000,440000000,-147000000,507000000,271000000,-169000000,63000000,-122000000,-115000000,None,None,None,98000000,-68000000,None,262000000,193000000,None,USD,43645000000,10005000000,None,464000000,21467000000,16517000000,None,110000000,10735000000,13793000000,2490000000,19952000000,702000000,694000000,3882000000,None,None,-61000000,2230000000,1936000000,1698000000,-13440000000,None,778000000,14707000000,None,1537000000,None,None,None,None,13793000000,None,None,1745000000,None,35630000000,None,14707000000,1006000000,15713000000,None,None,None,2780000000,43645000000,694000000,-1484000000,None,USD,-4000000,-110000000,-102000000,19000000,181000000,-469000000,-81000000,28000000,262000000,27000000,598000000,-22000000,271000000,-16000000,-553000000,None,None,76000000,117000000,None,None,27000000,41.96,48.14
4,2019-06-30,USD,2805000000,714000000,307000000,2498000000,262000000,116000000,None,None,262000000,76000000,436000000,-199000000,461000000,271000000,-167000000,75000000,-116000000,-109000000,None,7000000,None,70000000,7000000,None,192000000,116000000,None,USD,43700000000,10005000000,None,385000000,21219000000,16596000000,None,97000000,10842000000,13600000000,2462000000,19948000000,711000000,697000000,3973000000,13000000,None,-25000000,2211000000,1931000000,1694000000,-13357000000,None,849000000,14411000000,None,1507000000,None,None,None,None,13600000000,None,None,1689000000,None,35547000000,None,14411000000,1011000000,15422000000,None,None,None,3016000000,43700000000,697000000,-1419000000,None,USD,63000000,-64000000,258000000,303000000,320000000,-700000000,-21000000,-6000000,192000000,81000000,523000000,64000000,271000000,-17000000,-982000000,None,None,76000000,108000000,None,None,81000000,37.98,41.96
5,2019-03-31,USD,2012000000,726000000,190000000,1822000000,-69000000,-158000000,None,None,-69000000,31000000,402000000,-269000000,200000000,248000000,-159000000,113000000,-106000000,-102000000,None,76000000,None,58000000,-76000000,None,-127000000,-158000000,None,USD,43910000000,10005000000,None,371000000,20715000000,16707000000,None,102000000,10937000000,13484000000,2373000000,19927000000,596000000,633000000,3961000000,13000000,53000000,-43000000,2205000000,1732000000,1641000000,-13225000000,None,728000000,14026000000,None,1347000000,None,None,None,None,13484000000,None,None,1246000000,None,35024000000,None,14026000000,978000000,15004000000,None,None,None,3261000000,43910000000,633000000,-1357000000,None,USD,-11000000,284000000,254000000,378000000,172000000,-685000000,-40000000,-8000000,-127000000,218000000,649000000,19000000,248000000,-19000000,-798000000,None,None,86000000,113000000,None,None,218000000,38.24,37.98
6,2018-12-31,USD,2009000000,564000000,166000000,1843000000,73000000,-40000000,0,0,73000000,71000000,340000000,-306000000,379000000,224000000,-153000000,63000000,None,None,-8000000,0,0,42000000,-105000000,0,31000000,-40000000,None,USD,40828000000,9674000000,None,360000000,19130000000,16595000000,None,32000000,10599000000,13644000000,1930000000,18386000000,120000000,358000000,3244000000,17000000,3000000,-38000000,2469000000,1082000000,1641000000,-11465000000,None,364000000,13371000000,None,1116000000,None,None,None,None,13644000000,None,None,583000000,None,32753000000,None,13371000000,864000000,14235000000,None,None,None,2984000000,40828000000,358000000,-1296000000,None,USD,3000000,-75000000,12000000,147000000,264000000,-531000000,-30000000,29000000,31000000,2000000,521000000,-88000000,224000000,-15000000,-750000000,None,None,47000000,138000000,None,None,2000000,36.98,38.24
7,2018-09-30,USD,2315000000,529000000,240000000,2075000000,418000000,268000000,0,0,418000000,98000000,295000000,-113000000,531000000,234000000,-150000000,None,None,None,0,0,0,52000000,-142000000,0,366000000,268000000,None,USD,41624000000,9674000000,None,446000000,19255000000,16860000000,0,29000000,10759000000,13684000000,1873000000,18386000000,124000000,355000000,3379000000,18000000,4000000,-75000000,2576000000,1241000000,1730000000,-11200000000,0,440000000,13380000000,0,1097000000,0,3246000000,0,0,13684000000,0,None,781000000,None,33147000000,None,13380000000,886000000,14266000000,None,None,None,3246000000,41624000000,355000000,-1245000000,None,USD,-4000000,-289000000,-82000000,-4000000,131000000,-398000000,-36000000,-34000000,366000000,-113000000,367000000,20000000,234000000,-15000000,-478000000,0,0,46000000,74000000,None,None,-113000000,43.45,36.98
8,2018-06-30,USD,2199000000,534000000,240000000,1959000000,322000000,172000000,0,0,322000000,83000000,303000000,-52000000,374000000,231000000,-153000000,None,None,None,0,0,0,67000000,-26000000,0,255000000,172000000,None,USD,41807000000,9674000000,None,414000000,19342000000,16888000000,0,21000000,10864000000,13419000000,1852000000,18383000000,121000000,485000000,3655000000,18000000,4000000,-69000000,2572000000,1327000000,1429000000,-11169000000,0,428000000,13252000000,0,1229000000,0,3533000000,0,0,13419000000,0,None,811000000,None,32869000000,None,13252000000,884000000,14136000000,None,None,None,3533000000,41807000000,485000000,-1183000000,None,USD,-6000000,142000000,124000000,232000000,-998000000,-1281000000,-57000000,13000000,255000000,-513000000,644000000,2000000,231000000,-14000000,-212000000,0,0,53000000,102000000,None,None,-513000000,45.36,43.45
9,2018-03-31,USD,1517000000,481000000,194000000,1323000000,228000000,131000000,0,0,228000000,82000000,265000000,1000000,227000000,216000000,-150000000,None,None,None,0,0,0,15000000,-33000000,0,213000000,131000000,None,USD,42540000000,9674000000,None,483000000,20065000000,16977000000,0,24000000,10945000000,13247000000,1804000000,18383000000,120000000,1042000000,3587000000,36000000,5000000,-39000000,2603000000,1919000000,1573000000,-11080000000,0,394000000,14077000000,0,1064000000,0,3764000000,0,0,13247000000,0,None,715000000,None,32948000000,None,14077000000,891000000,14968000000,None,None,None,3764000000,42540000000,1042000000,-1124000000,None,USD,-393000000,354000000,-424000000,58000000,163000000,-170000000,22000000,-12000000,213000000,30000000,624000000,97000000,216000000,-15000000,-340000000,0,0,46000000,89000000,None,None,30000000,40.85,45.36
10,2017-12-31,USD,1404000000,4819000000,604000000,2824000000,1663000000,694000000,0,0,211000000,317000000,343000000,None,375000000,-45000000,92000000,None,None,None,0,0,0,-582000000,-357000000,0,1780000000,694000000,None,USD,41996000000,9674000000,None,376000000,19422000000,16943000000,1478000000,1941000000,3000000,13081000000,283000000,18383000000,26119000000,1029000000,3979000000,768000000,755000000,-35000000,2541000000,1763000000,1114000000,-11114000000,0,358000000,13186000000,0,1250000000,0,3892000000,2000000,0,13081000000,0,None,640000000,None,32352000000,None,13186000000,779000000,15443000000,None,None,None,3892000000,41996000000,1029000000,-1055000000,None,USD,-851000000,127000000,-1254000000,-115000000,1337000000,-267000000,-1504000000,30000000,694000000,328000000,1849000000,None,352000000,0,0,0,0,216000000,288000000,None,None,None,39.66,40.85
11,2017-09-30,USD,2065000000,552000000,1131000000,934000000,385000000,168000000,0,0,385000000,93000000,324000000,3000000,382000000,228000000,-159000000,None,None,None,0,0,0,124000000,189000000,0,261000000,168000000,None,USD,41853000000,9674000000,None,299000000,20399000000,15839000000,2814000000,2179000000,3000000,11968000000,285000000,18395000000,26128000000,783000000,3354000000,47000000,4000000,-34000000,2514000000,1435000000,1120000000,-12230000000,0,353000000,13445000000,0,1100000000,0,3900000000,0,0,11968000000,0,None,701000000,None,32404000000,None,13445000000,786000000,17045000000,None,None,None,3900000000,41853000000,783000000,-971000000,None,USD,-318000000,-28000000,-446000000,13000000,3223000000,-91000000,63000000,33000000,261000000,37000000,574000000,-42000000,228000000,15000000,-942000000,0,0,85000000,141000000,None,2000000,39000000,41.87,39.66
12,2017-06-30,USD,2140000000,511000000,1207000000,933000000,236000000,94000000,0,0,236000000,62000000,288000000,-186000000,422000000,223000000,-149000000,None,None,None,0,0,0,80000000,-47000000,0,156000000,94000000,None,USD,41384000000,9674000000,None,326000000,20300000000,15448000000,2693000000,2292000000,3000000,11800000000,286000000,18398000000,25697000000,744000000,3311000000,5000000,6717000000,-52000000,2471000000,1433000000,750000000,-12624000000,0,363000000,13519000000,0,992000000,0,3695000000,0,0,11800000000,0,None,709000000,None,32002000000,None,13519000000,777000000,16989000000,None,None,None,3695000000,41384000000,744000000,-922000000,None,USD,-437000000,-132000000,-671000000,-124000000,753000000,4000000,10000000,-1000000,156000000,-331000000,336000000,45000000,223000000,15000000,388000000,0,0,53000000,110000000,None,4000000,-327000000,41.7,41.87
13,2017-03-31,USD,1395000000,403000000,733000000,662000000,120000000,-21000000,0,0,120000000,65000000,239000000,-139000000,259000000,164000000,-140000000,None,None,None,0,0,0,76000000,-139000000,0,44000000,-21000000,None,USD,41002000000,9673000000,None,357000000,20226000000,14980000000,2646000000,2466000000,3000000,11706000000,286000000,18313000000,24991000000,1071000000,3512000000,48000000,48000000,-62000000,2466000000,1708000000,582000000,-13006000000,0,280000000,13306000000,0,971000000,0,3331000000,0,0,11706000000,0,None,692000000,None,31726000000,None,13306000000,762000000,16714000000,None,None,None,3331000000,41002000000,1071000000,-863000000,None,USD,-5000000,-3000000,-1797000000,-1636000000,1844000000,1902000000,22000000,8000000,44000000,508000000,403000000,-8000000,164000000,15000000,1550000000,0,0,44000000,156000000,None,1000000,509000000,38.78,41.7
14,2016-12-31,USD,1303000000,3662000000,577000000,2507000000,1352000000,119000000,0,0,199000000,67000000,343000000,None,306000000,69000000,82000000,None,None,None,0,-511000000,0,13000000,-305000000,0,657000000,119000000,None,USD,31377000000,9673000000,None,227000000,13661000000,11756000000,2025000000,1882000000,3000000,11727000000,278000000,14345000000,25002000000,562000000,2872000000,5000000,5000000,-62000000,2352000000,1029000000,1309000000,-12262000000,0,240000000,8013000000,0,985000000,0,87000000,2000000,0,11727000000,0,None,480000000,None,28159000000,None,8013000000,751000000,10789000000,None,None,None,87000000,31377000000,562000000,-830000000,None,USD,-851000000,184000000,-210000000,-4000000,376000000,-1319000000,-1648000000,59000000,119000000,175000000,1704000000,None,312000000,0,203000000,0,0,736000000,206000000,None,None,None,33.92,38.78
15,2016-09-30,USD,1385000000,327000000,706000000,679000000,303000000,115000000,0,0,303000000,54000000,235000000,-49000000,352000000,92000000,-98000000,None,None,None,0,0,0,134000000,50000000,0,169000000,115000000,None,USD,31563000000,10743000000,None,258000000,13570000000,11705000000,2009000000,1838000000,0,11608000000,279000000,14345000000,25017000000,940000000,3286000000,609000000,None,-54000000,2163000000,1472000000,2405000000,-13383000000,0,274000000,7510000000,0,824000000,0,147000000,2000000,0,11608000000,0,None,435000000,None,30091000000,None,7510000000,765000000,10284000000,None,None,None,147000000,31563000000,940000000,-817000000,None,USD,-749000000,-132000000,-924000000,-17000000,1382000000,171000000,-40000000,None,171000000,-289000000,464000000,80000000,92000000,0,-229000000,0,0,-121000000,158000000,None,None,-289000000,33.41,33.92
16,2016-06-30,USD,1366000000,301000000,737000000,629000000,319000000,80000000,0,0,229000000,60000000,208000000,-9000000,328000000,93000000,90000000,None,None,None,0,0,0,89000000,-2000000,0,140000000,80000000,None,USD,30889000000,10741000000,None,263000000,12838000000,11647000000,1852000000,1931000000,3000000,11426000000,272000000,14345000000,25005000000,1229000000,2995000000,256000000,None,-51000000,2042000000,1768000000,1615000000,-13439000000,0,276000000,7275000000,0,808000000,0,268000000,2000000,0,11426000000,0,None,378000000,None,29121000000,None,7275000000,716000000,9843000000,None,None,None,268000000,30889000000,1229000000,-750000000,None,USD,117000000,38000000,39000000,15000000,413000000,215000000,1000000,None,140000000,627000000,373000000,-28000000,93000000,0,-402000000,0,0,130000000,93000000,None,None,627000000,30.87,33.41
17,2016-03-31,USD,1204000000,-223000000,646000000,558000000,768000000,365000000,0,0,684000000,62000000,201000000,-13000000,781000000,87000000,84000000,None,None,None,0,-511000000,0,257000000,-97000000,0,427000000,365000000,None,USD,30326000000,10753000000,None,257000000,12241000000,11381000000,1788000000,1946000000,3000000,11346000000,272000000,14345000000,25033000000,602000000,2965000000,256000000,None,-46000000,1950000000,1164000000,1680000000,-13717000000,61000000,244000000,6862000000,0,763000000,0,0,3000000,0,11346000000,0,None,434000000,None,29162000000,None,6862000000,626000000,9276000000,None,None,None,78000000,30326000000,663000000,-748000000,None,USD,-55000000,223000000,-125000000,-3000000,224000000,-288000000,82000000,None,427000000,401000000,814000000,-23000000,87000000,0,-594000000,0,0,100000000,67000000,None,None,401000000,nan,30.87
18,2015-12-31,USD,1208000000,3479000000,507000000,2196000000,1073000000,44000000,0,0,149000000,45000000,394000000,None,217000000,55000000,84000000,None,None,None,0,-511000000,0,60000000,-57000000,0,443000000,44000000,None,USD,29798000000,10770000000,None,228000000,11667000000,10933000000,1667000000,1800000000,3000000,10981000000,561000000,14345000000,27228000000,201000000,2813000000,255000000,255000000,-51000000,1879000000,691000000,1648000000,-14182000000,15000000,247000000,6626000000,0,758000000,0,0,3000000,0,10981000000,0,None,465000000,None,29107000000,None,6626000000,561000000,8854000000,None,None,None,None,29798000000,216000000,-708000000,None,USD,-851000000,212000000,-135000000,-4000000,940000000,-1123000000,-2009000000,-220000000,44000000,-36000000,1213000000,None,322000000,0,0,0,0,649000000,296000000,None,None,None,nan,nan
19,2015-09-30,USD,1284000000,303000000,660000000,624000000,154000000,-22000000,0,0,70000000,63000000,207000000,-167000000,321000000,96000000,84000000,None,None,None,0,0,0,29000000,-214000000,0,41000000,-22000000,None,USD,30680000000,10785000000,None,385000000,12238000000,10994000000,2429000000,1750000000,3000000,11037000000,502000000,14345000000,26783000000,588000000,2761000000,256000000,None,-46000000,1787000000,2110000000,1300000000,-14136000000,19000000,1118000000,6546000000,0,755000000,0,0,3000000,0,11037000000,0,None,353000000,None,28570000000,None,6546000000,502000000,9477000000,None,None,None,None,30680000000,607000000,-656000000,None,USD,-11000000,-225000000,-66000000,-18000000,279000000,-329000000,-41000000,None,41000000,-202000000,193000000,15000000,96000000,0,-567000000,0,0,266000000,37000000,None,None,-202000000,nan,nan
