,fiscalDateEnding,reportedCurrency_x,totalRevenue,totalOperatingExpense,costOfRevenue,grossProfit,ebit,netIncome_x,researchAndDevelopment,effectOfAccountingCharges,incomeBeforeTax,minorityInterest,sellingGeneralAdministrative,otherNonOperatingIncome,operatingIncome,otherOperatingExpense,interestExpense,taxProvision,interestIncome,netInterestIncome,extraordinaryItems,nonRecurring,otherItems,incomeTaxExpense,totalOtherIncomeExpense,discontinuedOperations,netIncomeFromContinuingOperations,netIncomeApplicableToCommonShares,preferredStockAndOtherAdjustments,reportedCurrency_y,totalAssets,intangibleAssets,earningAssets,otherCurrentAssets,totalLiabilities,totalShareholderEquity,deferredLongTermLiabilities,otherCurrentLiabilities,commonStock,retainedEarnings,otherLiabilities,goodwill,otherAssets,cash,totalCurrentLiabilities,shortTermDebt,currentLongTermDebt,otherShareholderEquity,propertyPlantEquipment,totalCurrentAssets,longTermInvestments,netTangibleAssets,shortTermInvestments,netReceivables,longTermDebt,inventory,accountsPayable,totalPermanentEquity,additionalPaidInCapital,commonStockTotalEquity,preferredStockTotalEquity,retainedEarningsTotalEquity,treasuryStock,accumulatedAmortization,otherNonCurrrentAssets,deferredLongTermAssetCharges,totalNonCurrentAssets,capitalLeaseObligations,totalLongTermDebt,otherNonCurrentLiabilities,totalNonCurrentLiabilities,negativeGoodwill,warrants,preferredStockRedeemable,capitalSurplus,liabilitiesAndShareholderEquity,cashAndShortTermInvestments,accumulatedDepreciation,commonStockSharesOutstanding,reportedCurrency,investments,changeInLiabilities,cashflowFromInvestment,otherCashflowFromInvestment,netBorrowings,cashflowFromFinancing,otherCashflowFromFinancing,changeInOperatingActivities,netIncome_y,changeInCash,operatingCashflow,otherOperatingCashflow,depreciation,dividendPayout,stockSaleAndPurchase,changeInInventory,changeInAccountReceivables,changeInNetIncome,capitalExpenditures,changeInReceivables,changeInExchangeRate,changeInCashAndCashEquivalents,clossingVal,nextClossingVal
0,2020-06-30,USD,0.0,2144443,None,None,-2144443,-2132106,115776,None,-2132106,None,2028667,None,-2144443,None,None,0,12337,12337,None,None,None,None,None,None,-2132106,-2315638,None,USD,19067471,1756506,None,None,893938,18173533,None,-6062,3809,-118480938,None,None,None,17056313,893938,None,None,None,None,17310965,None,16413632,None,None,None,None,200000,None,None,None,None,None,None,None,None,None,1756506,None,None,None,0,None,None,None,None,None,None,None,None,USD,-65449,408245,-65449,None,None,2303335,None,90000,-2132106,721960,-1515926,None,None,None,None,None,None,117935,65449,None,None,None,4.49,
1,2020-03-31,USD,0.0,-2326579,None,None,-2326579,-2264086,-389824,None,-2264086,None,-1936755,None,-2326579,None,-62493,0,62493,62493,None,None,None,None,None,None,-2264086,-2444314,125911,USD,18481912,1802907,None,344652,485693,17996219,None,435693,3364,-116348832,None,None,None,16334353,485693,None,None,None,None,16679005,None,16189900,None,None,None,None,485693,None,None,3364,3412,-116348832,None,None,1802907,None,1802907,None,None,None,0,None,None,None,134338275,18481912,16334353,None,3363679,USD,-4423,135394,-4423,None,None,399675,None,-297281,-2264086,-1624636,-2019888,-297281,None,None,399675,None,None,6085,4423,400000,None,-1624636,1.97,4.49
2,2019-12-31,USD,0.0,-6663309,None,None,-4572311,-1728266,-2301800,None,-1728266,None,-5301260,-2766624,-1805687,None,-77421,0,77421,77421,None,None,None,None,490726,None,-1728266,-1905876,72773,USD,20204844,1798484,None,47371,350299,19854545,None,None,3252,-114084746,None,None,None,17958989,350299,None,None,None,None,18406360,None,18052637,None,400000,None,None,350299,None,None,3252,3424,-114084746,None,None,1798484,None,3596968,None,None,None,0,None,None,None,133932615,20204844,17958989,None,3252371,USD,-3540000,-845593,-72631,-3540000,None,0,None,283070,-1728266,-2622989,-2550358,49662,None,None,3750450,None,0,231157,72631,233408,None,-2622989,4.5,1.97
3,2019-09-30,USD,0.0,-2215041,None,None,-3077699,-2441414,-751473,None,-2441414,None,-1463568,-555113,-2522586,None,-81172,0,81172,81172,None,None,None,None,-555113,None,-2441414,-2617916,123455,USD,23038272,1725853,None,97033,1686618,21355106,None,486618,3249,-112356480,None,None,None,20581978,1686618,None,None,None,None,21312419,None,19622349,None,633408,None,None,1195892,None,None,3249,3452,-112356480,None,None,1725853,None,1725853,None,None,None,0,None,None,None,133701433,23038272,20581978,None,3249353,USD,-19661,727186,-19661,-3540000,None,834055,None,-68363,-2441414,-393706,-1208100,57771,None,None,1763969,None,0,19378,19661,-126134,None,-393706,0.722,4.5
4,2019-06-30,USD,0.0,-1775272,None,None,-3432215,-3306917,-545118,None,-3306917,None,-1230154,None,-3432215,None,-125298,0,125298,125298,None,None,None,None,-1962318,None,-3306917,-3480434,121703,USD,23408341,1706192,None,154804,468706,22943087,None,None,37606,-109915066,None,None,None,20975684,468706,None,None,None,None,21637762,64387,21229991,None,507274,None,None,468706,None,None,37606,3452,-109915066,None,None,1770579,None,1706192,None,None,None,0,None,None,None,132813643,23408341,20975684,None,37605914,USD,-2120010,-145916,-2120010,1419990,None,929914,None,-109218,-3306917,-2552557,-1362461,-1255777,None,None,2916400,None,0,237272,20010,-148473,None,-2552557,0.6642,0.722
5,2019-03-31,USD,0.0,2279997,0,0,-3219748,-3110527,922235,0,-3110527,0,2297513,None,-3219748,0,-109221,0,109220,109221,0,0,0,0,-939751,0,-3110527,-3282713,172186,USD,25767283,1686182,None,194059,687917,25079366,0,73295,36149,-106608149,0,0,0,23528241,687917,0,0,0,0,24081101,0,23389704,0,358801,0,0,614622,0,0,36149,3480,-106608149,0,None,1686182,None,1686182,None,None,None,0,None,None,None,131647886,25767283,23528241,None,36149325,USD,-1548761,356566,-1548761,-1548761,0,1986485,0,-157314,-3110527,-1109054,-1546778,1137718,0,0,1986485,0,0,335013,108760,-265548,None,-1109054,0.5506,0.6642
6,2018-12-31,USD,410.74,2294609,250.71,160.03,-3318763,-3223022,1145252,0,-3223022,0,2173511,None,-3318763,0,-95741,None,None,None,0,0,0,0,-928413,0,-3223022,-3391319,168297,USD,26344714,1577421,None,36745,476319,25868395,0,218263,32863,-103497622,0,0,0,24637295,476319,0,0,0,0,24767293,0,24287494,0,93253,0,0,258056,0,0,32863,3480,-103497622,0,None,None,None,1577421,None,None,None,None,None,None,None,129329674,26344714,24637295,None,32862090,USD,-400000,-1131068,-437540,-5654540,0,1869139,0,512475,-3223022,-691354,-2122953,6440991,0,0,1869139,0,24.35,-4116601,209730,-93253,None,-691354,0.545,0.5506
7,2018-09-30,USD,0.0,2753461,0,0,-4293621,-4214586,864060,0,-4214586,0,3429561,None,-4293621,0,-79035,None,None,None,0,0,0,0,-1461125,0,-4214586,-4382959,168373,USD,28182891,1539881,None,121201,1389124,26793767,0,2941.48,30501,-100274600,0,0,5472.28,25328649,1389124,0,0,0,0,25971122,671888,25250406,0,521272,0,0,1389124,0,0,30501,3480,-100274600,0,None,None,None,1539881,None,None,None,None,None,None,None,127034386,28182891,25328649,None,30500935,USD,-400000,-16217,-33209,-33209,0,1731959,0,-119655,-4214586,-378719,-2077469,-119655,0,0,1731959,0,-923.50,3255425,0,None,None,-378719,0.921,0.545
8,2018-06-30,USD,0.0,1991061,0,0,-3577475,-3517013,538031,0,-3517013,0,3039444,None,-3577475,0,-60462,None,None,None,0,0,0,0,-1525952,0,-3517013,-3685386,168373,USD,30152086,1506672,None,107861,1405341,28746745,0,1964.11,28622,-96060014,0,0,9569.23,25707368,1405341,0,0,0,0,26230186,2415228,27236497,0,414957,0,0,1405341,0,0,28622,3576,-96060014,0,None,None,None,1506672,None,None,None,None,None,None,None,124774561,30152086,25707368,None,28621758,USD,-400000,113564,-44180,-44180,0,5146501,0,112479,-3517013,3733506,-1368815,-869957,982436,0,5146501,0,-921.17,1922155,0,None,None,3733506,1.0,0.921
9,2018-03-31,USD,0.0,3134624,0,0,-4745044,-4721487,911034,0,-4721487,0,2851574,-982436,-3762608,0,-23557,None,None,None,0,0,0,0,-1586863,0,-4721487,-7490359,144036,USD,28260324,1462492,None,146612,1291777,26968547,0,792000,23928,-92543001,None,0,5651000,21973862,1291777,None,None,None,0,22609159,4188673,25502368,0,488685,0,0,1291777,0,0,23928,3687,-92543001,0,None,None,None,1462492,None,None,None,None,None,None,None,119483933,28260324,21973862,None,23927882,USD,-5217000,140567,-5311800,-94800,None,24622216,None,-565230,-4721487,17458464,-1851952,417206,0,0,24622216,0,10400,2301362,0,10400,None,17458464,1.17,1.0
10,2017-12-31,USD,10400.0,1867914,8064,2336,-1988443,-1988378,814288,0,-1988378,0,1053626,-122865,-1865578,0,-65,None,None,None,0,0,0,0,-507292,0,-1988378,-2117956,129578,USD,6945993,1367692,None,561235,1151210,5794783,491268,851000,12738,-87821514,None,0,1859000,4515398,1151210,None,None,None,0,5087033,None,4426071,0,10400,0,0,1151210,0,0,12738,1020,-87821514,0,None,491268,None,1858960,None,None,None,None,None,None,None,93602539,6945993,4515398,None,12737703,USD,-5617000,-4349,-47974,-47974,114077,1764686,114000,-174817,-1988378,301012,-1415700,-199209,122804,0,1650609,0,378000,594821,0,4736,None,301012,1.22,1.17
11,2017-09-30,USD,15136.0,1608510,9364,5772,-1733548,-1733548,458663,0,-1733548,0,1149847,-130810,-1602738,0,131000,None,None,None,0,0,0,0,1380231,0,-1733548,-1782548,49000,USD,6866124,1319718,None,588735,1328393,5537731,0,928000,11427,-85833136,None,0,1934000,4328463,1328393,None,None,None,0,4932334,None,4216993,114000,15136,0,0,1328393,0,0,11427,1020,-85833136,0,None,None,None,614072,None,None,None,None,None,None,None,91358420,6866124,4328463,None,11426754,USD,-5217000,212842,-44081,-44081,-18,1350893,-18,37210,-1733553,222226,-1084586,146962,122805,0,1350911,0,374000,170605,0,-4247,None,222226,1.1,1.22
12,2017-06-30,USD,14425.0,1516934,4300,10125,-1637663,-1637663,545644,0,-1637663,0,971290,-130854,-1506809,0,131000,None,None,None,0,0,0,0,-2629520,0,-1637663,-1686663,49000,USD,6752107,1275637,None,622485,1002339,5749768,0,902000,9912,-84099587,None,0,2012000,4106219,1002339,None,None,None,0,4739593,None,4473111,114000,10889,0,0,1002339,0,0,9912,1020,-84099587,0,None,None,None,736877,None,None,None,None,None,None,None,89838423,6752107,4106219,None,9911864,USD,-5217000,-126802,-72283,-72283,-23,212361,-23,3728,-1637658,-1222875,-1362953,3728,122805,0,212384,0,378000,198249,0,76725,None,-1222875,1.73,1.1
13,2017-03-31,USD,135485.0,1672646,85363,50122,-1745308,-1745308,464343,0,-1745308,0,1208303,-122784,-1622524,0,123000,None,None,None,0,0,0,0,1249333,0,-1745308,-1794308,49000,USD,8135956,1203354,None,656235,1159163,6976793,0,1059000,9716,-82461925,None,0,2063000,5329071,1159163,None,None,None,0,6072920,None,5772419,114000,87614,0,0,1159163,0,0,9716,1020,-82461925,0,None,None,None,859682,None,None,None,None,None,None,None,89427982,8135956,5329071,None,9716004,USD,None,78262,-42889,-42889,-24,2813136,None,-84134,-1745308,1630158,-1140089,-126298,122804,0,2813160,0,301000,229631,0,300820,None,1630158,1.33,1.73
14,2016-12-31,USD,388435.0,3176448,282284,106151,-3209772,-3209749,1300715,0,-3209749,0,1875733,-139475,-3070297,0,-23,None,None,None,0,0,0,0,-1446199,0,-3209749,-3257660,47911,USD,6802375,1160465,None,572101,1244785,5557590,982486,916000,7112,-80716617,28000,0,2143000,3698889,1216321,None,None,None,0,4659424,None,4396105,114000,388434,0,0,1216321,0,0,7112,1020,-80716617,0,None,None,None,982486,None,None,28464,28464,None,None,None,86266075,6802375,3698889,None,7112143,USD,-5617000,263319,-38694,-38694,-27399,2476716,212000,-176341,-3209749,370812,-2067210,-5860,122755,0,2504115,0,-248637,1040587,0,-305215,None,370812,1.14,1.33
15,2016-09-30,USD,83219.0,1547999,43919,39300,-1503536,-1503517,441874,0,-1503517,0,1106125,5163,-1508699,0,-19,None,None,None,0,0,0,0,2735897,0,-1503517,-2117484,613967,USD,6264676,1121771,None,626390,1166949,5097727,0,652000,5183,-77506867,188000,0,2227000,3328055,979082,27377,None,None,0,4037664,None,3974936,114000,83219,120513,0,951705,0,0,5183,1020,-77506867,0,None,None,None,1105241,None,120513,67354,187867,None,None,None,82598391,6264676,3328055,None,5183231,USD,None,-392875,-73253,-73253,-119628,3320574,212000,None,-1503516,1729966,-1517355,-68903,68590,0,3440202,0,57000,392872,0,-13523,None,1729966,1.74,1.14
16,2016-06-30,USD,123000.0,1532080,62000,60240,-1297479,-1297205,423000,0,-1297205,0,1112582,174361,-1471840,0,-274,None,None,None,0,0,0,0,0,0,-1297205,-1297205,None,USD,2827000,1049000,None,189000,1724000,1103000,0,944000,4800,-76003352,312000,0,1049000,1484000,1412000,68036,None,None,0,1778327,None,54652,35000,69696,198955,0,1343984,0,0,4800,0,-76003352,0,None,None,None,1048518,None,198955,112700,311655,None,None,None,77101722,2826845,1519120,None,None,USD,None,-273982,-36325,-36325,250633,1845781,291000,None,-1297206,732834,-1076622,45547,0,0,1595148,0,70000,365096,0,83923,None,732834,0.46,1.74
17,2016-03-31,USD,166000.0,1682359,68000,98321,-334705,-334705,586000,0,-334705,0,1096109,1249333,-1584038,0,0,None,None,None,0,0,0,0,0,0,-334705,-334705,None,USD,2719000,1012000,None,476000,2971000,-251978,0,1152000,21000,-74706146,1211000,0,1012000,1077097,1760000,108214,None,None,0,1707183,None,-1264171,326000,153619,1073341,0,1651786,0,0,20829,0,-74706146,0,None,None,None,1012193,None,1073341,138013,1211354,None,None,None,74433339,2719376,1077097,None,None,USD,None,506000,-61599,-61599,108214,1505000,None,None,-334705,128081,-1314873,-1657300,0,0,1396339,0,0,185456,0,-13822,None,128081,0.56,0.46
18,2015-12-31,USD,255000.0,2816375,242000,12026,-3240563,-3240185,574000,0,-3240185,0,2366000,-436214,-2804349,0,-378,None,None,None,0,0,0,0,1866593,0,-3240185,-3240185,None,USD,2207000,950000,None,168000,3706000,-1499068,0,882000,19000,-74371441,2524000,0,950000,949016,1182000,None,None,None,0,1256842,None,-2449662,326000,139797,2327195,0,1182371,0,0,18629,0,-74371441,0,None,None,None,950594,None,2327195,196938,2524133,None,None,None,72853744,2207436,949016,None,None,USD,-5617000,337496,-57407,-57407,-162,116207,-651,37156,-6097774,-1052489,-1111289,3236406,0,0,116369,0,329000,1297345,0,115238,None,-1052489,1.0,0.56
19,2015-09-30,USD,234000.0,1370078,119000,115209,-174435,-174271,302000,0,-174271,0,1067166,1080434,-1254869,0,-164,None,None,None,0,0,0,0,0,0,-174271,-174271,None,USD,3262000,893000,None,112000,2500000,762000,0,408000,18000,-71129904,1892000,0,893000,2001343,608000,None,None,None,0,2368947,None,-130965,326000,255035,1891566,0,608346,0,0,18523,0,-71129904,0,None,None,None,893187,None,1891566,None,1891566,None,None,None,71873603,3262134,2001343,None,None,USD,None,155774,-9412,-9412,-165,97063,None,None,1483980,-695593,-783244,-2650520,0,0,97228,0,214000,235413,0,-7891,None,-695593,0.83,1.0
