,fiscalDateEnding,reportedCurrency_x,totalRevenue,totalOperatingExpense,costOfRevenue,grossProfit,ebit,netIncome_x,researchAndDevelopment,effectOfAccountingCharges,incomeBeforeTax,minorityInterest,sellingGeneralAdministrative,otherNonOperatingIncome,operatingIncome,otherOperatingExpense,interestExpense,taxProvision,interestIncome,netInterestIncome,extraordinaryItems,nonRecurring,otherItems,incomeTaxExpense,totalOtherIncomeExpense,discontinuedOperations,netIncomeFromContinuingOperations,netIncomeApplicableToCommonShares,preferredStockAndOtherAdjustments,reportedCurrency_y,totalAssets,intangibleAssets,earningAssets,otherCurrentAssets,totalLiabilities,totalShareholderEquity,deferredLongTermLiabilities,otherCurrentLiabilities,commonStock,retainedEarnings,otherLiabilities,goodwill,otherAssets,cash,totalCurrentLiabilities,shortTermDebt,currentLongTermDebt,otherShareholderEquity,propertyPlantEquipment,totalCurrentAssets,longTermInvestments,netTangibleAssets,shortTermInvestments,netReceivables,longTermDebt,inventory,accountsPayable,totalPermanentEquity,additionalPaidInCapital,commonStockTotalEquity,preferredStockTotalEquity,retainedEarningsTotalEquity,treasuryStock,accumulatedAmortization,otherNonCurrrentAssets,deferredLongTermAssetCharges,totalNonCurrentAssets,capitalLeaseObligations,totalLongTermDebt,otherNonCurrentLiabilities,totalNonCurrentLiabilities,negativeGoodwill,warrants,preferredStockRedeemable,capitalSurplus,liabilitiesAndShareholderEquity,cashAndShortTermInvestments,accumulatedDepreciation,commonStockSharesOutstanding,reportedCurrency,investments,changeInLiabilities,cashflowFromInvestment,otherCashflowFromInvestment,netBorrowings,cashflowFromFinancing,otherCashflowFromFinancing,changeInOperatingActivities,netIncome_y,changeInCash,operatingCashflow,otherOperatingCashflow,depreciation,dividendPayout,stockSaleAndPurchase,changeInInventory,changeInAccountReceivables,changeInNetIncome,capitalExpenditures,changeInReceivables,changeInExchangeRate,changeInCashAndCashEquivalents,clossingVal,nextClossingVal
0,2020-06-30,USD,59000000,782000000,61000000,59000000,-747000000,-164000000,None,None,-754000000,-501000000,99000000,-24000000,-723000000,103000000,7000000,-89000000,None,-7000000,None,580000000,None,-89000000,-604000000,None,-665000000,-188000000,None,USD,4393000000,962000000,None,154000000,1557000000,110000000,None,108000000,1000000,-103000000,567000000,2214000000,209000000,709000000,250000000,None,None,-32000000,145000000,863000000,None,-2712000000,None,74000000,740000000,None,335000000,None,None,1000000,None,-103000000,None,None,209000000,None,3530000000,None,740000000,374000000,1114000000,None,354000000,None,244000000,4393000000,709000000,None,None,USD,-15000000,-62000000,-15000000,1000000,None,-8000000,-8000000,66000000,-665000000,-104000000,-81000000,68000000,42000000,None,0,None,None,536000000,16000000,None,None,-104000000,2.13,
1,2020-03-31,USD,278000000,322000000,92000000,278000000,-45000000,-19000000,None,None,-52000000,-19000000,187000000,-1000000,-44000000,135000000,7000000,-14000000,-7000000,-7000000,None,None,None,-14000000,-1000000,None,-38000000,-25000000,None,USD,5147000000,1232000000,None,215000000,1688000000,293000000,None,165000000,1000000,85000000,632000000,2513000000,226000000,812000000,316000000,None,None,-35000000,149000000,1027000000,None,-3124000000,None,159000000,740000000,None,410000000,None,None,1000000,None,85000000,None,None,226000000,None,4120000000,None,740000000,373000000,1113000000,None,328000000,None,242000000,5147000000,812000000,None,75000000,USD,-20000000,-125000000,-20000000,1000000,388000000,574000000,-24000000,5000000,-38000000,472000000,-82000000,3000000,43000000,None,210000000,None,None,35000000,20000000,None,None,472000000,1.8,2.13
2,2019-12-31,USD,334000000,615000000,92000000,334000000,-265000000,-39000000,None,None,-271000000,-159000000,191000000,16000000,-281000000,136000000,6000000,-73000000,10000000,-6000000,None,288000000,None,-73000000,-272000000,None,-198000000,-39000000,None,USD,4726000000,1257000000,None,216000000,1425000000,320000000,None,232000000,1000000,111000000,493000000,2527000000,230000000,341000000,437000000,None,None,-29000000,155000000,557000000,None,-3464000000,15000000,176000000,353000000,None,459000000,None,None,1000000,None,111000000,None,None,230000000,None,4169000000,None,353000000,381000000,734000000,None,None,None,237000000,4726000000,341000000,-99000000,75000000,USD,95000000,-53000000,-36000000,-108000000,-138000000,-525000000,53000000,58000000,-198000000,-515000000,46000000,42000000,44000000,-380000000,-61000000,None,None,211000000,23000000,None,None,-515000000,7.35,1.8
3,2019-09-30,USD,428000000,373000000,100000000,428000000,74000000,16000000,None,None,69000000,32000000,231000000,19000000,55000000,142000000,5000000,21000000,9000000,-5000000,None,None,None,21000000,19000000,None,48000000,16000000,None,USD,5531000000,1524000000,None,386000000,1644000000,342000000,None,284000000,1000000,151000000,529000000,2433000000,107000000,849000000,743000000,270000000,270000000,-33000000,156000000,1235000000,None,-3615000000,None,212000000,227000000,None,520000000,None,None,1000000,None,151000000,None,None,183000000,None,4296000000,None,227000000,343000000,570000000,None,None,None,223000000,5531000000,849000000,None,75000000,USD,-29000000,-168000000,-53000000,-2000000,-138000000,-2000000,-1000000,56000000,48000000,-57000000,-2000000,42000000,42000000,None,0,None,None,34000000,22000000,None,None,-57000000,9.41,7.35
4,2019-06-30,USD,422000000,371000000,102000000,422000000,60000000,3000000,None,None,54000000,20000000,228000000,9000000,51000000,143000000,6000000,31000000,-1000000,-6000000,None,None,None,31000000,9000000,None,23000000,3000000,None,USD,5633000000,1547000000,None,397000000,1815000000,321000000,None,458000000,1000000,135000000,534000000,2441000000,102000000,915000000,910000000,269000000,269000000,-30000000,156000000,1312000000,None,-3667000000,None,261000000,224000000,None,521000000,None,None,1000000,None,135000000,None,None,177000000,None,4321000000,None,224000000,343000000,567000000,None,None,None,215000000,5633000000,915000000,None,75000000,USD,-24000000,112000000,-45000000,-2000000,14000000,9000000,-6000000,-40000000,23000000,130000000,166000000,-45000000,41000000,None,1000000,None,None,35000000,21000000,None,None,130000000,12.4,9.41
5,2019-03-31,USD,376000000,360000000,94000000,376000000,21000000,-2000000,None,None,16000000,13000000,224000000,5000000,16000000,136000000,5000000,5000000,-4000000,-5000000,None,None,None,5000000,5000000,None,11000000,-2000000,None,USD,5454000000,1561000000,None,313000000,1691000000,320000000,None,405000000,1000000,132000000,520000000,2441000000,122000000,787000000,754000000,222000000,222000000,-29000000,157000000,1100000000,None,-3682000000,None,236000000,268000000,None,459000000,None,None,1000000,None,132000000,None,None,195000000,None,4354000000,None,268000000,337000000,605000000,None,None,None,216000000,5454000000,787000000,None,75000000,USD,-25000000,109000000,-42000000,-25000000,14000000,-24000000,-24000000,-22000000,11000000,115000000,181000000,-23000000,42000000,None,0,None,None,42000000,17000000,None,None,115000000,14.19,12.4
6,2018-12-31,USD,346000000,337000000,87000000,346000000,9000000,-8000000,0,0,3000000,-1000000,208000000,None,9000000,129000000,6000000,None,None,None,2000000,0,0,12000000,-11000000,0,-9000000,-8000000,None,USD,5224000000,1577000000,None,260000000,1488000000,336000000,None,249000000,1000000,133000000,608000000,2443000000,118000000,672000000,613000000,220000000,220000000,-29000000,154000000,932000000,None,-3684000000,15000000,212000000,267000000,None,469000000,None,None,1000000,None,133000000,None,None,118000000,None,4292000000,None,267000000,283000000,550000000,None,None,None,231000000,5224000000,672000000,-80000000,74000000,USD,-15000000,-51000000,-31000000,24000000,14000000,-4000000,-10000000,13000000,48000000,-5000000,30000000,16000000,57000000,None,3000000,None,None,17000000,16000000,None,None,-5000000,15.89,14.19
7,2018-09-30,USD,458000000,382000000,95000000,458000000,86000000,14000000,0,0,78000000,43000000,249000000,10000000,76000000,133000000,8000000,None,None,None,0,0,0,21000000,2000000,0,57000000,14000000,None,USD,5265000000,1602000000,None,264000000,1540000000,346000000,0,314000000,1000000,141000000,602000000,2447000000,115000000,681000000,671000000,217000000,217000000,-27000000,156000000,945000000,None,-3703000000,0,237000000,267000000,0,465000000,0,231000000,1000000,0,141000000,0,None,115000000,None,4320000000,None,267000000,277000000,544000000,None,None,None,231000000,5265000000,681000000,-76000000,75000000,USD,14000000,-218000000,-13000000,-13000000,14000000,-1000000,2000000,99000000,14000000,-1000000,13000000,90000000,38000000,0,0,0,0,46000000,14000000,None,None,-1000000,14.85,15.89
8,2018-06-30,USD,433000000,399000000,92000000,433000000,-8000000,-39000000,0,0,-14000000,17000000,266000000,-42000000,34000000,133000000,6000000,None,None,None,0,0,0,8000000,-48000000,0,-22000000,-39000000,None,USD,5393000000,1627000000,None,375000000,1747000000,327000000,0,473000000,1000000,127000000,636000000,2450000000,97000000,685000000,845000000,214000000,214000000,-25000000,159000000,1060000000,None,-3750000000,0,300000000,266000000,0,488000000,0,224000000,1000000,0,127000000,0,None,97000000,None,4333000000,None,266000000,306000000,572000000,None,None,None,224000000,5393000000,685000000,-72000000,75000000,USD,6000000,135000000,-33000000,-23000000,-8000000,-107000000,-102000000,-29000000,-22000000,44000000,184000000,36000000,41000000,0,3000000,0,0,-6000000,16000000,None,None,44000000,16.1,14.85
9,2018-03-31,USD,378000000,369000000,87000000,378000000,-13000000,-31000000,0,0,-19000000,-4000000,243000000,-22000000,9000000,126000000,6000000,None,None,None,0,0,0,16000000,-28000000,0,-35000000,-31000000,None,USD,5392000000,1644000000,None,349000000,1644000000,387000000,0,383000000,1000000,166000000,632000000,2450000000,131000000,656000000,535000000,7000000,484000000,-20000000,162000000,1005000000,None,-3707000000,0,281000000,477000000,0,478000000,0,240000000,1000000,0,166000000,0,None,131000000,None,4387000000,None,477000000,299000000,776000000,None,None,None,240000000,5392000000,656000000,-67000000,75000000,USD,43000000,161000000,28000000,-23000000,-230000000,-246000000,-16000000,-45000000,-35000000,-45000000,173000000,-45000000,39000000,0,0,0,0,53000000,15000000,None,None,-45000000,10.75,16.1
10,2017-12-31,USD,321000000,1976000000,73000000,1240000000,16000000,-369000000,0,0,-1810000000,3323000000,212000000,None,-10000000,217000000,7000000,None,None,None,0,1798000000,0,-236000000,-1800000000,0,-1585000000,-405000000,None,USD,5484000000,1654000000,None,85000000,1731000000,424000000,0,66000000,1000000,196000000,323000000,2445000000,4274000000,695000000,372000000,7000000,711000000,-23000000,165000000,1045000000,27000000,-3675000000,35000000,230000000,704000000,0,631000000,0,250000000,1000000,0,196000000,0,None,148000000,None,4439000000,None,704000000,323000000,1027000000,None,None,None,250000000,5484000000,730000000,-61000000,75000000,USD,70000000,85000000,3000000,-6000000,66000000,-199000000,-249000000,-71000000,-397000000,36000000,220000000,None,213000000,0,0,0,0,389000000,65000000,None,None,None,9.425,10.75
11,2017-09-30,USD,439000000,423000000,80000000,439000000,6000000,-13000000,0,0,-3000000,6000000,293000000,-10000000,16000000,130000000,6000000,None,None,None,0,1798000000,0,7000000,-6000000,0,-7000000,-13000000,None,USD,7293000000,2207000000,None,25000000,2016000000,786000000,0,69000000,1000000,565000000,229000000,3714000000,6059000000,773000000,422000000,7000000,743000000,-24000000,169000000,1065000000,6000000,-5135000000,13000000,254000000,736000000,0,975000000,0,244000000,1000000,0,565000000,0,None,132000000,None,6228000000,None,736000000,229000000,965000000,None,None,None,244000000,7293000000,786000000,-59000000,75000000,USD,1000000,-204000000,-14000000,0,7000000,4000000,-3000000,-2000000,-7000000,-150000000,-140000000,-2000000,50000000,0,0,0,0,23000000,15000000,None,8000000,-142000000,12.35,9.425
12,2017-06-30,USD,431000000,418000000,92000000,431000000,10000000,-12000000,0,0,3000000,5000000,271000000,-3000000,13000000,147000000,7000000,None,None,None,0,-3596000000,0,10000000,-12000000,0,-7000000,-12000000,None,USD,7457000000,2227000000,None,25000000,2219000000,790000000,0,98000000,1000000,578000000,222000000,3707000000,6077000000,915000000,625000000,7000000,735000000,-28000000,171000000,1209000000,4000000,-5144000000,17000000,252000000,728000000,0,1164000000,0,239000000,1000000,0,578000000,0,None,139000000,None,6248000000,None,728000000,222000000,950000000,None,None,None,239000000,7457000000,932000000,-54000000,75000000,USD,-3000000,169000000,-23000000,-2000000,48000000,-52000000,-101000000,-24000000,-7000000,140000000,215000000,-24000000,55000000,0,1000000,0,0,22000000,18000000,None,8000000,148000000,11.6,12.35
13,2017-03-31,USD,378000000,385000000,84000000,378000000,0,-3000000,0,0,-5000000,-6000000,245000000,7000000,-7000000,140000000,5000000,None,None,None,0,1798000000,0,4000000,2000000,0,-9000000,-3000000,None,USD,7302000000,2247000000,None,40000000,2010000000,786000000,0,95000000,1000000,590000000,215000000,3698000000,6072000000,767000000,461000000,7000000,7000000,-33000000,174000000,1056000000,3000000,-5159000000,15000000,234000000,676000000,0,1017000000,0,228000000,1000000,0,590000000,0,None,124000000,None,6246000000,None,676000000,215000000,891000000,None,None,None,228000000,7302000000,782000000,-55000000,75000000,USD,116000000,101000000,98000000,0,46000000,-114000000,-163000000,-36000000,-9000000,112000000,128000000,-36000000,56000000,0,3000000,0,0,16000000,18000000,None,1000000,113000000,14.1,11.6
14,2016-12-31,USD,339000000,1509000000,95000000,1163000000,25000000,35000000,0,0,15000000,4595000000,211000000,None,-8000000,221000000,5000000,None,None,None,0,1798000000,0,3000000,29000000,0,56000000,35000000,None,USD,7282000000,2269000000,None,47000000,1858000000,803000000,0,77000000,1000000,593000000,209000000,3694000000,6096000000,654000000,435000000,80000000,73000000,-36000000,176000000,1010000000,16000000,-5160000000,118000000,191000000,555000000,0,937000000,0,245000000,1000000,0,593000000,0,None,117000000,None,6272000000,None,555000000,209000000,764000000,None,None,None,245000000,7282000000,772000000,-49000000,75000000,USD,-50000000,69000000,-164000000,2000000,1000000,-110000000,-98000000,-24000000,35000000,10000000,301000000,None,222000000,0,0,0,0,13000000,73000000,None,None,None,15.05,14.1
15,2016-09-30,USD,434000000,403000000,95000000,434000000,30000000,-1000000,0,0,25000000,27000000,252000000,-1000000,31000000,151000000,5000000,None,None,None,0,0,0,-1000000,-3000000,0,26000000,-1000000,None,USD,7334000000,2326000000,None,44000000,1835000000,788000000,0,90000000,1000000,558000000,205000000,3702000000,6115000000,652000000,474000000,76000000,76000000,-28000000,179000000,1040000000,29000000,-5240000000,116000000,228000000,481000000,0,983000000,0,257000000,1000000,0,558000000,0,None,58000000,None,6294000000,None,481000000,205000000,686000000,None,None,None,257000000,7334000000,768000000,-54000000,75000000,USD,-20000000,-181000000,-65000000,-24000000,4000000,-9000000,-17000000,2000000,29000000,-160000000,-86000000,2000000,56000000,0,4000000,0,0,8000000,21000000,None,None,-160000000,21.85,15.05
16,2016-06-30,USD,398000000,384000000,90000000,398000000,18000000,-2000000,0,0,11000000,9000000,239000000,4000000,14000000,145000000,7000000,None,None,None,0,0,0,4000000,4000000,0,7000000,-2000000,None,USD,7482000000,2353000000,None,38000000,2026000000,786000000,0,106000000,1000000,558000000,196000000,3690000000,6136000000,812000000,584000000,1000000,1000000,-28000000,178000000,1168000000,38000000,-5257000000,87000000,231000000,550000000,0,1173000000,0,255000000,1000000,0,558000000,0,None,55000000,None,6314000000,None,550000000,196000000,746000000,None,None,None,255000000,7482000000,899000000,-48000000,75000000,USD,-69000000,159000000,-88000000,1000000,11000000,-93000000,-12000000,5000000,7000000,144000000,232000000,4000000,55000000,0,1000000,0,0,7000000,20000000,None,-8000000,136000000,21.88,21.85
17,2016-03-31,USD,361000000,359000000,89000000,361000000,3000000,-12000000,0,0,-5000000,4000000,215000000,1000000,2000000,144000000,8000000,None,None,None,0,0,0,3000000,-7000000,0,-8000000,-12000000,None,USD,7330000000,2398000000,None,33000000,1873000000,793000000,0,97000000,1000000,560000000,192000000,3694000000,6157000000,676000000,435000000,1000000,1000000,-23000000,179000000,994000000,17000000,-5299000000,39000000,246000000,534000000,0,1049000000,0,0,1000000,0,560000000,0,None,48000000,None,6336000000,None,534000000,192000000,726000000,None,None,None,255000000,7330000000,715000000,-42000000,75000000,USD,28000000,117000000,11000000,0,-90000000,-93000000,-5000000,-64000000,-8000000,30000000,112000000,-63000000,55000000,0,2000000,0,0,11000000,17000000,None,2000000,32000000,22.16,21.88
18,2015-12-31,USD,345000000,1481000000,106000000,1220000000,84000000,-37000000,0,0,-37000000,4596000000,250000000,None,49000000,268000000,8000000,None,None,None,0,2000000,0,-22000000,-86000000,0,14000000,-40000000,None,USD,7285000000,2428000000,None,34000000,1849000000,808000000,0,69000000,1000000,572000000,190000000,3689000000,6199000000,644000000,320000000,1000000,621000000,-25000000,180000000,906000000,37000000,-5309000000,47000000,181000000,620000000,0,969000000,0,0,1000000,0,572000000,0,None,45000000,None,6379000000,None,620000000,190000000,810000000,None,None,None,260000000,7285000000,691000000,-36000000,75000000,USD,53000000,84000000,-61000000,25000000,-138000000,-183000000,22000000,-31000000,-40000000,135000000,360000000,None,268000000,0,0,0,0,110000000,112000000,None,None,None,30.34,22.16
19,2015-09-30,USD,432000000,382000000,15000000,417000000,48000000,-3000000,0,0,41000000,32000000,243000000,13000000,35000000,139000000,7000000,None,None,None,0,0,0,12000000,6000000,0,29000000,-3000000,None,USD,7466000000,2487000000,None,31000000,2067000000,820000000,0,71000000,1000000,595000000,187000000,3692000000,6267000000,602000000,386000000,1000000,None,-23000000,181000000,1018000000,45000000,-5359000000,119000000,240000000,703000000,26000000,1105000000,0,0,1000000,0,595000000,0,None,43000000,None,6448000000,None,703000000,187000000,890000000,None,None,None,247000000,7466000000,721000000,-37000000,75000000,USD,-2000000,-89000000,-20000000,22000000,None,-60000000,-1000000,None,29000000,-18000000,2000000,-7000000,67000000,0,1000000,0,0,2000000,40000000,None,-5000000,-23000000,22.17,30.34
