,fiscalDateEnding,reportedCurrency_x,totalRevenue,totalOperatingExpense,costOfRevenue,grossProfit,ebit,netIncome_x,researchAndDevelopment,effectOfAccountingCharges,incomeBeforeTax,minorityInterest,sellingGeneralAdministrative,otherNonOperatingIncome,operatingIncome,otherOperatingExpense,interestExpense,taxProvision,interestIncome,netInterestIncome,extraordinaryItems,nonRecurring,otherItems,incomeTaxExpense,totalOtherIncomeExpense,discontinuedOperations,netIncomeFromContinuingOperations,netIncomeApplicableToCommonShares,preferredStockAndOtherAdjustments,reportedCurrency_y,totalAssets,intangibleAssets,earningAssets,otherCurrentAssets,totalLiabilities,totalShareholderEquity,deferredLongTermLiabilities,otherCurrentLiabilities,commonStock,retainedEarnings,otherLiabilities,goodwill,otherAssets,cash,totalCurrentLiabilities,shortTermDebt,currentLongTermDebt,otherShareholderEquity,propertyPlantEquipment,totalCurrentAssets,longTermInvestments,netTangibleAssets,shortTermInvestments,netReceivables,longTermDebt,inventory,accountsPayable,totalPermanentEquity,additionalPaidInCapital,commonStockTotalEquity,preferredStockTotalEquity,retainedEarningsTotalEquity,treasuryStock,accumulatedAmortization,otherNonCurrrentAssets,deferredLongTermAssetCharges,totalNonCurrentAssets,capitalLeaseObligations,totalLongTermDebt,otherNonCurrentLiabilities,totalNonCurrentLiabilities,negativeGoodwill,warrants,preferredStockRedeemable,capitalSurplus,liabilitiesAndShareholderEquity,cashAndShortTermInvestments,accumulatedDepreciation,commonStockSharesOutstanding,reportedCurrency,investments,changeInLiabilities,cashflowFromInvestment,otherCashflowFromInvestment,netBorrowings,cashflowFromFinancing,otherCashflowFromFinancing,changeInOperatingActivities,netIncome_y,changeInCash,operatingCashflow,otherOperatingCashflow,depreciation,dividendPayout,stockSaleAndPurchase,changeInInventory,changeInAccountReceivables,changeInNetIncome,capitalExpenditures,changeInReceivables,changeInExchangeRate,changeInCashAndCashEquivalents,clossingVal,nextClossingVal
0,2020-03-31,USD,16512000,18218000,9135000,7377000,-673000,-5216000,2724000,None,-5173000,None,5486000,129000,-1706000,3064000,83000,43000,-83000,-83000,None,1250000,None,43000,-3384000,None,-5216000,-5216000,None,USD,70677000,13387000,None,2043000,23732000,46945000,None,6687000,3000,-198418000,158000,15813000,243000,6977000,18051000,1472000,1472000,371000,4576000,36658000,None,17745000,None,11958000,4050000,15246000,6164000,None,None,3000,None,-198418000,None,None,3225000,None,34019000,2624000,4050000,1631000,5681000,None,None,None,244989000,70677000,6977000,None,27000000,USD,-8520000,-293000,-8520000,-8329000,-370000,-194000,-61000,-317000,-5216000,-8370000,344000,351000,1033000,None,237000,1026000,2945000,1166000,191000,2884000,None,-8370000,1.955,
1,2019-12-31,USD,13228000,13809000,6451000,6777000,-274000,-1351000,2336000,None,-1314000,None,4818000,-10000,-581000,505000,16000,37000,-16000,-16000,None,353000,None,37000,-717000,None,-1351000,-1351000,None,USD,54955000,1615000,None,1307000,19677000,35278000,None,5248000,2000,-193202000,171000,12458000,208000,9347000,14122000,1472000,1472000,371000,3244000,37430000,None,21205000,None,9379000,4418000,11024000,5065000,None,None,2000,None,-193202000,None,None,2040000,None,17525000,1921000,4418000,1137000,5555000,None,None,None,228107000,54955000,15347000,None,23000000,USD,-162000,-971000,-162000,-5073000,5882000,6181000,-36000,-1492000,-1351000,3319000,-2700000,231000,307000,None,335000,1399000,-1534000,938000,162000,-1488000,None,3319000,3.55,1.955
2,2019-09-30,USD,12741000,13784000,6546000,6195000,-752000,-2470000,2621000,None,-2422000,None,4419000,-43000,-1043000,144000,-56000,48000,56000,56000,None,643000,None,48000,-1435000,None,-2470000,-2470000,None,USD,50754000,1768000,None,1274000,15362000,35392000,None,6296000,2000,-191851000,159000,12458000,231000,12028000,14978000,None,None,371000,2308000,33989000,None,21166000,None,7845000,None,12423000,5986000,None,None,2000,None,-191851000,None,None,1188000,None,16765000,1057000,None,384000,384000,None,None,None,226870000,50754000,12028000,None,23000000,USD,-5191000,-381000,-5191000,-5073000,-2000,16000,-127000,343000,-2470000,-6254000,-1079000,-230000,291000,None,145000,-474000,863000,749000,118000,1768000,None,-6254000,3.35,3.55
3,2019-06-30,USD,10153000,10043000,4372000,5781000,233000,-1459000,2117000,None,-1432000,None,3506000,-1000,110000,None,-89000,27000,89000,89000,None,685000,None,27000,-1631000,None,-1459000,-1459000,None,USD,48944000,None,None,687000,11678000,37266000,None,4580000,2000,-189381000,206000,9488000,67000,18282000,11472000,None,None,371000,1199000,38190000,None,27778000,None,7388000,None,10509000,4716000,None,None,2000,None,-189381000,None,None,67000,None,10754000,4000,None,206000,206000,None,None,None,226274000,48944000,18282000,None,22811743,USD,-508000,-29000,-508000,None,-7000,729000,-1000,65000,-1459000,70000,-151000,16000,123000,None,737000,-700000,963000,886000,508000,145000,None,70000,3.33,3.35
4,2019-03-31,USD,12344000,6252000,5254000,7090000,826000,857000,2385000,None,917000,None,3867000,-12000,838000,None,-91000,60000,91000,91000,None,None,None,60000,-12000,None,857000,857000,None,USD,48589000,None,None,817000,11114000,37475000,None,3956000,2000,-187922000,228000,9488000,53000,18212000,10886000,None,None,371000,1353000,37695000,None,27987000,None,8857000,None,9809000,6930000,None,None,2000,None,-187922000,None,None,53000,None,10894000,11000,None,228000,228000,None,None,None,225024000,48589000,18212000,None,23000000,USD,-28000,126000,-28000,None,-17000,157000,-19000,-355000,857000,-1155000,-1284000,31000,122000,None,193000,-457000,-2217000,341000,28000,-2304000,None,-1155000,3.02,3.33
5,2018-12-31,USD,12114000,6438000,5453000,6661000,231000,277000,2279000,None,291000,None,4159000,8000,223000,None,-60000,14000,None,None,None,None,None,14000,68000,None,277000,277000,None,USD,46751000,9488000,None,752000,10735000,36016000,None,3325000,2000,-188779000,256000,9488000,55000,19367000,10479000,None,None,371000,1184000,36024000,None,26528000,None,6553000,None,9352000,7154000,None,None,2000,None,-188779000,None,None,55000,None,10727000,None,None,256000,256000,None,None,None,224422000,46751000,19367000,None,23000000,USD,None,680000,-291000,None,-16000,572000,-56000,648000,277000,442000,161000,41000,114000,None,644000,-1470000,-217000,451000,291000,68000,None,442000,2.94,3.02
6,2018-09-30,USD,12279000,6770000,5538000,6741000,-39000,-83000,2298000,None,-43000,None,4472000,-10000,-29000,None,4000,None,None,None,None,None,None,40000,-337000,None,-83000,-83000,None,USD,44798000,9488000,None,794000,10098000,34700000,166000,3765000,2000,-189056000,281000,9488000,57000,18925000,9815000,None,None,371000,1031000,34222000,None,25212000,0,6471000,2000,8032000,6050000,0,0,2000,0,-189056000,0,None,57000,None,10576000,None,None,283000,283000,None,None,None,223383000,44798000,18925000,None,19000000,USD,None,-188000,-64000,0,-15000,9895000,-113000,-584000,-83000,9357000,-474000,-330000,105000,0,10023000,95000,-496000,478000,64000,-551000,None,9357000,4.07,2.94
7,2018-06-30,USD,12037000,6105000,5161000,6876000,762000,752000,2006000,0,758000,0,4099000,-9000,771000,0,4000,None,None,None,0,0,0,6000,25000,0,752000,752000,None,USD,33855000,9488000,None,370000,10042000,23813000,196000,2877000,2000,-189555000,312000,9488000,61000,9568000,9726000,59000,59000,371000,1036000,23270000,None,14325000,0,4893000,4000,8439000,6849000,0,0,2000,0,-189555000,0,None,61000,None,10585000,4000,4000,312000,316000,None,None,None,212995000,33855000,9568000,None,18908196,USD,None,-114000,-58000,0,-16000,887000,-68000,359000,752000,613000,-216000,147000,106000,0,971000,-899000,-410000,130000,58000,-338000,None,613000,2.84,4.07
8,2018-03-31,USD,11601000,6205000,5017000,6584000,378000,344000,1964000,0,373000,0,4241000,-1000,379000,0,5000,None,None,None,0,0,0,29000,-5000,0,344000,344000,None,USD,32015000,9488000,None,508000,10149000,21866000,157000,3406000,2000,-190307000,321000,9488000,9561000,8955000,9817000,75000,75000,371000,1058000,21396000,None,12378000,0,4555000,11000,7378000,6411000,0,0,2000,0,-190307000,0,None,73000,None,10619000,11000,11000,321000,332000,None,None,None,211800000,32015000,8955000,None,19000000,USD,None,320000,-95000,0,-16000,-9000,-57000,-128000,344000,532000,636000,-62000,110000,0,64000,-358000,128000,336000,95000,-54000,None,532000,2.06,2.84
9,2017-12-31,USD,11336000,6047000,5022000,6314000,268000,225000,1874000,0,263000,0,4173000,1000,267000,0,5000,None,None,None,0,0,0,38000,-4000,0,225000,225000,None,USD,31109000,9488000,None,478000,9889000,21220000,179000,2708000,2000,-190651000,355000,9488000,9533000,8423000,9506000,91000,91000,371000,1113000,20463000,None,11732000,0,4501000,28000,7061000,6798000,0,0,2000,0,-190651000,0,None,45000,None,10646000,28000,28000,355000,383000,None,None,None,211498000,31109000,8423000,None,19000000,USD,None,764000,-26000,0,-15000,248000,-40000,-57000,225000,200000,-22000,-157000,109000,0,303000,322000,-1275000,185000,26000,-1470000,None,200000,2.02,2.06
10,2017-09-30,USD,10606000,6207000,5012000,5594000,-612000,-641000,2221000,0,-616000,0,3986000,1000,-613000,0,4000,None,None,None,0,0,0,25000,0,0,-641000,-641000,None,USD,29518000,9488000,None,320000,9096000,20422000,197000,3223000,2000,-190876000,385000,9488000,9534000,8223000,8667000,106000,106000,371000,1152000,18832000,None,10934000,0,3031000,44000,7258000,5444000,0,0,2000,0,-190876000,0,None,46000,None,10686000,44000,44000,385000,429000,None,None,None,210925000,29518000,8223000,None,18000000,USD,None,-334000,-50000,0,-14000,89000,-48000,-866000,-641000,150000,111000,119000,117000,0,151000,-545000,877000,518000,50000,877000,None,150000,2.43,2.02
11,2017-06-30,USD,11044000,5690000,5374000,5670000,-26000,-52000,2016000,0,-31000,0,3674000,-6000,-20000,0,5000,None,None,None,0,0,0,21000,-274000,0,-52000,-52000,None,USD,30132000,9488000,None,440000,9444000,20688000,122000,3063000,2000,-190235000,396000,9488000,9534000,8073000,8989000,120000,120000,371000,1218000,19380000,None,11200000,0,3908000,59000,6959000,5926000,0,0,2000,0,-190235000,0,None,46000,None,10752000,59000,59000,396000,455000,None,None,None,210550000,30132000,8073000,None,17808696,USD,None,218000,-92000,0,-11000,168000,-50000,1493000,-52000,684000,608000,98000,139000,0,229000,480000,-268000,492000,92000,-767000,None,684000,2.43,2.43
12,2017-03-31,USD,11524000,6540000,5126000,6398000,-140000,-162000,2126000,0,-145000,0,4414000,2000,-142000,0,5000,None,None,None,0,0,0,17000,2000,0,-162000,-162000,None,USD,29545000,9488000,None,536000,9251000,20294000,None,3344000,2000,-190183000,378000,9488000,9537000,7389000,8802000,131000,131000,371000,1278000,18730000,None,10806000,None,3141000,71000,7664000,5458000,None,None,2000,None,-190183000,None,None,49000,None,10815000,71000,71000,378000,449000,None,None,None,210104000,29545000,7389000,None,18000000,USD,None,346000,-45000,None,-17000,109000,-57000,27000,-162000,691000,627000,27000,151000,None,183000,-71000,392000,245000,45000,91000,None,691000,3.88,2.43
13,2016-12-31,USD,11222000,5746000,5410000,5812000,70000,41000,1873000,0,64000,0,3873000,4000,66000,0,6000,None,None,None,0,0,0,23000,0,0,41000,41000,None,USD,29047000,9488000,None,566000,8941000,20106000,141000,3235000,2000,-190021000,353000,9488000,9535000,6698000,8501000,None,None,371000,1402000,18110000,None,10618000,0,3232000,87000,7614000,5266000,0,0,2000,0,-190021000,0,None,47000,None,10937000,87000,87000,353000,440000,None,None,None,209754000,29047000,6698000,None,18000000,USD,None,267000,-27000,0,-16000,14000,-87000,None,41000,601000,614000,-86000,153000,0,117000,-264000,301000,260000,27000,243000,None,601000,1.7,3.88
14,2016-09-30,USD,10940000,5787000,5240000,5700000,-90000,-104000,1945000,0,-97000,0,3842000,-3000,-87000,0,7000,None,None,None,0,0,0,7000,0,0,-104000,-104000,None,USD,28469000,9488000,None,479000,8654000,19815000,127000,3349000,2000,-190062000,345000,9488000,9537000,6097000,8207000,None,None,371000,1491000,17441000,None,10327000,0,3475000,102000,7390000,4858000,0,0,2000,0,-190062000,0,None,49000,None,11028000,102000,102000,345000,447000,None,None,None,209504000,28469000,6097000,None,17000000,USD,None,609000,-72000,0,-16000,-16000,None,None,-104000,135000,223000,114000,151000,0,0,-819000,58000,214000,72000,58000,None,135000,1.4,1.7
15,2016-06-30,USD,10515000,5167000,5571000,4944000,-209000,-247000,1779000,0,-218000,0,3388000,14000,-223000,0,9000,None,None,None,0,0,0,29000,-566000,0,-247000,-247000,None,USD,27779000,9488000,None,580000,8061000,19718000,80000,2922000,2000,-189952000,347000,9488000,9551000,5962000,7598000,180000,180000,371000,1569000,16659000,None,10230000,0,3533000,116000,6584000,4676000,0,0,2000,0,-189952000,0,None,63000,None,11120000,116000,116000,347000,463000,None,None,None,209297000,27779000,5962000,None,17253799,USD,None,-31000,-92000,0,-718000,1334000,-2000,-909000,-247000,1906000,664000,-19000,145000,0,2054000,569000,-506000,328000,92000,-81000,None,1906000,0.97,1.4
16,2016-03-31,USD,9964000,5213000,5186000,4778000,-435000,-456000,1744000,0,-443000,0,3469000,None,-435000,0,8000,None,None,None,0,0,0,13000,0,0,-456000,-456000,None,USD,26486000,9488000,None,568000,8772000,17714000,0,3513000,2000,-189705000,324000,9488000,9542000,4056000,8314000,700000,None,371000,1593000,15351000,None,8226000,0,3452000,134000,7275000,4101000,0,0,2000,0,-189705000,0,None,54000,None,11135000,134000,134000,324000,458000,None,None,None,207046000,26486000,4056000,None,15000000,USD,None,-39000,-375000,0,-17000,-17000,None,None,-456000,-506000,-114000,45000,191000,0,0,494000,0,278000,375000,-627000,None,-506000,0.95,0.97
17,2015-12-31,USD,9540000,5530000,4951000,4589000,-913000,-928000,1716000,0,-922000,0,3814000,28000,-941000,0,9000,None,None,None,0,0,0,6000,0,0,-928000,-928000,None,USD,27091000,9488000,None,615000,9107000,17984000,0,3575000,2000,-189249000,310000,9488000,9544000,4562000,8647000,700000,None,371000,1684000,15863000,None,8496000,0,2825000,150000,7861000,4372000,0,0,2000,0,-189249000,0,None,56000,None,11228000,150000,150000,310000,460000,None,None,None,206860000,27091000,4562000,None,15000000,USD,None,-983000,-88000,0,-15000,50000,-30000,None,-928000,-156000,-118000,-301000,205000,0,95000,1121000,202000,258000,88000,510000,None,-156000,1.13,0.95
18,2015-09-30,USD,10573000,5396000,5506000,5067000,-310000,-331000,1671000,0,-316000,0,3725000,19000,-329000,0,6000,None,None,None,0,0,0,15000,0,0,-331000,-331000,None,USD,28822000,9488000,None,315000,10227000,18595000,0,3790000,2000,-188321000,308000,9488000,9990000,4718000,9781000,700000,None,371000,1476000,17356000,None,9107000,0,3335000,138000,8988000,5291000,0,0,2000,0,-188321000,0,None,60000,442000,11466000,138000,138000,308000,446000,None,None,None,206543000,28822000,4718000,None,15000000,USD,None,-710000,-15000,0,-21000,-37000,-16000,None,-331000,-271000,-219000,164000,218000,0,0,442000,0,306000,15000,-308000,None,-271000,1.25,1.13
19,2015-06-30,USD,10231000,5838000,5411000,4820000,-1023000,-1038000,1778000,0,-1028000,0,4060000,-5000,-1018000,0,5000,None,None,None,0,0,0,10000,-47000,0,-1038000,-1038000,None,USD,29413000,9488000,None,400000,10704000,18709000,0,3849000,2000,-187990000,80000,9488000,10023000,4989000,10472000,700000,914000,371000,1471000,17919000,None,9221000,0,3027000,152000,9503000,5923000,0,0,2000,0,-187990000,0,None,93000,442000,11494000,152000,152000,80000,232000,None,None,None,206326000,29413000,4989000,None,15089720,USD,None,-199000,-103000,0,681000,875000,-53000,326000,-1038000,-609000,-1381000,88000,198000,0,194000,-723000,963000,203000,103000,90000,None,-609000,1.65,1.25
