,fiscalDateEnding,reportedCurrency_x,totalRevenue,totalOperatingExpense,costOfRevenue,grossProfit,ebit,netIncome_x,researchAndDevelopment,effectOfAccountingCharges,incomeBeforeTax,minorityInterest,sellingGeneralAdministrative,otherNonOperatingIncome,operatingIncome,otherOperatingExpense,interestExpense,taxProvision,interestIncome,netInterestIncome,extraordinaryItems,nonRecurring,otherItems,incomeTaxExpense,totalOtherIncomeExpense,discontinuedOperations,netIncomeFromContinuingOperations,netIncomeApplicableToCommonShares,preferredStockAndOtherAdjustments,reportedCurrency_y,totalAssets,intangibleAssets,earningAssets,otherCurrentAssets,totalLiabilities,totalShareholderEquity,deferredLongTermLiabilities,otherCurrentLiabilities,commonStock,retainedEarnings,otherLiabilities,goodwill,otherAssets,cash,totalCurrentLiabilities,shortTermDebt,currentLongTermDebt,otherShareholderEquity,propertyPlantEquipment,totalCurrentAssets,longTermInvestments,netTangibleAssets,shortTermInvestments,netReceivables,longTermDebt,inventory,accountsPayable,totalPermanentEquity,additionalPaidInCapital,commonStockTotalEquity,preferredStockTotalEquity,retainedEarningsTotalEquity,treasuryStock,accumulatedAmortization,otherNonCurrrentAssets,deferredLongTermAssetCharges,totalNonCurrentAssets,capitalLeaseObligations,totalLongTermDebt,otherNonCurrentLiabilities,totalNonCurrentLiabilities,negativeGoodwill,warrants,preferredStockRedeemable,capitalSurplus,liabilitiesAndShareholderEquity,cashAndShortTermInvestments,accumulatedDepreciation,commonStockSharesOutstanding,reportedCurrency,investments,changeInLiabilities,cashflowFromInvestment,otherCashflowFromInvestment,netBorrowings,cashflowFromFinancing,otherCashflowFromFinancing,changeInOperatingActivities,netIncome_y,changeInCash,operatingCashflow,otherOperatingCashflow,depreciation,dividendPayout,stockSaleAndPurchase,changeInInventory,changeInAccountReceivables,changeInNetIncome,capitalExpenditures,changeInReceivables,changeInExchangeRate,changeInCashAndCashEquivalents,clossingVal,nextClossingVal
0,2020-05-31,USD,651962000,301651000,317560000,334402000,33925000,28632000,None,None,33925000,None,301651000,1174000,32751000,None,222000,5293000,None,None,None,None,None,5293000,1174000,None,28632000,28632000,None,USD,3201786000,24044000,None,1020012000,1365999000,1835787000,40764000,259792000,624000,1786147000,95261000,24044000,92049000,823006000,631496000,None,None,-285185000,659265000,1694545000,None,1811743000,None,48684000,None,625849000,371704000,None,None,624000,None,1786147000,None,None,792742000,None,31190000,783888000,None,693739000,734503000,None,None,None,334201000,3201786000,823006000,None,124717000,USD,6475000,12951000,-45626000,6475000,None,-90587000,-30059000,-59192000,28632000,-257456000,-121243000,-84007000,43532000,None,-60528000,-122810000,None,459000,52101000,None,None,-257456000,300.095,
1,2020-02-29,USD,3063158000,2060006000,586665000,810826000,418616000,298021000,None,None,418616000,None,394339000,2129000,416487000,None,4811000,5293000,None,None,None,None,None,120595000,1174000,None,298021000,298021000,None,USD,3281354000,24423000,None,1249206000,1329136000,1952218000,43432000,255254000,621000,1820637000,97254000,24423000,87636000,823006000,620418000,None,None,-224581000,671693000,1807938000,None,1927795000,None,40219000,None,518513000,365164000,None,None,621000,None,1820637000,None,None,745865000,None,31435000,783888000,None,665286000,708718000,None,None,None,355541000,3281354000,1093505000,None,124122000,USD,-3031000,87059000,-65933000,5929000,None,2382000,-451000,20436000,298021000,510659000,574210000,-994000,47489000,None,2833000,107533000,None,35102000,68831000,None,None,510659000,217.41,300.095
2,2019-11-30,USD,916138000,329215000,411094000,505044000,177754000,125982000,None,None,177754000,None,329215000,1925000,175829000,None,-3039000,120595000,None,None,None,None,None,51772000,2129000,None,125982000,125982000,None,USD,2855144000,None,None,788830000,1206408000,1648736000,14190000,216484000,617000,1522921000,67714000,24478000,70126000,1093505000,574769000,None,None,-218137000,656372000,1451676000,None,1624258000,None,35744000,None,627102000,358285000,None,None,617000,None,1522921000,None,None,696279000,None,26339000,739961000,None,617449000,631639000,None,None,None,343335000,2855144000,586153000,None,123336000,USD,-1684000,25889000,-80506000,-369000,None,-8570000,-2093000,-2610000,125982000,-44012000,45064000,-35183000,44022000,None,-6477000,-131766000,None,16120000,78453000,None,None,-44012000,225.69,217.41
3,2019-08-31,USD,916138000,-565538000,397556000,485796000,169832000,124990000,None,None,169832000,None,317814000,1850000,167982000,-883352000,669000,51772000,None,None,None,None,None,44842000,1925000,None,124990000,124990000,None,USD,2694744000,None,None,811060000,1187365000,1507379000,14114000,218589000,615000,1404866000,66445000,24184000,63413000,586153000,552609000,None,None,-228017000,617090000,1333013000,None,1483195000,None,27659000,None,494294000,334020000,None,None,615000,None,1404866000,None,None,694161000,None,26296000,695310000,None,620642000,634756000,None,None,None,329915000,2694744000,623738000,None,122921000,USD,405000,43474000,-68061000,-1136000,None,-693000,-461000,-736000,124990000,44091000,112845000,-54117000,37599000,None,-232000,-50502000,None,11401000,67330000,None,None,44091000,184.67,225.69
4,2019-05-31,USD,883352000,-489407000,360595000,421720000,131191000,96603000,None,None,131191000,None,292908000,2379000,128812000,-782315000,-934000,44842000,None,None,None,None,None,34588000,1850000,None,96603000,96603000,None,USD,2463020000,None,None,708473000,1096300000,1366720000,13834000,221295000,615000,1281432000,55600000,24094000,57630000,623738000,502942000,127180000,127180000,-232531000,582738000,1171584000,None,1342626000,None,20105000,537758000,443006000,281647000,None,None,615000,None,1281432000,None,None,658292000,None,26312000,698493000,None,579524000,593358000,None,None,None,317204000,2463020000,576241000,None,122900000,USD,4657000,-89208000,-63908000,-131000,None,-170292000,-18939000,-42137000,96603000,-297003000,-62803000,-65339000,32823000,None,-151353000,-42856000,None,5174000,68434000,None,None,-297003000,165.59,184.67
5,2019-02-28,USD,None,-1480001000,498875000,668583000,334281000,218465000,None,None,334281000,None,337163000,2861000,331420000,-1817164000,None,None,None,None,None,None,None,115816000,None,None,218465000,218465000,None,USD,2084711000,24239000,None,107334000,638736000,1445975000,14249000,115653000,608000,1346890000,None,None,None,881320000,500477000,None,None,-216808000,567237000,1429282000,None,1421736000,None,35786000,None,404842000,384824000,None,None,608000,None,1346890000,None,None,37404000,None,26549000,None,None,124010000,138259000,None,None,None,315285000,2084711000,881320000,None,121600000,USD,-7819000,-7378000,-76880000,None,None,-183853000,-241000,None,218465000,165170000,425903000,73349000,35369000,None,-183612000,91948000,None,14150000,69061000,None,12543000,177713000,150.42,165.59
6,2018-11-30,USD,1167458000,-1480001000,498875000,668583000,366789000,218465000,0,0,334281000,0,334254000,2861000,331420000,-1817164000,2909000,113515000,None,None,-2301000,0,0,113515000,2861000,0,218465000,218465000,None,USD,2084711000,24239000,None,516000,638736000,1445975000,14249000,115653000,608000,1346890000,138259000,24239000,63953000,881320000,500477000,None,None,-216808000,567237000,1429282000,None,1421736000,None,35786000,None,404842000,384824000,None,None,608000,None,1346890000,None,None,37404000,None,26549000,None,None,124010000,138259000,None,None,None,315285000,2084711000,881320000,None,134000000,USD,-7819000,-7378000,-242794000,-16987000,None,-590214000,8126000,29798000,483801000,-109181000,742779000,73349000,122484000,None,-598340000,91948000,None,14150000,225807000,None,12543000,177713000,132.55,150.42
7,2018-08-31,USD,747655000,-476781000,340878000,406777000,137947000,94413000,0,0,137947000,0,270874000,2044000,135903000,-747655000,0,None,None,None,0,0,0,43534000,724000,0,94413000,94413000,None,USD,1981011000,24237000,None,134421000,574254000,1406757000,1582000,74920000,613000,1310452000,130583000,24237000,62057000,703607000,443671000,None,None,-211462000,531250000,1363467000,None,1382520000,0,29448000,0,495991000,368751000,0,0,613000,0,1310452000,0,None,33902000,None,28155000,None,None,129001000,130583000,None,None,None,307154000,1981011000,703607000,None,122667000,USD,-3883000,101914000,-76622000,-3883000,-100000000,-106122000,-1538000,23716000,94413000,-75894000,106850000,-18961000,31686000,0,-4584000,-104825000,0,2623000,72739000,None,1660000,-74234000,154.93,132.55
8,2018-05-31,USD,723500000,-461514000,327306000,396194000,135799000,95770000,0,0,135799000,0,261986000,1591000,134208000,-723500000,0,None,None,None,0,0,0,40029000,-988000,0,95770000,95770000,None,USD,1881157000,24255000,None,113989000,560942000,1320215000,1582000,77017000,613000,1224044000,111781000,24255000,61319000,777841000,449161000,100000000,100000000,-204144000,487546000,1308037000,None,1295960000,0,23535000,0,392672000,272144000,0,0,613000,0,1224044000,0,None,32974000,None,28345000,None,None,110199000,111781000,None,None,None,299702000,1881157000,777841000,None,122656000,USD,-4514000,111659000,-54978000,-771000,100000000,-302139000,-1245000,5315000,95770000,-182928000,174189000,-47924000,28656000,0,-400894000,-22295000,0,8323000,49693000,None,-5802000,-188730000,105.05,154.93
9,2018-02-28,USD,649706000,240428000,304973000,344733000,107223000,75153000,0,0,107223000,0,240428000,2918000,104305000,0,0,None,None,None,0,0,0,32070000,2515000,0,75153000,75153000,None,USD,2011705000,24361000,None,90964000,375471000,1636234000,1582000,94894000,630000,1530147000,108130000,24345000,62227000,966571000,267341000,5523000,5523000,-185895000,472262000,1452855000,None,1611873000,0,21875000,0,373445000,172447000,0,0,630000,0,1530147000,0,None,31304000,30923000,558850000,None,None,106548000,108130000,None,None,None,291352000,2011705000,966571000,None,125911000,USD,None,-27028000,-34314000,-5285000,100000000,1900000,-6500000,-2850000,75153000,3423000,35837000,6327000,26773000,0,8400000,-50770000,0,5382000,34314000,None,-27353000,-23930000,81.1,105.05
10,2017-11-30,USD,928802000,266233000,406291000,522511000,257504000,119761000,0,0,257504000,0,264232000,1226000,256278000,0,0,None,None,None,0,2001000,0,137743000,-35909000,0,119761000,119761000,None,USD,1998483000,24679000,None,97046000,401523000,1596960000,1336000,102122000,628000,1455002000,107589000,24606000,88559000,990501000,292598000,6427000,6427000,-142923000,473642000,1436282000,None,1572281000,0,19173000,0,329562000,190476000,0,0,628000,0,1455002000,0,None,31389000,None,32491000,None,None,107589000,108925000,None,None,None,284253000,1998483000,990501000,None,125650000,USD,-2604000,79929000,-53341000,-1000,None,2845000,-143000,46035000,119761000,307532000,358028000,42355000,28106000,0,2988000,74297000,0,13580000,50736000,None,32915000,340447000,66.96,81.1
11,2017-08-31,USD,619018000,236374000,297056000,321962000,86640000,58944000,0,0,86640000,0,215367000,1052000,85588000,0,0,None,None,None,0,21007000,0,27696000,0,0,58944000,58944000,None,USD,1720449000,24476000,None,120121000,299173000,1421276000,0,88120000,628000,1336216000,58596000,24340000,91698000,650054000,240577000,12164000,12164000,-191439000,440403000,1188348000,None,1396800000,0,21281000,0,396892000,152493000,0,0,628000,0,1336216000,0,None,29639000,37583000,532101000,None,None,58596000,58596000,None,None,None,275871000,1720449000,650054000,None,125592000,USD,-4599000,17140000,-70162000,-8324000,100000000,-8797000,-1062000,57081000,58944000,-49688000,29271000,19930000,28560000,0,-7735000,-85434000,0,-9869000,57239000,None,-21470000,-71158000,57.55,66.96
12,2017-05-31,USD,581054000,228710000,283632000,297422000,69524000,48711000,0,0,69524000,0,225524000,812000,68712000,0,0,None,None,None,0,3186000,0,20813000,0,0,48711000,48711000,None,USD,1686923000,24749000,None,117569000,289114000,1397809000,7668000,77462000,628000,1285559000,57155000,24549000,88940000,721212000,224291000,None,None,-160421000,426961000,1171022000,None,1373060000,0,15873000,0,316368000,146829000,0,0,628000,0,1285559000,0,None,24175000,40016000,515901000,None,None,57155000,64823000,None,None,None,272043000,1686923000,721212000,None,125697000,USD,-4599000,12352000,-30010000,0,None,-77423000,-63000,-14925000,48711000,-24795000,82638000,-12897000,28406000,0,-77360000,3404000,0,2662000,30010000,None,47718000,22923000,48.27,57.55
13,2017-02-28,USD,520307000,211472000,263412000,256895000,46330000,31246000,0,0,46330000,0,199141000,907000,45423000,0,0,None,None,None,0,12331000,0,15084000,0,0,31246000,31246000,None,USD,1609334000,24248000,None,119735000,261647000,1347687000,6950000,80008000,636000,1312957000,48724000,23990000,77820000,698289000,205973000,None,None,-233275000,398833000,1132681000,None,1323439000,0,10707000,0,303950000,125965000,1347687000,267369000,636000,0,1312957000,0,None,21063000,32509000,476653000,None,None,48724000,55674000,None,None,None,267369000,1609334000,698289000,None,127131000,USD,-4599000,-43580000,-19879000,0,None,-14487000,-1961000,-18360000,31246000,-14966000,19400000,4375000,23163000,0,-12526000,-13445000,0,17641000,19879000,None,-21591000,-36557000,65.26,48.27
14,2016-11-30,USD,789940000,231270000,362041000,427899000,197486000,136135000,0,0,197486000,0,231270000,857000,196629000,0,-1700000,None,None,None,0,75518000,0,61351000,-6737000,0,136135000,136135000,None,USD,1657541000,24557000,None,120259000,297568000,1359973000,7262000,79055000,637000,1294214000,48857000,24233000,71305000,734846000,241449000,None,None,-201500000,423499000,1162737000,None,1335416000,0,9200000,0,298432000,162394000,0,0,637000,0,1294214000,0,None,20492000,None,26256000,None,None,48857000,56119000,None,None,None,266622000,1657541000,734846000,None,127304000,USD,-7203000,54513000,-43343000,-15528000,-923000,-1378000,-632000,-25601000,136135000,243067000,287788000,18452000,24056000,0,177000,68257000,0,-13625000,43343000,None,11393000,254460000,56.99,65.26
15,2016-08-31,USD,544416000,185451000,265990000,278426000,93603000,68285000,0,0,93603000,0,185451000,628000,92975000,0,0,None,None,None,0,-49324000,0,25318000,0,0,68285000,68285000,None,USD,1478940000,24567000,None,166100000,274471000,1204469000,11064000,76319000,636000,1158834000,50699000,24112000,56372000,480386000,212708000,None,None,-217441000,399658000,1022910000,None,1179902000,0,11910000,0,364514000,136389000,1204469000,262440000,636000,0,1158834000,0,None,19359000,12446000,456030000,None,None,50699000,61763000,None,None,None,262440000,1478940000,480386000,None,127296000,USD,None,5133000,-34907000,0,None,-83000,-963000,-29256000,68285000,-37647000,-2657000,-14116000,23958000,0,880000,-90607000,0,4690000,34907000,None,-17317000,-54964000,76.51,56.99
16,2016-07-31,USD,514520000,180202000,239861000,254161000,74537000,53625000,0,0,74537000,0,180202000,578000,73959000,0,0,None,None,None,0,12331000,0,20912000,0,0,53625000,53625000,None,USD,1415501000,24897000,None,139858000,259299000,1156202000,11198000,65468000,636000,1090549000,50663000,24263000,57808000,535350000,197438000,None,None,-192693000,395010000,962683000,None,1131305000,0,10196000,0,277279000,131970000,1156202000,257710000,636000,0,1090549000,0,None,20215000,12696000,452818000,None,None,50663000,61861000,None,None,None,257710000,1415501000,535350000,None,137000000,USD,None,1399000,-44617000,0,None,-10548000,743000,-24942000,53625000,5089000,60254000,-23343000,20498000,0,-11291000,4035000,0,4040000,44617000,None,-19785000,-14696000,77.65,76.51
17,2016-05-31,USD,514520000,180202000,260359000,254161000,74537000,53625000,0,0,74537000,0,180202000,578000,73959000,0,0,None,None,None,0,0,0,20912000,0,0,53625000,53625000,None,USD,1415501000,24897000,None,139858000,259299000,1156202000,11198000,65468000,636000,1090549000,51620000,24493000,52649000,535350000,197438000,None,None,-192693000,395010000,962683000,None,1131305000,0,10196000,0,277279000,131970000,1136225000,250799000,636000,0,1090549000,0,None,20215000,12696000,452818000,None,None,50663000,61861000,None,None,None,257710000,1415501000,535350000,None,127258000,USD,None,1399000,-44617000,0,None,-10548000,743000,-12000000,53625000,5089000,60254000,-23343000,20498000,0,-11291000,4035000,0,4040000,44617000,None,-19785000,-14696000,65.03,77.65
18,2016-01-31,USD,704276000,188184000,328924000,354467000,167221000,117416000,0,0,167221000,0,188184000,938000,166283000,0,-3500000,None,None,None,0,38525000,0,49805000,11377000,0,117416000,117416000,None,USD,1314077000,24777000,None,118440000,286595000,1027482000,10759000,83187000,637000,1019515000,50332000,23830000,47433000,501482000,225504000,None,None,-238203000,349605000,917039000,None,1002705000,0,13108000,0,284009000,142317000,0,0,637000,0,1019515000,0,None,10854000,None,11802000,None,None,50332000,61091000,None,None,None,245533000,1314077000,501482000,None,141000000,USD,-7203000,29209000,-35426000,-15528000,None,-106241000,-2286000,38362000,117416000,131133000,298740000,25637000,20885000,0,-103955000,68031000,0,11622000,35426000,None,-33097000,98036000,62.07,65.03
19,2015-11-30,USD,479693000,156619000,254896000,224797000,65288000,53153000,0,0,65288000,0,156619000,-2890000,68178000,0,0,None,None,None,0,0,0,12135000,0,0,53153000,53153000,None,USD,1321559000,25407000,None,154842000,261600000,1059959000,3524000,75373000,648000,1003331000,49748000,24244000,46350000,403446000,208328000,None,None,-190834000,346705000,928504000,None,1034552000,0,12463000,0,357753000,132955000,0,0,648000,0,1003331000,0,None,10184000,10759000,393055000,None,None,49748000,53272000,None,None,None,246814000,1321559000,403446000,None,129581000,USD,None,56632000,-42943000,0,None,-88615000,-958000,None,53153000,-137779000,-6221000,-64123000,19707000,0,-87657000,-77307000,0,5717000,42943000,None,-37000,-137816000,47.82,62.07
