,fiscalDateEnding,reportedCurrency_x,totalRevenue,totalOperatingExpense,costOfRevenue,grossProfit,ebit,netIncome_x,researchAndDevelopment,effectOfAccountingCharges,incomeBeforeTax,minorityInterest,sellingGeneralAdministrative,otherNonOperatingIncome,operatingIncome,otherOperatingExpense,interestExpense,taxProvision,interestIncome,netInterestIncome,extraordinaryItems,nonRecurring,otherItems,incomeTaxExpense,totalOtherIncomeExpense,discontinuedOperations,netIncomeFromContinuingOperations,netIncomeApplicableToCommonShares,preferredStockAndOtherAdjustments,reportedCurrency_y,totalAssets,intangibleAssets,earningAssets,otherCurrentAssets,totalLiabilities,totalShareholderEquity,deferredLongTermLiabilities,otherCurrentLiabilities,commonStock,retainedEarnings,otherLiabilities,goodwill,otherAssets,cash,totalCurrentLiabilities,shortTermDebt,currentLongTermDebt,otherShareholderEquity,propertyPlantEquipment,totalCurrentAssets,longTermInvestments,netTangibleAssets,shortTermInvestments,netReceivables,longTermDebt,inventory,accountsPayable,totalPermanentEquity,additionalPaidInCapital,commonStockTotalEquity,preferredStockTotalEquity,retainedEarningsTotalEquity,treasuryStock,accumulatedAmortization,otherNonCurrrentAssets,deferredLongTermAssetCharges,totalNonCurrentAssets,capitalLeaseObligations,totalLongTermDebt,otherNonCurrentLiabilities,totalNonCurrentLiabilities,negativeGoodwill,warrants,preferredStockRedeemable,capitalSurplus,liabilitiesAndShareholderEquity,cashAndShortTermInvestments,accumulatedDepreciation,commonStockSharesOutstanding,reportedCurrency,investments,changeInLiabilities,cashflowFromInvestment,otherCashflowFromInvestment,netBorrowings,cashflowFromFinancing,otherCashflowFromFinancing,changeInOperatingActivities,netIncome_y,changeInCash,operatingCashflow,otherOperatingCashflow,depreciation,dividendPayout,stockSaleAndPurchase,changeInInventory,changeInAccountReceivables,changeInNetIncome,capitalExpenditures,changeInReceivables,changeInExchangeRate,changeInCashAndCashEquivalents,clossingVal,nextClossingVal
0,2020-06-30,USD,18576000,7707000,9059000,9517000,1810000,1369000,1505000,None,1809000,None,6202000,None,1810000,None,1000,440000,None,-1000,None,None,None,440000,None,None,1369000,1369000,None,USD,91222000,9544000,None,4911000,21421000,69801000,None,3368000,32000,-15995000,7140000,10542000,1957000,26506000,14281000,None,None,None,3078000,59083000,None,49715000,None,16435000,None,11231000,10913000,None,None,32000,None,-15995000,-4541000,None,7549000,None,1426000,897000,None,7140000,7140000,None,None,None,90305000,91222000,26506000,None,30797535,USD,-137000,-526000,-137000,-100000,-13000,-52000,-26000,-117000,1369000,182000,371000,-938000,684000,None,-39000,-40000,-876000,698000,37000,-876000,None,182000,5.84,
1,2020-03-31,USD,17141000,7974000,8777000,8364000,458000,-1116000,1597000,None,458000,None,6377000,68000,390000,None,0,138000,59000,0,-1436000,None,None,138000,68000,-1436000,320000,-1116000,None,USD,84959000,9853000,None,4187000,17182000,67777000,None,3569000,32000,-17364000,1880000,10542000,2063000,26324000,15302000,None,None,None,3306000,57221000,None,47382000,None,15519000,None,11191000,11733000,None,None,32000,None,-17364000,-4337000,None,2495000,None,1542000,1096000,20000,1880000,1880000,None,None,None,89446000,84959000,26324000,None,30486577,USD,435000,-760000,435000,509000,-13000,1185000,None,-287000,-1116000,1318000,-302000,-494000,679000,None,1198000,-897000,737000,1549000,74000,737000,None,1318000,6.15,5.84
2,2019-12-31,USD,19447924,8663022,9070265,10377659,1787430,2146122,2255253,None,1784823,None,6407769,72793,1714637,None,2607,-361299,68350,-1072,None,None,None,-361299,69372,-1436000,2146122,2146125,-3,USD,86524060,10194477,None,4045914,19055542,67468518,None,3887685,31849,-16248127,2011000,10541676,1900088,25005917,17044055,None,None,None,3465612,58116293,None,46732365,None,18770031,None,10294431,13156370,None,None,31849,None,-16248127,-4337107,None,2790439,None,1415563,1333617,23090,2011487,2011487,None,None,None,88021903,86524060,25005917,None,30149105,USD,-117976,704999,-117976,-77903,-13146,-3620,None,215532,2146123,3591645,3713241,1371195,668697,None,9526,-649568,-10691,-517514,40073,-10691,None,3591645,7.29,6.15
3,2019-09-30,USD,18421010,7801173,9135836,9285174,1557007,1230252,2047524,None,1554975,None,5753649,73006,1484001,None,2032,324723,70700,-2032,None,None,None,324723,73006,-1436000,1230252,1117406,112846,USD,82887795,10570347,None,4561393,17978880,64908915,None,3389417,31998,-18394250,2257958,10345250,798214,21414272,15720922,None,None,None,3626833,54917722,None,43993318,None,19297193,None,9644864,12331505,None,None,31998,None,-18394250,-4337107,None,3427643,None,27970073,1446398,34340,2257958,2257958,None,None,None,87608274,82887795,21414272,None,30158271,USD,-150118,2200137,-150118,-55351,-12356,-1941408,None,-395185,1230251,-2123401,-31875,201430,668985,None,-1929052,88074,-2951039,-1469713,94767,-2951039,None,-2123401,5.79,7.29
4,2019-06-30,USD,17813663,7737955,9061748,8751915,1087717,840292,1735342,None,1087665,None,6002613,73757,1013960,None,52,247373,76760,-52,None,None,None,247373,73757,-1436000,840292,750743,89549,USD,82188917,10952448,None,4157403,17000754,65188163,None,2407830,30557,-19511512,None,10345249,422386,23537673,14380308,None,None,None,3752698,53773826,None,43889144,None,16345813,None,9732937,11972478,None,None,30557,1322,-19511512,-2337110,None,3364696,None,28415091,1435037,47580,2620446,2620446,None,None,None,87004906,82188917,23537673,None,28300766,USD,-266757,-3509976,-266757,-76213,-257782,-295728,None,24066,840292,-1042333,-479848,-652501,548300,None,-37946,366653,-339766,2267150,190544,-339766,None,-1042333,4.5,5.79
5,2019-03-31,USD,14833118,7665211,8065484,6767634,-728081,1125879,1457893,None,-739268,None,6207318,169496,-897577,None,11187,-1865150,160040,-11187,None,None,None,-1865147,169496,None,1125879,1042821,83058,USD,83563808,11309181,None,3916602,19555876,64007932,None,2792119,30329,-20262401,2970879,10345249,36040,24580006,16584997,247726,247726,None,3845748,54498481,None,42352180,None,16005819,2914504,9996054,13545152,None,None,30329,1322,-20262401,-2116640,None,3565149,None,29065327,1420042,56380,2970879,2970879,None,None,None,86355322,83563808,24580006,None,28145713,USD,-19280140,1196425,-19280140,-19064889,-381763,-196804,None,-41549,1125879,-17880261,1596683,-321151,617309,None,184959,-527849,1052571,-1546501,215251,1052571,None,-17880261,4.17,4.5
6,2018-12-31,USD,13538323,12314851,6966047,6572276,1223472,939836,1252663,0,599798,0,4096141,None,1223472,0,-21162,None,None,None,1062190,0,0,722147,-623674,1062185,-122349,1130731,None,USD,75598736,3302270,None,3357680,13244406,62354330,1035974,2486111,30120,-21305222,1035974,101008,338815,42460267,12139454,640586,619315,None,3627886,68228757,None,58949730,None,15537068,None,6873742,8993442,None,None,30120,1322,-21305222,-2116640,None,338815,None,7369979,68978,68978,None,1104952,None,None,None,85744750,75598736,42460267,None,27956401,USD,None,-705893,-4190311,-4075460,-471922,-629724,None,1367475,939836,-4684452,135583,2482392,320344,None,-157802,24278,-1988363,-741713,114851,-2183661,None,-4684452,3.35,4.17
7,2018-09-30,USD,10687026,4107114,5998415,4688611,761712,8848402,873629,0,733683,0,3233485,180215,581497,0,28029,None,None,None,0,0,0,-559093,152186,7555626,1292776,8785167,63235,USD,73794579,1709003,None,3341490,12704558,61090021,1072696,1548371,30081,-22178651,1072696,0,345487,47144719,11548457,1113319,1073571,None,2678411,69061678,None,59379696,0,13113055,83000,5462414,8886767,0,0,30081,1322,-22178651,-2116640,None,345487,None,4732901,83405,83405,None,1156101,None,None,None,85353909,73794579,47144719,None,27936401,USD,None,497337,14610355,14684382,-466090,-51050,None,1367475,8848402,13851919,-707386,153607,275638,0,415040,-509881,-1988363,-7438377,74027,-2534112,None,13851919,3.23,3.35
8,2018-06-30,USD,13772648,4771319,8100180,5672468,1003182,1067327,1003863,0,969194,0,3767456,102033,901149,0,33988,None,None,None,0,0,0,-98133,-35059,7555626,1067327,1004092,63235,USD,65163106,3137083,None,4286754,13469960,51693146,1109397,1920614,29897,-30963818,1109397,502000,326117,33292800,12305593,1527828,1527828,None,3323749,57874157,None,48052741,0,13387605,55000,6906998,3787701,0,0,29897,1322,-30963818,-2116640,None,326117,None,7288949,54970,54970,None,1164367,None,None,None,84742385,65163106,33292800,None,27772424,USD,None,1202782,-140093,-71801,-470030,186907,None,1367475,1067327,-149874,-196688,-1238897,314725,0,656937,-372099,-1988363,122543,68292,-1293069,None,-149874,2.98,3.23
9,2018-03-31,USD,12193172,4911105,7167054,5026118,190810,148676,1101488,0,150072,0,3809617,75797,115013,0,40738,None,None,None,0,0,0,1396,35059,7555626,148676,84251,64425,USD,62987672,3204843,None,3495767,13136334,49851338,1148370,2353940,29217,-31967910,1148370,502000,281746,33442674,11692696,1750000,1750000,None,3425544,55573539,None,46143173,0,12100199,232084,6534899,2357649,0,0,29217,1322,-31967910,-1955787,None,281746,None,7414133,63184,295268,None,1443638,None,None,None,83744496,62987672,33442674,None,27162195,USD,None,-1456154,-242828,-113108,-471944,-755697,None,133293,148676,-3538859,-2540334,-1295684,307852,0,-283753,-110095,-8149,94606,129720,-229535,None,-3538859,3.24,2.98
10,2017-12-31,USD,7900271,3009647,4060366,3839905,830023,435330,-73357,0,791376,0,3083004,-235,830258,0,38647,None,None,None,0,0,0,-232403,-132757,-588449,1023779,385772,49558,USD,66222636,3237593,None,1220650,16684855,49537781,1184438,1026339,29186,-32406189,1185000,502000,3758000,36981533,14826135,1876998,1833333,None,3453741,59011278,None,45796866,0,13857985,603007,6951110,11922798,0,0,29186,1322,-32406189,-1649746,None,18024,None,7211358,71275,674282,None,1858720,None,None,None,83563208,66222636,36981533,None,27283918,USD,None,625094,-561945,-103112,-471709,-1304615,None,83428,435329,-1532904,333656,-108134,284742,0,-832906,348925,1152000,-276561,458833,-975739,None,-1532904,2.43,3.24
11,2017-09-30,USD,11642148,4089885,7109387,4532761,439487,15757324,833811,0,384388,0,3256074,-3389,442876,0,55099,None,None,None,0,0,0,-130977,3117,15241959,515365,15723625,33699,USD,66609151,3264285,None,924196,16912435,49696716,1221170,897023,29074,-32791936,1221000,502000,7784000,38514437,14554756,1882403,1833333,None,3145769,55679073,4000000,45929109,0,8940405,1057263,7300035,11775330,0,0,29074,1322,-32791936,-746007,None,18024,None,10930078,79246,1136509,None,2357679,None,None,None,83204263,66609151,38514437,None,27815060,USD,None,-408301,27855504,27952985,-471475,-528029,None,-297430,15757324,28223182,895707,55853,488119,0,-56554,-1080717,2128000,-14937684,97481,1021113,None,28223182,1.69,2.43
12,2017-06-30,USD,13576471,5200118,8495567,5080904,-120439,-221762,1263911,0,-180825,0,3936207,-1225,-119214,0,60386,None,None,None,0,0,0,40937,2417,-71472591,-221762,-251298,29536,USD,51551084,8003009,None,1266090,17859810,33691274,1337893,946146,28878,-48515561,1338000,2348331,10420000,10291255,14921343,1885737,3486311,None,6882576,34248390,None,23338612,0,13150291,1511520,9540754,12089460,0,0,28878,1322,-48515561,-661253,None,68778,None,17302694,89054,1600574,None,2938467,None,None,None,82837888,51551084,10291255,None,27688710,USD,None,337639,-821797,-182888,-471247,-614513,None,-297430,-221761,-1814679,-378369,269913,797061,0,-143266,-818084,1107000,162084,638909,-905221,None,-1814679,1.51,1.69
13,2017-03-31,USD,13118384,5940529,8443129,4675255,-1264923,-1355987,1444828,0,-1329297,0,4495701,351,-1265274,0,64374,None,None,None,0,0,0,26690,-64023,14452425,-1355987,-1390083,34096,USD,51893971,8280903,None,1536003,17989366,33904605,1372356,843345,28621,-48264288,1372000,2348331,10698000,12105934,14549906,1886376,1886376,None,6575200,34620759,None,23274049,0,12256152,1965776,8722670,11820185,0,0,28621,1322,-48264288,-517987,None,68778,None,17273212,101328,2067104,None,3439460,None,None,None,82656937,51893971,12105934,None,27542277,USD,None,-1450966,-290362,-133054,-471030,-470210,None,55092,-1355987,-696524,64048,55092,956687,0,820,-352435,2011000,199755,157308,2011902,None,-696524,1.73,1.51
14,2016-12-31,USD,15958157,5683046,9847153,6111004,427889,306136,1337306,0,345625,0,4345740,-69,427958,0,82264,None,None,None,0,0,0,39489,-231258,300440,306136,275609,30527,USD,54996973,8681263,None,1627175,19907285,35089688,1403957,949603,28600,-46874205,1404000,2348331,11118000,12802458,15968356,1885461,1833333,None,6780838,37097593,None,24058772,0,14297725,2420032,8370235,13133292,0,0,28600,1322,-46874205,-517987,None,88948,None,17899380,114940,2534972,None,3938929,None,None,None,82451958,54996973,12802458,None,27541277,USD,None,1740620,-249637,-172913,-509104,-517097,None,-238736,306134,-380693,386041,-17260,954002,0,-7993,-471511,-3568761,244932,76724,-2370876,None,-380693,1.47,1.73
15,2016-09-30,USD,14618920,5970846,9009620,5609300,-361777,-445078,1403678,0,-435376,0,4567168,-231,-361546,0,73599,None,None,None,0,0,0,9702,43386,0,-445078,-474019,28941,USD,53432611,9053931,None,1770071,18835925,34596686,1440146,988888,28262,-47149813,1440000,2348331,11491000,13183151,14350500,1884259,None,None,7112535,34828866,None,23193102,0,11976920,2916667,7898724,11477353,0,0,28262,1322,-47149813,-509994,None,88948,None,18603745,128612,3045279,None,4485425,None,None,None,82226909,53432611,13183151,None,27542401,USD,None,-17317,-211574,-73089,-470588,-639262,None,None,-445076,-624648,226188,-75261,898274,0,-168674,490371,1197885,405333,138485,-1030136,None,-624648,1.41,1.47
16,2016-06-30,USD,14646904,5822431,9476054,5170850,-691070,-770976,1240655,0,-769976,0,4581776,-39489,-651581,0,79000,None,None,None,0,0,0,1000,-36158,0,-770976,-795556,24580,USD,54334000,9490702,None,1695000,19324000,35010000,1481824,1027929,28000,-46675795,1482000,2349000,11929000,13808000,14326000,1883668,None,None,7362000,35043495,None,23169755,0,11151791,3516000,8389000,11413952,0,0,28241,1322,-46675795,-341320,None,88948,None,19290445,141457,3516457,None,4998281,None,None,None,81997662,54333940,13807799,None,28000000,USD,None,-529584,-1299407,-142731,-470376,-626762,None,None,-770976,-1393657,532512,70271,921804,0,-156386,474000,167749,256740,1156676,130560,None,-1393657,1.24,1.41
17,2016-03-31,USD,13987015,6195773,9143408,4843607,-1348226,-1459574,1550491,0,-1434399,0,4645282,3940,-1352166,0,86173,None,None,None,0,0,0,25175,-82233,0,-1459574,-1480784,21210,USD,55980818,9915133,None,1765081,20274571,35706247,1520057,1202018,28198,-45880239,1520000,2274112,12278000,15201456,14766520,1882508,None,None,6560430,37142195,None,23515680,0,11332866,3833333,8842792,11681994,0,0,28198,1322,-45880239,-184934,None,88948,None,18838623,154661,3987994,None,5508051,None,None,None,81741900,55980818,15201456,None,27477181,USD,None,-629030,-239566,-101467,-478440,-478440,None,None,-1459574,-2262584,-1544578,-376642,939799,0,0,20375,298309,258803,138099,-298309,None,-2262584,1.05,1.24
18,2015-12-31,USD,15450280,5824569,10414453,5035827,-817738,7914474,1641780,0,-901621,0,4182789,-28996,-788742,0,83883,None,None,None,0,0,0,-489709,-3841242,8326386,-411912,7893442,21032,USD,58131813,10404312,None,1388439,21224795,36907018,1564229,1109759,28178,-44399455,1564000,2274112,12768000,17464040,15333662,1864792,1833333,None,6614238,38750203,None,24227272,0,11034557,4291667,8863167,12359111,0,0,28178,1322,-44399455,-184934,None,88948,None,19381610,35237,4326904,None,5891133,None,None,None,81461907,58131813,17464040,None,27477181,USD,None,985699,8544950,8867790,604445,604445,None,-131411,7914482,10374004,1224609,513938,908224,0,0,1174034,-2040323,-8559506,322840,-1712262,None,10374004,1.08,1.05
19,2015-09-30,USD,13205230,5701814,8226157,4979073,-707976,-801689,1491096,0,-785393,0,4210718,14765,-722741,0,77417,None,None,None,0,0,0,16296,-43271,0,-801689,-819906,18217,USD,47098614,11301624,None,1672120,18513271,28585343,1427572,788974,28072,-52292904,1428000,913882,12304000,7090036,13045064,1546616,None,None,6672507,28121653,None,16368515,0,9322295,4000000,10037202,10709474,0,0,28072,1322,-52292904,-184934,None,88948,None,18976961,40635,4040635,None,5468207,None,None,None,81033787,47098614,7090036,None,27390919,USD,None,456605,-451000,-113667,-395223,-514823,None,None,-801696,-422477,543346,-37877,724557,0,-119600,-81281,328061,275288,337333,7750,None,-422477,0.9346,1.08
