,fiscalDateEnding,reportedCurrency_x,totalRevenue,totalOperatingExpense,costOfRevenue,grossProfit,ebit,netIncome_x,researchAndDevelopment,effectOfAccountingCharges,incomeBeforeTax,minorityInterest,sellingGeneralAdministrative,otherNonOperatingIncome,operatingIncome,otherOperatingExpense,interestExpense,taxProvision,interestIncome,netInterestIncome,extraordinaryItems,nonRecurring,otherItems,incomeTaxExpense,totalOtherIncomeExpense,discontinuedOperations,netIncomeFromContinuingOperations,netIncomeApplicableToCommonShares,preferredStockAndOtherAdjustments,reportedCurrency_y,totalAssets,intangibleAssets,earningAssets,otherCurrentAssets,totalLiabilities,totalShareholderEquity,deferredLongTermLiabilities,otherCurrentLiabilities,commonStock,retainedEarnings,otherLiabilities,goodwill,otherAssets,cash,totalCurrentLiabilities,shortTermDebt,currentLongTermDebt,otherShareholderEquity,propertyPlantEquipment,totalCurrentAssets,longTermInvestments,netTangibleAssets,shortTermInvestments,netReceivables,longTermDebt,inventory,accountsPayable,totalPermanentEquity,additionalPaidInCapital,commonStockTotalEquity,preferredStockTotalEquity,retainedEarningsTotalEquity,treasuryStock,accumulatedAmortization,otherNonCurrrentAssets,deferredLongTermAssetCharges,totalNonCurrentAssets,capitalLeaseObligations,totalLongTermDebt,otherNonCurrentLiabilities,totalNonCurrentLiabilities,negativeGoodwill,warrants,preferredStockRedeemable,capitalSurplus,liabilitiesAndShareholderEquity,cashAndShortTermInvestments,accumulatedDepreciation,commonStockSharesOutstanding,reportedCurrency,investments,changeInLiabilities,cashflowFromInvestment,otherCashflowFromInvestment,netBorrowings,cashflowFromFinancing,otherCashflowFromFinancing,changeInOperatingActivities,netIncome_y,changeInCash,operatingCashflow,otherOperatingCashflow,depreciation,dividendPayout,stockSaleAndPurchase,changeInInventory,changeInAccountReceivables,changeInNetIncome,capitalExpenditures,changeInReceivables,changeInExchangeRate,changeInCashAndCashEquivalents,clossingVal,nextClossingVal
0,2020-06-30,USD,9163000,73742000,728000,9163000,-63946000,-69071000,57301000,None,-58821000,None,14113000,633000,-64579000,14841000,-5125000,None,633000,-4492000,None,1600000,None,None,-1600000,None,-58821000,-69071000,None,USD,322540000,18833000,None,9461000,333227000,-10687000,None,2367000,108000,-1477126000,862000,44543000,1448000,86943000,97558000,10457000,10457000,312000,11524000,246192000,None,-74063000,114923000,30876000,234807000,3989000,87101000,None,None,108000,None,-1477126000,-4843000,None,1448000,None,76348000,553000,234807000,862000,235669000,None,None,None,1470862000,322540000,201866000,None,None,USD,78074000,17395000,78074000,None,-322000,-425000,None,-1161000,-69071000,31351000,-46298000,-1161000,1264000,None,-103000,158000,-741000,4258000,0,-741000,None,31351000,2.0,
1,2020-03-31,USD,7999000,70437000,568000,7999000,-61480000,-66611000,55181000,None,-56349000,None,14688000,958000,-62438000,15256000,-5131000,None,958000,-4173000,None,None,None,None,None,None,-56349000,-66611000,None,USD,370567000,19275000,None,8195000,315790000,54777000,None,None,108000,-1408055000,70568000,44543000,1553000,55592000,80319000,10734000,10734000,860000,13582000,291614000,None,-9041000,193545000,30135000,234488000,4147000,69585000,None,None,108000,None,-1408055000,-4740000,None,1553000,None,78953000,None,234488000,983000,235471000,None,None,None,1466604000,370567000,249137000,None,107000000,USD,42778000,15137000,42778000,42778000,-321000,-1244000,None,-2773000,-66611000,19480000,-22054000,-2773000,1268000,None,-923000,96000,26397000,4432000,0,26397000,None,19480000,1.95,2.0
2,2019-12-31,USD,8727000,55944000,774000,8727000,-45947000,-51138000,40606000,None,-51138000,None,56835000,1270000,-47217000,-41497000,15599000,0,1270000,-3921000,None,-57276000,None,None,0,None,-51138000,-51138000,None,USD,417715000,19716000,None,5320000,300614000,117101000,None,None,106000,-1341444000,55431000,44543000,-45000,36112000,65341000,11012000,11012000,84000,14047000,337754000,None,52842000,235547000,56532000,234171000,4243000,54329000,None,None,106000,None,-1341444000,-3817000,None,1655000,None,79961000,1102000,234171000,1102000,235273000,None,None,None,1462172000,417715000,271659000,None,117000000,USD,-109398000,20681000,-109398000,-155785000,-322000,-322000,None,752000,-51138000,-134091000,-24371000,752000,1313000,None,0,233000,309000,-25159000,70000,309000,None,-134091000,4.15,1.95
3,2019-09-30,USD,294448000,69772000,577000,294448000,225276000,226086000,26659000,None,220072000,None,13898000,600000,224676000,14475000,-5204000,-6014000,600000,-4604000,None,28638000,None,-6014000,-28638000,None,226086000,226086000,None,USD,444588000,20157000,None,5973000,279876000,164712000,None,1117000,106000,-1290306000,34750000,44543000,69044000,170203000,44824000,11289000,11289000,36000,14540000,363594000,None,100012000,126101000,56841000,233837000,4476000,32418000,None,None,106000,None,-1290306000,-3817000,None,1754000,None,80994000,None,233837000,1215000,235052000,None,None,None,1458693000,444588000,296304000,None,117000000,USD,-31281000,-12197000,-31281000,-46387000,-320000,-320000,None,796000,226086000,159097000,190698000,796000,1287000,None,0,-199000,-51261000,26186000,70000,-51261000,None,159097000,3.01,4.15
4,2019-06-30,USD,9682000,28227000,1327000,9682000,-17854000,-23018000,12637000,None,-23018000,None,14263000,691000,-18545000,15590000,5164000,None,691000,-4473000,None,None,None,None,-4473000,None,-23018000,-23018000,None,USD,233143000,49236000,None,6625000,298029000,-64886000,30282000,2243000,106000,-1516392000,30282000,44543000,-2000,11106000,22469000,1115000,1115000,86000,15007000,122459000,None,-158665000,94871000,5580000,243953000,4277000,19111000,None,None,106000,None,-1516392000,-3817000,None,1898000,None,110684000,None,243953000,1325000,275560000,None,None,None,1455131000,233143000,105977000,None,106000000,USD,-7450000,-6215000,-7450000,-15106000,-322000,-322000,None,-1844000,-23018000,-34672000,-26900000,-1844000,1272000,None,0,329000,-1190000,3766000,70000,-1190000,None,-34672000,6.29,3.01
5,2019-03-31,USD,9216000,26685000,553000,9216000,-16680000,-21797000,12022000,None,-21797000,None,14110000,789000,-17469000,14663000,5117000,None,-5117000,-4328000,None,None,None,None,-4328000,None,-21797000,-21797000,None,USD,258516000,49678000,None,4686000,304203000,-45687000,30637000,2432000,106000,-1493374000,30637000,44543000,-7000,45778000,28221000,1115000,1115000,33000,15475000,146827000,None,-139908000,87367000,4390000,243912000,4606000,24674000,None,None,106000,None,-1493374000,-3817000,None,1993000,None,111689000,None,243912000,1433000,275982000,None,None,None,1451365000,258516000,133145000,None,106000000,USD,-7656000,-8162000,-7726000,-7656000,-321000,-1262000,None,-1927000,-21797000,-34608000,-25620000,-1927000,1247000,None,-941000,74000,1534000,3411000,70000,1534000,None,-34608000,5.56,6.29
6,2018-12-31,USD,17393000,29234000,12671000,17393000,-11031000,-16255000,12102000,0,-16255000,0,48897000,810000,-11841000,-31765000,5224000,None,None,None,0,0,0,0,-4414000,0,-16255000,-16255000,None,USD,284136000,50119000,None,2668000,310541000,-26405000,29665000,3395000,106000,-1471577000,29903000,44543000,285000,80386000,36751000,1115000,1115000,-12000,15865000,173324000,None,-121067000,79666000,5924000,243887000,4680000,32241000,None,None,106000,None,-1471577000,-2876000,None,285000,None,110812000,None,243887000,238000,273790000,None,None,None,1447954000,284136000,160052000,None,106000000,USD,58788000,-12946000,58751000,169671000,-321000,-139000,None,871000,-16255000,31484000,-27128000,871000,1291000,None,182000,75000,-3011000,2847000,37000,-3011000,None,31484000,6.64,5.56
7,2018-09-30,USD,6856000,29899000,14320000,6856000,-22260000,-27512000,13769000,0,-27512000,0,15579000,783000,-23043000,16130000,5252000,None,None,None,0,0,0,0,-4469000,0,-27512000,-27512000,None,USD,310192000,50561000,None,3395000,339593000,-29401000,27005000,2117000,106000,-1471485000,27257000,44543000,429000,48902000,68506000,1115000,1115000,-71000,16299000,198360000,None,-124505000,138395000,2913000,243830000,4755000,65274000,-29401000,1444925000,106000,0,-1471485000,-2876000,None,429000,None,111832000,None,243830000,252000,271087000,None,None,None,1444925000,310192000,187297000,None,106000000,USD,56398000,1733000,56395000,110883000,-514000,-356000,None,558000,-27512000,33858000,-22181000,558000,1283000,0,158000,-2613000,1493000,2877000,3000,1493000,None,33858000,10.67,6.64
8,2018-06-30,USD,13753000,44182000,27427000,13753000,-29519000,-34706000,26589000,0,-34706000,0,16755000,910000,-30429000,17593000,5187000,None,None,None,0,0,0,0,-4277000,0,-34706000,-34706000,None,USD,332937000,51002000,None,3954000,338008000,-5071000,24209000,5124000,106000,-1443973000,24474000,44543000,429000,15044000,81336000,12896000,12896000,-218000,16772000,220191000,None,-100616000,194645000,4406000,232198000,2142000,63316000,-5071000,1441890000,106000,0,-1443973000,-2876000,None,429000,None,112746000,None,232198000,265000,256672000,None,None,None,1441890000,332937000,209689000,None,106000000,USD,47382000,-22308000,47367000,54485000,-588000,-221000,None,334000,-34706000,-5377000,-52523000,334000,1213000,0,367000,-30000,76000,2898000,15000,76000,None,-5377000,12.0,10.67
9,2018-03-31,USD,25207000,63173000,48316000,25207000,-36961000,-42075000,47783000,0,-42075000,0,14857000,1005000,-37966000,533000,5114000,None,None,None,0,0,0,0,-4109000,0,-42075000,-42075000,None,USD,386813000,51444000,None,4284000,360619000,26194000,28091000,7437000,106000,-1409267000,28370000,44543000,432000,20421000,100370000,13517000,13517000,-394000,17244000,273150000,None,-69793000,241851000,4482000,231879000,2112000,79416000,26194000,1438625000,106000,0,-1409267000,-2876000,None,432000,None,113663000,None,231879000,279000,260249000,None,None,None,1438625000,386813000,262272000,None,106000000,USD,7103000,-9332000,7063000,7103000,-581000,-1528000,None,147000,-42075000,-41240000,-46775000,147000,1232000,0,-947000,-164000,343000,3074000,40000,343000,None,-41240000,8.57,12.0
10,2017-12-31,USD,33047000,63832000,62908000,33047000,-30224000,-28378000,47161000,0,-32387000,0,16133000,561000,-30785000,538000,2163000,None,None,None,0,0,0,-4009000,-7131000,0,-28378000,-28378000,None,USD,436539000,51885000,None,4434000,384437000,52102000,28442000,40099000,106000,-1381404000,22720000,44543000,96857000,61661000,124127000,14094000,14094000,-222000,17687000,321995000,None,-44326000,249127000,4825000,231576000,1948000,69934000,0,0,106000,0,-1381404000,-1904000,None,429000,None,114544000,None,231576000,292000,260310000,None,None,None,1435526000,436539000,310788000,None,105000000,USD,-135762000,-8190000,-135766000,0,145339000,147845000,None,-524000,-28378000,-21632000,-33711000,24000,1111000,0,2506000,201000,166000,-1750000,4000,3271000,None,-21632000,9.88,8.57
11,2017-09-30,USD,26942000,56460000,55537000,26942000,-29103000,-30722000,39137000,0,-30722000,0,16724000,415000,-29518000,599000,1619000,None,None,None,0,0,0,0,0,0,-30722000,-30722000,None,USD,329487000,52327000,None,4458000,251111000,78376000,36568000,48738000,106000,-1353026000,26848000,44543000,97299000,83293000,128728000,14633000,14633000,-63000,18167000,214021000,None,-18494000,113524000,10597000,85512000,2149000,65357000,78376000,1433263000,106000,0,-1353026000,-1904000,None,429000,None,115466000,None,85512000,303000,122383000,None,None,None,1433263000,329487000,196817000,None,106000000,USD,87108000,-5695000,87047000,0,-552000,-498000,None,5715000,-30722000,52587000,-33962000,5715000,1081000,0,54000,-1338000,3105000,2580000,61000,-5583000,None,52587000,12.29,9.88
12,2017-06-30,USD,12053000,45946000,45028000,12053000,-33445000,-35059000,26934000,0,-35059000,0,18475000,448000,-33893000,537000,1614000,None,None,None,0,0,0,0,0,0,-35059000,-35059000,None,USD,363513000,52768000,None,10174000,257200000,106313000,38331000,63201000,105000,-1322304000,28621000,44543000,97739000,30706000,133173000,15156000,100539000,-214000,18588000,247186000,None,9002000,200481000,5014000,85383000,811000,54816000,106313000,1430630000,105000,0,-1322304000,-1904000,None,428000,None,116327000,None,85383000,313000,124027000,None,None,None,1430630000,363513000,231187000,None,105000000,USD,56857000,-3979000,56786000,0,-626000,3690000,None,202000,-35059000,28251000,-32225000,202000,1062000,0,4316000,-575000,2478000,2405000,71000,3719000,None,28251000,16.45,12.29
13,2017-03-31,USD,18293000,60778000,58043000,18293000,-41955000,-34891000,43581000,0,-43543000,0,16972000,530000,-42485000,225000,1588000,None,None,None,0,0,0,-8652000,0,0,-34891000,-34891000,None,USD,396264000,53210000,None,10376000,261661000,134603000,38773000,69172000,105000,-1287245000,29309000,44543000,98181000,2455000,137061000,15753000,101021000,-264000,18995000,279088000,None,36850000,257288000,8733000,85268000,236000,52136000,134603000,1423911000,105000,0,-1287245000,-1904000,None,428000,None,117176000,None,85268000,559000,124600000,None,None,None,1423911000,396264000,259743000,None,104000000,USD,42547000,-39087000,42455000,0,-536000,-1104000,None,-6465000,-34891000,-44145000,-85496000,-6465000,744000,0,-568000,-236000,1241000,-4320000,92000,-1241000,None,-44145000,14.34,16.45
14,2016-12-31,USD,23037000,54367000,53859000,23037000,-30785000,-32419000,40400000,0,-32419000,0,13967000,545000,-31330000,0,1634000,None,None,None,0,0,0,0,-3571000,0,-32419000,-32419000,None,USD,475625000,53357000,None,3878000,318224000,157401000,67609000,63372000,105000,-1250363000,49739000,44543000,98361000,46600000,164643000,16280000,16280000,-195000,19390000,357874000,None,59501000,299904000,7492000,85167000,0,84991000,0,0,105000,0,-1250363000,-3368000,None,461000,None,117751000,None,85167000,805000,153581000,None,None,None,1411222000,475625000,346504000,None,104000000,USD,56607000,-13057000,56459000,0,-521000,160000,None,6227000,-32419000,7828000,-48791000,-1442000,646000,0,681000,-1948000,-4080000,1734000,148000,-4253000,None,7828000,13.83,14.34
15,2016-09-30,USD,27717000,62650000,64285000,27717000,-34369000,-36015000,52533000,0,-36015000,0,10117000,564000,-34933000,0,1646000,None,None,None,0,0,0,0,0,0,-36015000,-36015000,None,USD,516945000,53357000,None,2443000,331764000,185181000,74113000,78870000,104000,-1217944000,57938000,44543000,98354000,38772000,170113000,16792000,16792000,78000,19854000,398737000,None,87281000,356784000,738000,85038000,0,74451000,185181000,1406311000,104000,0,-1217944000,-3368000,None,454000,None,118208000,None,85038000,2500000,161651000,None,None,None,1406311000,516945000,395556000,None,104000000,USD,33913000,-6521000,33897000,0,-507000,1684000,None,6603000,-36015000,362000,-35219000,6603000,650000,0,2191000,0,173000,-216000,16000,280000,None,362000,18.07,13.83
16,2016-06-30,USD,20089000,57110000,56116000,20089000,-36474000,-38112000,48216000,0,-38112000,0,8894000,547000,-37021000,0,1638000,None,None,None,0,0,0,0,0,0,-38112000,-38112000,None,USD,558134000,53357000,None,9071000,340801000,217333000,110863000,61528000,104000,-1181929000,106225000,44543000,98330000,38410000,130992000,17289000,17289000,336000,20350000,439454000,None,119433000,390955000,1018000,84909000,0,52175000,217333000,1402190000,104000,0,-1181929000,-3368000,None,430000,None,118680000,None,84909000,14037000,209809000,None,None,None,1402190000,558134000,429365000,None,104000000,USD,61549000,-17765000,61536000,0,-497000,71000,None,5200000,-38112000,13729000,-47878000,5200000,641000,0,568000,0,107000,2435000,13000,-277000,None,13729000,14.35,18.07
17,2016-03-31,USD,12494000,46365000,44879000,12494000,-33234000,-34883000,37002000,0,-34883000,0,9363000,637000,-33871000,0,1649000,None,None,None,0,0,0,0,0,0,-34883000,-34883000,None,USD,611341000,53357000,None,14271000,358460000,252881000,121374000,70764000,104000,-1143817000,117292000,44543000,98430000,24681000,121943000,2020000,2020000,297000,20753000,492158000,None,154981000,452465000,741000,100550000,0,49159000,0,0,104000,0,-1143817000,-3368000,None,530000,None,119183000,None,100550000,14593000,236517000,None,None,None,1399665000,611341000,477146000,None,104000000,USD,-133586000,-8351000,-133640000,0,-491000,-928000,None,-4134000,-34883000,-178308000,-43740000,-4134000,646000,0,-437000,0,170000,2812000,54000,170000,None,-178308000,11.95,14.35
18,2015-12-31,USD,127280000,38920000,36824000,127280000,88428000,86750000,30442000,0,86750000,0,7230000,68000,88360000,0,1678000,None,None,None,0,1248000,0,0,-15674000,0,86750000,86750000,None,USD,654832000,53357000,None,10137000,368982000,285850000,127826000,76499000,104000,-1108934000,123518000,44543000,101205000,202989000,122996000,2015000,1976000,-219000,21227000,532400000,None,187950000,318363000,911000,103793000,0,44482000,0,0,104000,0,-1108934000,-2747000,None,3305000,None,122432000,None,103793000,14367000,245986000,None,None,None,1397646000,654832000,521352000,None,104000000,USD,-123892000,175478000,-124138000,0,-480000,-471000,9000,-5789000,86750000,141315000,265924000,869000,206000,0,114000,-1948000,124000,3460000,246000,-839000,None,141315000,13.31,11.95
19,2015-09-30,USD,566000,34243000,28430000,566000,-33595000,-35282000,23111000,0,-35282000,0,8783000,82000,-33677000,0,1687000,None,None,None,0,2349000,0,0,0,0,-35282000,-35282000,None,USD,391140000,53357000,None,32453000,193202000,197938000,30383000,1743000,104000,-1195684000,35228000,44543000,101398000,61674000,51799000,18788000,None,58000,795000,288947000,None,100038000,194748000,72000,87500000,0,31268000,0,0,104000,0,-1195684000,-2747000,None,3498000,None,102193000,None,87500000,23520000,141403000,None,None,None,1396207000,391140000,256422000,None,104000000,USD,77951000,5775000,77768000,1000,-467000,-353000,61000,None,-35282000,51930000,-25485000,-3858000,199000,0,114000,0,963000,7437000,184000,244000,None,51930000,10.74,13.31
