,fiscalDateEnding,reportedCurrency_x,totalRevenue,totalOperatingExpense,costOfRevenue,grossProfit,ebit,netIncome_x,researchAndDevelopment,effectOfAccountingCharges,incomeBeforeTax,minorityInterest,sellingGeneralAdministrative,otherNonOperatingIncome,operatingIncome,otherOperatingExpense,interestExpense,taxProvision,interestIncome,netInterestIncome,extraordinaryItems,nonRecurring,otherItems,incomeTaxExpense,totalOtherIncomeExpense,discontinuedOperations,netIncomeFromContinuingOperations,netIncomeApplicableToCommonShares,preferredStockAndOtherAdjustments,reportedCurrency_y,totalAssets,intangibleAssets,earningAssets,otherCurrentAssets,totalLiabilities,totalShareholderEquity,deferredLongTermLiabilities,otherCurrentLiabilities,commonStock,retainedEarnings,otherLiabilities,goodwill,otherAssets,cash,totalCurrentLiabilities,shortTermDebt,currentLongTermDebt,otherShareholderEquity,propertyPlantEquipment,totalCurrentAssets,longTermInvestments,netTangibleAssets,shortTermInvestments,netReceivables,longTermDebt,inventory,accountsPayable,totalPermanentEquity,additionalPaidInCapital,commonStockTotalEquity,preferredStockTotalEquity,retainedEarningsTotalEquity,treasuryStock,accumulatedAmortization,otherNonCurrrentAssets,deferredLongTermAssetCharges,totalNonCurrentAssets,capitalLeaseObligations,totalLongTermDebt,otherNonCurrentLiabilities,totalNonCurrentLiabilities,negativeGoodwill,warrants,preferredStockRedeemable,capitalSurplus,liabilitiesAndShareholderEquity,cashAndShortTermInvestments,accumulatedDepreciation,commonStockSharesOutstanding,reportedCurrency,investments,changeInLiabilities,cashflowFromInvestment,otherCashflowFromInvestment,netBorrowings,cashflowFromFinancing,otherCashflowFromFinancing,changeInOperatingActivities,netIncome_y,changeInCash,operatingCashflow,otherOperatingCashflow,depreciation,dividendPayout,stockSaleAndPurchase,changeInInventory,changeInAccountReceivables,changeInNetIncome,capitalExpenditures,changeInReceivables,changeInExchangeRate,changeInCashAndCashEquivalents,clossingVal,nextClossingVal
0,2020-06-30,USD,63470000,61439000,47701000,15769000,1966000,1513000,None,None,1888000,None,13738000,None,2031000,None,78000,375000,None,-78000,None,None,None,375000,-65000,None,1513000,1513000,None,USD,172263000,None,None,85858000,46563000,125700000,None,None,125700000,None,None,None,59870000,None,34649000,None,None,None,26535000,85858000,None,125700000,None,None,None,None,None,None,None,None,None,None,None,None,59870000,None,86405000,None,None,11914000,11914000,None,None,None,None,None,None,None,None,USD,None,None,None,None,None,None,None,None,1513000,None,None,None,None,None,None,None,None,None,0,None,None,None,6.47,
1,2020-03-31,USD,71010000,-57465000,54834000,15942000,1990000,1861000,None,None,1861000,None,13311000,-641000,2631000,-70776000,129000,0,1000,-128000,None,None,None,None,3087000,None,1861000,1861000,None,USD,182232000,30631000,None,3106000,57525000,124707000,None,None,126918000,-2115000,1288000,10373000,12188000,820000,38878000,None,None,-96000,24703000,95287000,None,83703000,None,69002000,7919000,43597000,38878000,None,None,126918000,None,-2115000,-1057000,None,21238000,None,65707000,None,7919000,10728000,18647000,None,None,None,None,182232000,820000,None,26162209,USD,7281000,-1513000,7281000,7700000,-2518000,-3688000,-124000,-664000,1861000,-213000,-3806000,-926000,2080000,-1315000,145000,-2394000,-2230000,-684000,419000,-2230000,-215000,-428000,3.78,6.47
2,2019-12-31,USD,82377000,-63896000,62136000,19964000,1852000,1743000,None,None,1618000,None,18204000,92000,1760000,-82100000,234000,-125000,1000,-233000,None,None,None,-125000,92000,None,1743000,1743000,None,USD,187361000,31301000,None,44888000,63448000,123913000,None,9014000,126552000,-2661000,1404000,10373000,13033000,1248000,41701000,None,None,22000,29851000,93299000,None,123913000,None,68063000,10437000,43311000,41701000,None,None,126552000,None,-2661000,-808000,None,22537000,None,29851000,None,10437000,11310000,21747000,None,None,None,None,187361000,1248000,None,26124103,USD,-762000,-2781000,-762000,2000,-12744000,-14113000,-74000,-34000,1743000,-331000,14544000,-519000,2152000,-1324000,29000,277000,14406000,-734000,764000,14406000,None,-331000,6.05,3.78
3,2019-09-30,USD,88701000,-73427000,66588000,21855000,6758000,4475000,None,None,6326000,None,15016000,-81000,6839000,-88443000,432000,1851000,1000,-431000,None,None,None,1851000,4764000,None,4475000,4475000,None,USD,203521000,31972000,None,45899000,80363000,123158000,None,9564000,126235000,-3080000,1642000,10373000,13174000,1579000,45172000,None,None,3000,30511000,107538000,None,123158000,None,82454000,23181000,43078000,45172000,None,None,126235000,None,-3080000,-1108000,None,23127000,None,30511000,None,23181000,12010000,35191000,None,None,None,None,203521000,1579000,-72127000,26049515,USD,11983000,5051000,11983000,12338000,-16360000,-17729000,-50000,440000,4475000,613000,6359000,202000,2399000,-1319000,-50000,136000,-3854000,-2050000,355000,-3854000,None,613000,5.22,6.05
4,2019-06-30,USD,81522000,81569000,64063000,17459000,2200000,862000,5266000,None,-763000,None,17506000,46000,-47000,-80873000,529000,-1625000,1000,-528000,None,None,None,-1625000,-188000,None,862000,862000,None,USD,201100000,32647000,None,3380000,81163000,119937000,None,9455000,125729000,-5808000,1747000,10373000,15124000,966000,39875000,None,None,1484000,31976000,110980000,None,76917000,None,54728000,39541000,43512000,18664000,None,None,125729000,None,-5808000,-1468000,None,15124000,None,90120000,None,39541000,1747000,41288000,None,None,None,None,201100000,966000,-73255000,26000000,USD,-238000,-2308000,-238000,32000,-4271000,-5588000,-114000,202000,862000,-720000,5106000,382000,2434000,-1302000,-15000,7042000,-2828000,-877000,270000,-2828000,None,-720000,3.65,5.22
5,2019-03-31,USD,72832000,-54907000,57180000,15337000,-2450000,-3168000,5266000,None,-3035000,None,17610000,-177000,-2273000,-72517000,585000,133000,-579000,-579000,None,None,None,-133000,-290000,None,-2902000,-3168000,None,USD,208695000,33337000,None,47865000,88456000,120239000,None,9427000,125577000,-5368000,1844000,10373000,13807000,1686000,42800000,None,None,30000,40118000,111060000,None,120239000,None,67405000,43812000,51621000,42800000,None,None,125577000,None,-5368000,-1629000,None,13807000,None,40118000,None,43812000,1844000,45656000,None,None,None,None,208695000,1686000,-80258000,25894306,USD,-779000,-8499000,-779000,None,-4560000,-5855000,-99000,-2500000,-3168000,-7877000,-1243000,203000,2552000,-1295000,0,1941000,4044000,1684000,769000,4044000,None,-7877000,2.63,3.65
6,2018-12-31,USD,89541000,-49215000,69486000,19656000,-20254000,-15782000,5266000,None,-20886000,None,19642000,17000,-20271000,-89022000,632000,None,None,None,None,20165000,None,-5104000,-22425000,None,-15782000,-15782000,None,USD,225078000,34029000,None,3936000,100753000,124325000,None,8612000,125200000,-905000,1972000,10373000,14405000,9563000,50409000,None,None,30000,41249000,125022000,None,79923000,None,57430000,48372000,54093000,50409000,None,None,125200000,None,-905000,-1561000,None,14405000,None,100056000,None,48372000,1972000,50344000,None,None,None,None,225078000,9563000,None,25861114,USD,None,3485000,-921000,10000,2220000,882000,-47000,1299000,-15782000,5401000,5440000,693000,2592000,-1291000,None,-5790000,3076000,17166000,931000,3076000,None,5401000,3.17,2.63
7,2018-09-30,USD,84957000,-66475000,63541000,21261000,2948000,1749000,5266000,None,2416000,None,18327000,14000,2934000,-84802000,532000,None,None,None,None,None,None,667000,-1108000,None,1749000,1749000,None,USD,235544000,34718000,None,38343000,94481000,141063000,0,8960000,124871000,16168000,2606000,30538000,9420000,4162000,45723000,None,None,24000,42523000,118345000,None,110525000,0,70398000,46152000,49580000,45723000,141063000,0,124871000,0,16168000,-1845000,None,None,None,73061000,None,46152000,2606000,48758000,None,None,None,None,235544000,4162000,-79098000,25799257,USD,None,3346000,-648000,0,792000,-556000,-52000,-3172000,1749000,984000,2188000,677000,2643000,-1296000,0,-3519000,-4218000,1510000,648000,-4218000,None,984000,4.6,3.17
8,2018-06-30,USD,83409000,22434000,63103000,20306000,-2113000,-2664000,1548000,0,-2588000,0,19298000,15000,-2128000,3136000,475000,None,None,None,0,-168000000,0,76000,-3596000,0,-2664000,-2664000,None,USD,229517000,35409000,None,38925000,90266000,134985000,0,7946000,124104000,15124000,2707000,30538000,9786000,3178000,42199000,45360000,45360000,-4243000,43703000,110081000,None,108713000,0,62179000,45360000,50994000,42199000,139251000,0,124104000,0,15124000,-2110000,None,None,None,74241000,None,45360000,2707000,48067000,None,None,None,None,229517000,3178000,-77176000,25641913,USD,None,3372000,-1216000,12000,71000,-2267000,-362000,2744000,-2664000,1123000,4606000,-1359000,2582000,-1309000,-873000,-150000,-1150000,3975000,1228000,-1150000,None,1123000,5.34,4.6
9,2018-03-31,USD,78843000,19175000,58925000,19918000,751000,220000,1463000,0,343000,0,19175000,8000,743000,0,408000,None,None,None,0,280000000,0,123000,-400000,0,220000,220000,None,USD,228367000,36098000,None,33877000,86538000,141829000,0,23456000,122732000,19097000,1440000,30538000,77417000,2055000,39809000,45289000,45289000,None,44000000,106950000,None,105731000,0,49869000,45289000,51687000,39809000,141829000,0,122732000,0,19097000,0,None,10781000,None,90879000,None,45289000,1440000,46729000,None,None,None,None,228367000,2055000,None,25624299,USD,None,-2156000,-989000,-1000,-6860000,-7818000,-183000,-2501000,220000,-1122000,7685000,-262000,2516000,-1281000,529910,-3754000,10182000,939000,988000,10182000,None,-1122000,8.11,5.34
10,2017-12-31,USD,92305000,20760000,66998000,25307000,4555000,-1468000,1379000,0,4130000,0,20760000,8000,4547000,0,425000,None,None,None,0,-140000000,0,5598000,-417000,0,-1468000,-1468000,None,USD,238374000,36789000,None,3712000,96046000,142328000,0,25713000,122170000,20158000,1356000,30538000,78220000,3177000,42541000,52149000,52149000,None,44863000,115291000,None,75001000,0,59740000,52149000,48662000,42541000,142328000,0,122170000,0,20158000,0,None,10893000,None,123083000,None,52149000,1356000,53505000,None,None,None,None,238374000,3177000,-80409000,25562003,USD,None,-3589000,835000,1527000,2451000,1878000,183000,2501000,-1468000,-13021000,-15734000,931000,2552000,-1278000,521965,313000,-5554000,-3498000,692000,-10975000,None,-13021000,6.88,8.11
11,2017-09-30,USD,87466000,48517000,63763000,23703000,-24806000,-15629000,1562000,0,-25217000,0,20517000,8000,-24814000,0,411000,None,None,None,0,28000000,0,-9588000,0,0,-15629000,-15629000,None,USD,239189000,68017000,None,71437000,94795000,144394000,0,23504000,121490000,22904000,1587000,30538000,84233000,2120000,41346000,51862000,51862000,None,45982000,108974000,None,144394000,0,54252000,51862000,49182000,41346000,144394000,0,121490000,0,22904000,0,None,16216000,None,62198000,None,51862000,1587000,53449000,None,None,None,None,239189000,2120000,None,25535362,USD,None,-1140000,-498000,0,2164000,-1286000,183000,-3243000,-15629000,13159000,14943000,None,2572000,-1286000,0,683000,0,28000000,498000,None,None,13159000,6.61,6.88
12,2017-06-30,USD,83419000,19424000,62135000,21236000,510000,696000,1583000,0,99000,0,20609000,11000,499000,48000,411000,None,None,None,0,-1233000,0,-597000,-3513000,0,696000,696000,None,USD,256680000,38169000,None,62965000,96602000,160078000,0,26069000,120259000,39819000,1479000,58538000,102197000,3039000,45425000,49698000,49698000,2657000,47354000,107129000,None,121909000,0,49655000,49698000,50008000,45425000,160078000,122703000,120259000,0,39819000,-2444000,None,5490000,None,91013000,None,49698000,1479000,51177000,None,None,None,None,256680000,3039000,-77147000,25429223,USD,None,6017000,-3085000,14000,-5268000,-6339000,None,-2180000,696000,-1336000,8088000,-554000,2573000,-1276000,205000,-2655000,4948000,2731000,3099000,-241000,None,-1336000,9.05,6.61
13,2017-03-31,USD,78156000,19485000,59445000,18399000,-749000,-531000,1447000,0,-937000,0,18515000,25000,-774000,-989000,188000,None,None,None,0,1959000,0,-406000,0,0,-531000,-531000,None,USD,255916000,97235000,None,44174000,96339000,159577000,0,23880000,119178000,40399000,1490000,58376000,102906000,4375000,39883000,None,None,None,46120000,106890000,None,101201000,0,54411000,54966000,48460000,39883000,159577000,0,119178000,0,40399000,0,None,None,None,104496000,None,54966000,1490000,56456000,None,None,None,None,255916000,4375000,-79511000,25375142,USD,None,-3320000,-92787000,-91997000,54767000,55814000,183000,-143000,-531000,-28648000,8325000,-40000,2084000,-1259000,2306000,2211000,5189000,-518000,790000,7960000,None,-28648000,10.09,9.05
14,2016-12-31,USD,85658000,19229000,63611000,21407000,2846000,2006000,1269000,0,2838000,0,18532000,28000,2818000,697000,8000,None,None,None,0,-708000,0,832000,0,0,2006000,2006000,None,USD,195836000,15886000,None,11550000,38016000,157820000,0,22980000,115631000,42189000,1119000,10508000,21270000,33023000,36897000,None,None,None,43426000,131140000,None,147312000,0,54925000,0,42404000,36897000,157820000,0,115631000,0,42189000,0,None,None,None,53934000,None,None,1119000,1119000,None,None,None,None,195836000,33023000,-78255000,25021703,USD,None,2508000,-783000,1000,54767000,-1188000,None,-143000,2006000,2309000,4280000,125000,1770000,-1257000,127000,1011000,0,259000,784000,-3399000,None,2309000,9.74,10.09
15,2016-09-30,USD,84159000,20272000,62821000,20835000,1093000,829000,1401000,0,1080000,0,19616000,27000,1066000,656000,13000,None,None,None,0,153000,0,251000,0,0,829000,829000,None,USD,192825000,5479000,None,13963000,35934000,156891000,0,20506000,115451000,41440000,1144000,10508000,21131000,30714000,34790000,None,None,None,47691000,124003000,None,151412000,0,46234000,0,43600000,34790000,156891000,0,115451000,0,41440000,0,None,5144000,None,58314000,None,None,1144000,1144000,None,None,None,None,192825000,30714000,None,24997531,USD,None,-5098000,-1960000,0,54767000,-1500000,58000,-143000,829000,-3121000,339000,103000,1835000,-1256000,-302000,-32000,628000,2074000,1960000,628000,None,-3121000,11.23,9.74
16,2016-06-30,USD,80844000,-17766000,59223000,19847000,2112000,1428000,1356000,0,2102000,0,-17766000,31000,2149000,0,10000,None,None,None,0,843000,0,674000,48000,0,1428000,1428000,None,USD,195560000,5586000,None,2792000,40040000,155520000,0,25341000,115821000,41867000,807000,10508000,20355000,33835000,39233000,None,None,None,47462000,127743000,None,139426000,0,46975000,0,44141000,39233000,155520000,0,115821000,0,41867000,-2168000,None,4261000,None,67817000,None,None,807000,807000,None,None,None,None,195560000,33835000,None,26000000,USD,None,6389000,-1857000,-56000,49499000,-634000,None,5116000,1428000,56000,2547000,878000,1774000,-1255000,621000,1656000,-3369000,-621000,1801000,-8957000,None,56000,11.07,11.23
17,2016-03-31,USD,70740000,-15817000,54191000,16549000,760000,522000,1562000,0,751000,0,-15817000,28000,732000,0,9000,None,None,None,0,153000,0,229000,0,0,522000,522000,None,USD,190262000,5713000,None,6590000,35808000,154454000,0,21687000,112768000,41686000,2365000,10508000,17932000,33779000,33443000,None,None,None,47248000,125082000,None,138233000,0,38520000,0,46193000,33443000,154454000,154454000,112768000,154454000,41686000,-2372000,None,1711000,None,65180000,None,None,2365000,2365000,None,None,None,None,190262000,33779000,-81488000,24902319,USD,None,3288000,-4906000,120000,None,174000,None,-56000,522000,5016000,9748000,-1006000,1729000,-1238000,1412000,-7920000,5588000,4786000,5026000,5975000,None,5016000,11.75,11.07
18,2015-12-31,USD,84687000,-18546000,60761000,23926000,5397000,3782000,1320000,0,5388000,0,-18546000,17000,5380000,0,9000,None,None,None,0,0,0,1606000,0,0,3782000,3782000,None,USD,187534000,16347000,None,13287000,34235000,153299000,0,23307000,110891000,42408000,2099000,10508000,18026000,28763000,32136000,None,None,None,43716000,125792000,None,142791000,0,45375000,0,45885000,32136000,153299000,153299000,110891000,153299000,42408000,-2375000,None,None,None,54224000,None,None,2099000,2099000,None,None,None,None,187534000,28763000,-80510000,24685777,USD,None,-6186000,-2018000,4000,None,-142000,None,None,3782000,378000,2538000,574000,1598000,-986000,844000,1415000,387000,-52000,2022000,-3240000,None,378000,12.19,11.75
19,2015-09-30,USD,85925000,-17586000,62576000,23349000,5771000,3750000,1311000,0,5763000,0,-17586000,8000,5763000,0,8000,None,None,None,0,0,0,2013000,0,0,3750000,3750000,None,USD,188408000,5966000,None,7001000,39324000,149084000,0,19493000,109472000,39612000,2166000,10508000,18247000,28385000,37158000,None,None,None,43574000,126587000,None,132610000,0,46267000,0,44934000,37158000,0,0,109472000,0,39612000,-2359000,None,1773000,None,61821000,None,None,2166000,2166000,None,None,None,None,188408000,28385000,-79149000,24556896,USD,None,224000,-1362000,0,None,386000,None,None,3750000,1976000,2952000,-99000,1576000,-735000,1121000,2065000,0,-396000,1362000,2853000,None,1976000,8.44,12.19
