,fiscalDateEnding,reportedCurrency_x,totalRevenue,totalOperatingExpense,costOfRevenue,grossProfit,ebit,netIncome_x,researchAndDevelopment,effectOfAccountingCharges,incomeBeforeTax,minorityInterest,sellingGeneralAdministrative,otherNonOperatingIncome,operatingIncome,otherOperatingExpense,interestExpense,taxProvision,interestIncome,netInterestIncome,extraordinaryItems,nonRecurring,otherItems,incomeTaxExpense,totalOtherIncomeExpense,discontinuedOperations,netIncomeFromContinuingOperations,netIncomeApplicableToCommonShares,preferredStockAndOtherAdjustments,reportedCurrency_y,totalAssets,intangibleAssets,earningAssets,otherCurrentAssets,totalLiabilities,totalShareholderEquity,deferredLongTermLiabilities,otherCurrentLiabilities,commonStock,retainedEarnings,otherLiabilities,goodwill,otherAssets,cash,totalCurrentLiabilities,shortTermDebt,currentLongTermDebt,otherShareholderEquity,propertyPlantEquipment,totalCurrentAssets,longTermInvestments,netTangibleAssets,shortTermInvestments,netReceivables,longTermDebt,inventory,accountsPayable,totalPermanentEquity,additionalPaidInCapital,commonStockTotalEquity,preferredStockTotalEquity,retainedEarningsTotalEquity,treasuryStock,accumulatedAmortization,otherNonCurrrentAssets,deferredLongTermAssetCharges,totalNonCurrentAssets,capitalLeaseObligations,totalLongTermDebt,otherNonCurrentLiabilities,totalNonCurrentLiabilities,negativeGoodwill,warrants,preferredStockRedeemable,capitalSurplus,liabilitiesAndShareholderEquity,cashAndShortTermInvestments,accumulatedDepreciation,commonStockSharesOutstanding,reportedCurrency,investments,changeInLiabilities,cashflowFromInvestment,otherCashflowFromInvestment,netBorrowings,cashflowFromFinancing,otherCashflowFromFinancing,changeInOperatingActivities,netIncome_y,changeInCash,operatingCashflow,otherOperatingCashflow,depreciation,dividendPayout,stockSaleAndPurchase,changeInInventory,changeInAccountReceivables,changeInNetIncome,capitalExpenditures,changeInReceivables,changeInExchangeRate,changeInCashAndCashEquivalents,clossingVal,nextClossingVal
0,2020-06-30,USD,16367000,15571000,9137000,7230000,796000,153000,1316000,None,339000,3134000,5118000,None,796000,None,None,185000,None,-457000,None,None,None,185000,None,None,154000,153000,None,USD,121574000,None,None,None,35201000,86237000,None,None,6750000,-18369000,3954000,None,5397000,53802000,26125000,None,529000,3066000,8930000,92961000,None,71951000,2885000,11644000,None,13119000,5056000,None,None,None,None,None,None,None,None,None,28613000,2904000,None,334000,9076000,None,None,None,None,None,None,None,None,USD,None,None,None,None,None,None,None,None,153000,None,None,None,None,None,None,None,None,None,0,None,None,None,3.0,
1,2020-03-31,USD,17443000,17206000,9450000,7993000,237000,439000,1617000,None,707000,3049000,6139000,None,237000,None,None,198000,470000,470000,None,None,None,198000,None,None,509000,439000,None,USD,119807000,14012000,None,312000,35931000,83792000,None,None,6750000,-18522000,4381000,None,5185000,41578000,26147000,None,None,825000,9245000,91365000,None,69780000,12474000,13173000,330000,12482000,4258000,None,None,None,None,None,None,None,None,None,28442000,3329000,330000,330000,9784000,None,None,None,94739000,None,54052000,None,23000000,USD,None,0,None,None,None,None,None,None,439000,None,None,None,None,None,None,None,None,None,0,None,None,None,2.94,3.0
2,2019-12-31,USD,23756000,20905000,12900000,10856000,1544000,1783000,1000000,None,2851000,3072000,7005000,None,2851000,None,None,578000,None,1971000,None,None,None,578000,None,None,2273000,1207000,None,USD,127049000,3772000,None,324000,39243000,87782000,None,22754000,6750000,-18961000,4569000,11504000,5712000,34531000,29111000,None,None,5297000,9748000,96313000,None,72506000,16749000,18697000,371000,12605000,5438000,None,None,None,None,None,-375000,None,30736000,None,30736000,3434000,371000,371000,10132000,None,None,None,94696000,None,51280000,None,23000000,USD,None,0,None,None,None,None,None,None,1783000,None,None,None,None,None,None,None,None,None,0,None,None,None,3.75,2.94
3,2019-09-30,USD,22188000,19667000,11647000,10541000,2521000,1298000,1825000,None,1948000,1975000,6195000,None,2521000,None,-573000,438000,-573000,-573000,None,None,None,438000,-573000,None,1510000,1298000,None,USD,123378000,15150000,None,3123000,37950000,85481000,None,23080000,6750000,-20168000,3988000,None,4882000,34189000,28663000,None,None,4305000,10726000,92620000,None,70331000,17242000,12918000,344000,12935000,4530000,None,None,None,None,None,-375000,None,30758000,None,30758000,4324000,344000,344000,9287000,None,None,None,94969000,None,51431000,None,23000000,USD,None,0,None,None,None,None,None,None,1298000,None,None,None,None,None,None,None,None,None,0,None,None,None,4.2034,3.75
4,2019-06-30,USD,19697000,19502000,11305000,8392000,195000,-236000,1694000,None,-168000,1716000,6503000,None,195000,None,-363000,134000,-363000,-363000,None,None,None,134000,-726000,None,-302000,-236000,None,USD,120588000,15541000,None,3208000,36940000,83663000,None,21791000,6750000,-21467000,3877000,None,4986000,42016000,28139000,None,None,3881000,10806000,89255000,1292000,68122000,7014000,14481000,255000,13795000,5320000,None,None,None,None,None,-375000,None,31333000,None,31333000,4221000,255000,255000,8801000,None,None,None,94874000,None,49030000,None,23000000,USD,None,0,None,None,None,None,None,None,-236000,None,None,None,None,None,None,None,None,None,0,None,None,None,5.03,4.2034
5,2019-03-31,USD,21190000,20719000,12219000,8971000,471000,-553000,1854000,None,-260000,1750000,6646000,None,471000,None,-731000,403000,-731000,-731000,None,None,None,403000,-731000,None,-663000,-553000,None,USD,123565000,15454000,None,3174000,41371000,82194000,None,978000,6735000,-21231000,3902000,None,4720000,36324000,32154000,978000,978000,2544000,11001000,92234000,1229000,66740000,13347000,25562000,68000,13827000,6166000,None,None,None,None,None,-375000,None,31331000,None,31331000,4543000,68000,68000,9200000,None,None,None,94521000,None,49671000,None,23000000,USD,None,0,None,None,None,None,None,None,-553000,None,None,None,None,None,None,None,None,None,0,None,None,None,5.23,5.03
6,2018-12-31,USD,26105000,25494000,15503000,10602000,611000,-100000,1838000,0,235000,1755000,8153000,None,611000,0,-433000,485000,None,None,0,0,0,485000,-376000,0,-250000,-377000,None,USD,119171000,3645000,None,3580000,36200000,81216000,None,14187000,6721000,-20678000,4058000,11120000,4894000,38665000,32142000,None,None,968000,6347000,93165000,None,66451000,13150000,21510000,351000,13863000,6359000,None,None,None,None,None,None,None,None,None,None,None,351000,None,None,None,None,None,94205000,None,51815000,None,23000000,USD,None,0,None,None,None,None,None,None,-100000,None,None,None,None,None,None,None,None,None,0,None,None,None,4.45,5.23
7,2018-09-30,USD,23894000,21814000,12811000,11083000,2080000,1486000,1587000,0,2132000,1668000,7416000,None,2080000,0,-433000,None,None,None,0,0,0,574000,52000,0,1558000,1486000,None,USD,116538000,15816000,None,3270000,30867000,84003000,None,22935000,6719000,-20298000,3454000,None,4078000,39079000,27413000,None,None,3473000,6561000,90083000,None,68187000,8013000,27749000,None,11972000,4478000,None,None,None,None,None,None,None,None,None,None,None,None,None,None,None,None,None,None,None,None,None,23000000,USD,None,0,None,None,None,None,None,None,1486000,None,None,None,None,None,None,None,None,None,0,None,None,None,5.62,4.45
8,2018-06-30,USD,25348000,23271000,14286000,11062000,2077000,1730000,1822000,0,2599000,1586000,7163000,None,2077000,0,-433000,None,None,None,0,0,0,696000,522000,0,1903000,1730000,None,USD,107639000,16272000,None,3964000,24392000,81661000,None,15741000,6719000,-21784000,3537000,None,4094000,34812000,20855000,None,None,2709000,6188000,81085000,None,65389000,6605000,24764000,None,10940000,5114000,None,None,None,None,None,None,None,None,None,None,None,None,None,None,None,None,None,None,None,None,None,23000000,USD,None,0,None,None,None,None,None,None,1730000,None,None,None,None,None,None,None,None,None,0,None,None,None,5.33,5.62
9,2018-03-31,USD,17255000,17222000,9699000,7556000,33000,-167000,1605000,0,150000,1586000,5918000,None,33000,0,-433000,None,None,None,0,0,0,317000,117000,0,-167000,-167000,None,USD,109874000,3981000,None,6183000,27546000,82328000,None,20049000,6717000,-23564000,3676000,12450000,4300000,42221000,23870000,None,None,5149000,6093000,83050000,None,65897000,1014000,23931000,None,9701000,3821000,None,None,None,None,None,None,None,None,None,None,None,None,None,None,None,None,None,None,None,None,None,23000000,USD,None,0,None,None,None,None,None,None,-167000,None,None,None,None,None,None,None,None,None,0,None,None,None,5.77,5.33
10,2017-12-31,USD,23017000,50524000,11810000,22514000,-3161000,291000,1619000,0,1320000,118000,8925000,None,1803000,0,3920000,None,None,None,0,0,0,1029000,-707000,0,-5543000,291000,None,USD,112545000,16995000,None,1854000,29596000,82949000,1081000,20024000,6716000,-23514000,3233000,12692000,21253000,22463000,26173000,None,None,5772000,5718000,85574000,1524000,65954000,29867000,21591000,None,9596000,5198000,None,None,None,None,None,None,None,None,None,None,None,None,None,None,None,None,None,None,None,None,None,23000000,USD,4088000,1527000,2115000,-1061000,None,504000,-77000,1928000,291000,2771000,-1952000,None,1876000,None,581000,-2079000,-1440000,3150000,934000,None,None,None,5.06,5.77
11,2017-09-30,USD,13686000,45652000,6667000,24392000,1028000,-9125000,1652000,0,4000,-113000,7062000,None,1028000,0,-10803000,None,None,None,0,0,0,197000,-9788000,0,-9131000,-9125000,None,USD,102499000,17262000,None,2922000,20614000,81962000,None,14547000,6711000,-23805000,2830000,12705000,21168000,15788000,17597000,None,None,5012000,5634000,75697000,None,64700000,32223000,19267000,None,8419000,3050000,None,None,None,None,None,None,None,None,None,None,None,None,None,None,None,None,None,None,None,None,None,23000000,USD,None,0,None,None,None,None,None,None,-193000,None,None,None,None,None,None,None,None,None,0,None,None,None,4.8,5.06
12,2017-06-30,USD,13254000,-45827000,6140000,-22992000,1741000,11478000,1682000,0,10911000,9000,8319000,None,1741000,0,9170000,None,None,None,0,0,0,264000,9170000,0,11467000,11478000,None,USD,100492000,16963000,None,2802000,18898000,81671000,None,13580000,6711000,-23612000,2826000,12328000,20909000,15656000,15891000,None,None,4576000,5530000,74053000,None,64708000,32217000,18823000,None,7357000,2311000,None,None,None,None,None,None,None,None,None,None,None,None,None,None,None,None,None,None,None,None,None,23000000,USD,None,0,None,None,None,None,None,None,-3314000,None,None,None,None,None,None,None,None,None,0,None,None,None,4.92,4.8
13,2017-03-31,USD,14335000,15187000,6474000,7411000,-852000,-3698000,1605000,0,-3488000,5000,8263000,None,-852000,0,-2636000,None,None,None,0,0,0,205000,-2636000,0,-3693000,-3698000,None,USD,102783000,16774000,None,3441000,20914000,81955000,None,15009000,6694000,-20298000,2727000,12013000,20708000,16889000,18017000,None,None,1806000,5424000,76651000,None,65181000,33858000,18706000,None,7198000,3008000,None,None,None,None,None,None,None,None,None,None,None,None,None,None,None,None,None,None,None,None,None,23000000,USD,None,0,None,None,None,None,None,None,-3698000,None,None,None,None,None,None,None,None,None,0,None,None,None,7.52,4.92
14,2016-12-31,USD,20252000,58295000,9842000,22349000,-8811000,2870000,1735000,0,1979000,-126000,8513000,None,1523000,0,-5808000,None,None,None,0,0,0,-525000,-861000,0,1026000,2870000,None,USD,105993000,16783000,None,2137000,24075000,82009000,639000,16098000,6679000,-16600000,2620000,11850000,20652000,19692000,21288000,None,None,-1511000,5301000,80040000,1629000,65226000,32845000,18284000,None,6818000,4040000,None,None,None,None,None,None,None,None,None,None,None,None,None,None,None,None,None,None,None,None,None,18000000,USD,-27855000,2486000,-41734000,-1031000,None,25006000,-201000,-607000,2870000,-7627000,8933000,None,1740000,None,25207000,1200000,3201000,203000,797000,None,None,None,5.07,7.52
15,2016-09-30,USD,21341000,27765000,9921000,22906000,15576000,647000,1788000,0,1085000,35000,9330000,None,1576000,0,5509000,None,None,None,0,0,0,403000,0,0,0,647000,None,USD,77680000,17506000,None,3141000,21992000,55762000,None,14954000,4983000,-19470000,2952000,12000000,20408000,10191000,18862000,None,None,None,5579000,51693000,None,None,10966000,23606000,None,6930000,3908000,None,None,None,None,None,None,None,None,None,None,None,None,None,None,None,None,None,None,None,None,None,17000000,USD,None,None,None,None,None,None,None,None,647000,None,None,None,None,None,None,None,None,None,0,None,None,None,4.22,5.07
16,2016-06-30,USD,13629000,-32000000,7034000,-18000000,-6000000,-2000000,1980000,0,0,-13000,8294000,None,-5623000,0,1000000,None,None,None,0,0,0,122000,0,0,0,0,None,USD,76477000,17966000,None,3781000,21464000,55122000,None,14922000,4975000,-20000000,3097000,12000000,20706000,12707000,18190000,None,None,None,5560000,50000000,None,None,10211000,19000000,None,7845000,3268000,None,None,None,None,None,None,None,None,None,None,None,None,None,None,None,None,None,None,None,None,None,16000000,USD,None,None,None,None,None,None,None,None,-2000000,None,None,None,None,None,None,None,None,None,0,None,None,None,4.77,4.22
17,2015-12-31,USD,19270000,59347000,8407000,31014000,4389000,2537000,1749000,0,3060000,-98000,7941000,None,2922000,0,-381000,None,None,None,0,0,0,544000,642000,0,3108000,2537000,None,USD,74996000,5563000,None,1385000,19301000,55783000,173000,11446000,4968000,-17629000,2675000,4250000,9132000,27319000,16453000,None,None,-1444000,5415000,60449000,2378000,50220000,3841000,19759000,None,7879000,3185000,None,None,None,None,None,None,None,None,None,None,None,None,None,None,None,None,None,None,None,None,None,16000000,USD,7170000,-1600000,6397000,1984000,-4472000,-3968000,-201000,-1652000,2537000,5717000,5458000,None,1503000,None,504000,-635000,4304000,10000,876000,None,None,None,4.245,4.77
18,2015-09-30,USD,17011000,0,8573000,0,0,864000,1031000,0,2046000,10000,7150000,None,1288000,0,0,None,None,None,0,0,0,1172000,0,0,0,864000,None,USD,72826000,5704000,None,3030000,19084000,53809000,None,12095000,4963000,None,2990000,4297000,8718000,18212000,15891000,None,None,None,5401000,None,None,None,12546000,None,25000,8166000,3796000,None,None,None,None,None,None,None,None,None,None,None,None,None,None,None,None,None,None,None,None,None,16000000,USD,None,None,None,None,None,None,None,None,864000,None,None,None,None,None,None,None,None,None,0,None,None,None,4.19,4.245
