,fiscalDateEnding,reportedCurrency_x,totalRevenue,totalOperatingExpense,costOfRevenue,grossProfit,ebit,netIncome_x,researchAndDevelopment,effectOfAccountingCharges,incomeBeforeTax,minorityInterest,sellingGeneralAdministrative,otherNonOperatingIncome,operatingIncome,otherOperatingExpense,interestExpense,taxProvision,interestIncome,netInterestIncome,extraordinaryItems,nonRecurring,otherItems,incomeTaxExpense,totalOtherIncomeExpense,discontinuedOperations,netIncomeFromContinuingOperations,netIncomeApplicableToCommonShares,preferredStockAndOtherAdjustments,reportedCurrency_y,totalAssets,intangibleAssets,earningAssets,otherCurrentAssets,totalLiabilities,totalShareholderEquity,deferredLongTermLiabilities,otherCurrentLiabilities,commonStock,retainedEarnings,otherLiabilities,goodwill,otherAssets,cash,totalCurrentLiabilities,shortTermDebt,currentLongTermDebt,otherShareholderEquity,propertyPlantEquipment,totalCurrentAssets,longTermInvestments,netTangibleAssets,shortTermInvestments,netReceivables,longTermDebt,inventory,accountsPayable,totalPermanentEquity,additionalPaidInCapital,commonStockTotalEquity,preferredStockTotalEquity,retainedEarningsTotalEquity,treasuryStock,accumulatedAmortization,otherNonCurrrentAssets,deferredLongTermAssetCharges,totalNonCurrentAssets,capitalLeaseObligations,totalLongTermDebt,otherNonCurrentLiabilities,totalNonCurrentLiabilities,negativeGoodwill,warrants,preferredStockRedeemable,capitalSurplus,liabilitiesAndShareholderEquity,cashAndShortTermInvestments,accumulatedDepreciation,commonStockSharesOutstanding,reportedCurrency,investments,changeInLiabilities,cashflowFromInvestment,otherCashflowFromInvestment,netBorrowings,cashflowFromFinancing,otherCashflowFromFinancing,changeInOperatingActivities,netIncome_y,changeInCash,operatingCashflow,otherOperatingCashflow,depreciation,dividendPayout,stockSaleAndPurchase,changeInInventory,changeInAccountReceivables,changeInNetIncome,capitalExpenditures,changeInReceivables,changeInExchangeRate,changeInCashAndCashEquivalents,clossingVal,nextClossingVal
0,2020-06-30,USD,135630000,108938000,63025000,72605000,28949000,19204000,19931000,None,26534000,None,23725000,-158000,26692000,2257000,None,7330000,28000,28000,None,None,None,7330000,-158000,None,19204000,19204000,None,USD,380389000,None,None,20022000,227611000,152778000,7500000,118795000,635000,173125000,15759000,62237000,15144000,123638000,183421000,None,None,-20982000,51249000,251759000,None,90541000,None,108099000,None,None,16262000,None,None,635000,None,173125000,None,None,12615000,None,128630000,28431000,None,15759000,44190000,None,None,None,None,380389000,123638000,None,63518968,USD,-507000,5761000,-507000,None,None,-123000,None,4270000,19204000,48359000,48800000,10031000,2257000,None,-123000,None,4748000,6607000,507000,4748000,None,48170000,94.2,
1,2020-03-31,USD,153903000,129707000,74831000,79072000,26542000,22530000,23328000,None,25616000,None,29202000,1420000,24196000,2346000,None,3086000,68000,68000,None,None,None,3086000,1420000,None,22530000,22530000,None,USD,348044000,None,None,29209000,222175000,125869000,7500000,105475000,635000,146552000,15894000,62234000,13953000,75279000,176188000,None,None,-21318000,54902000,216955000,None,63635000,None,112467000,None,None,22517000,None,None,635000,None,146552000,None,None,12741000,1212000,131089000,30093000,None,15894000,45987000,None,None,None,None,348044000,75279000,None,63495687,USD,-1245000,-2749000,-1245000,None,None,-43032000,None,-4889000,22530000,-35399000,11588000,-7638000,2346000,None,-43032000,None,-12217000,11952000,1245000,-12217000,None,-32689000,49.82,94.2
2,2019-12-31,USD,152929000,127860000,71853000,81076000,27346000,16758000,21784000,None,24854000,None,31946000,-930000,25069000,2277000,-715000,8096000,115000,115000,None,None,None,8096000,-930000,None,16758000,16758000,None,USD,372279000,None,None,4935000,230001000,142278000,7700000,94371000,635000,159490000,15989000,62237000,19380000,110678000,181596000,None,None,-17847000,58621000,232041000,None,80041000,0,100937000,None,None,20561000,None,None,635000,None,159490000,None,None,12566000,6814000,140238000,32416000,None,15952000,48405000,None,None,None,None,372279000,110678000,None,63456986,USD,-3835000,703000,-3835000,1439000,None,-35028000,None,-1882000,16758000,-2940000,34562000,-1179000,2277000,None,-35028000,None,8113000,7989000,3835000,8113000,None,-4301000,79.75,49.82
3,2019-09-30,USD,162275000,127278000,74366000,87909000,36934000,27107000,22614000,None,35807000,None,28361000,810000,34997000,1937000,None,8700000,191000,191000,None,None,None,8700000,810000,None,27107000,27107000,None,USD,380297000,None,None,19580000,228647000,151650000,5900000,97302000,639000,169560000,12224000,62233000,18332000,113618000,182494000,None,None,-18549000,58137000,241595000,None,89417000,0,108397000,None,None,21190000,None,None,639000,None,169560000,None,None,11585000,6747000,138702000,33929000,None,12224000,46153000,None,None,None,None,380297000,113618000,None,63900528,USD,-8053000,11580000,-8053000,1439000,None,-36221000,None,-898000,27107000,-5783000,39939000,10682000,1937000,None,-36221000,None,-8866000,5358000,8053000,-8866000,None,-4307000,80.67,79.75
4,2019-06-30,USD,154341000,126759000,71578000,82763000,29441000,20925000,21997000,None,27511000,None,31325000,-71000,27582000,1859000,None,6586000,178000,178000,None,None,None,6586000,-71000,None,20925000,20925000,None,USD,372183000,None,None,19865000,217496000,154687000,4500000,98195000,643000,170668000,12564000,62239000,16174000,119401000,169132000,6827000,6827000,-16624000,14512000,239557000,None,128248000,0,100291000,35800000,None,17272000,None,None,643000,None,170668000,None,None,11000000,5174000,132626000,35800000,None,12564000,48364000,None,None,None,None,372183000,119401000,None,64322067,USD,-2689000,-4976000,-2689000,1439000,None,-20078000,None,-3123000,20925000,14522000,37220000,5646000,1859000,None,-20078000,None,7166000,6600000,2689000,7166000,69000,14522000,69.33,80.67
5,2019-03-31,USD,148404000,52958000,67170000,81234000,27905000,20972000,21213000,None,27905000,None,29831000,-371000,28276000,1914000,None,6933000,231000,231000,None,None,None,6933000,-371000,None,20972000,20972000,None,USD,359511000,None,None,19065000,178215000,145400000,2600000,94363000,646000,161356000,12681000,62237000,12782000,104879000,165534000,6568000,6568000,-16602000,13327000,231296000,None,119059000,0,107352000,35896000,None,71171000,None,None,646000,None,161356000,None,None,48987000,3664000,128215000,35896000,None,12681000,12681000,None,None,None,None,359511000,104879000,None,64593909,USD,1439000,1831000,823000,1439000,None,-30160000,None,-3021000,20972000,5850000,35187000,8597000,1914000,None,-30160000,None,-7478000,9351000,616000,-7478000,-97000,5753000,55.11,69.33
6,2018-12-31,USD,144366000,-9216000,119306000,25060000,32308000,25915000,18208000,0,33375000,0,27065000,-1968000,34276000,-54489000,-1067000,None,None,None,-300000,0,0,7460000,-901000,0,25915000,25915000,None,USD,307150000,None,None,13941000,160003000,147147000,1974000,81894000,649000,163359000,14739000,62240000,15210000,99126000,145264000,None,None,-16861000,14318000,215382000,None,84907000,1440000,100875000,None,None,63370000,None,None,649000,None,163359000,None,None,9768000,5442000,91768000,None,None,12765000,14739000,None,None,None,None,307150000,100566000,None,64860419,USD,2664000,-5537000,894000,-2532000,None,-24764000,None,939000,25915000,10161000,34031000,16058000,1997000,None,-24764000,None,-7346000,2944000,1770000,-7346000,-784000,9377000,42.37,55.11
7,2018-09-30,USD,142351000,45069000,61186000,81165000,37634000,28455000,18453000,0,37634000,0,24437000,1538000,36096000,2179000,0,None,None,None,0,0,0,9179000,1538000,0,28455000,28455000,None,USD,291008000,62243000,None,16292000,151330000,139678000,2200000,83020000,654000,156912000,14724000,62243000,11109000,89749000,136606000,None,None,-17888000,14501000,203155000,None,77435000,4148000,92966000,None,None,53586000,None,None,654000,None,156912000,None,None,9685000,1424000,87853000,None,None,14724000,14724000,None,None,None,None,291008000,93897000,None,65378469,USD,2664000,-797000,-1481000,None,None,-20844000,None,-79000,28455000,12899000,35224000,-4866000,2179000,None,-20844000,None,5918000,4335000,1481000,5918000,-2184000,10715000,54.6,42.37
8,2018-06-30,USD,141871000,47105000,59081000,82790000,36671000,27668000,18176000,0,36671000,0,26694000,986000,35685000,2235000,0,None,None,None,0,0,0,9003000,986000,0,27668000,27668000,None,USD,292495000,62244000,None,22192000,163253000,129242000,0,90413000,658000,143994000,15226000,62244000,10198000,79034000,148027000,None,None,-15410000,15323000,204730000,None,66998000,4392000,99112000,0,0,57614000,0,0,658000,0,143994000,0,None,9592000,606000,87765000,None,None,15226000,15226000,None,None,None,None,292495000,83426000,None,65759735,USD,7402000,-10195000,5521000,0,None,-47899000,None,-994000,27668000,-25585000,16793000,9417000,2235000,0,-47899000,0,-15415000,3083000,1881000,-15415000,-2049000,-27634000,47.01,54.6
9,2018-03-31,USD,130569000,101431000,1308000,129261000,28551000,22652000,17059000,0,28551000,0,25684000,721000,27830000,58688000,0,None,None,None,0,0,0,5899000,721000,0,22652000,22652000,None,USD,307182000,62252000,None,14557000,159234000,147948000,0,85505000,668000,159288000,16429000,62252000,72573000,106668000,142805000,None,None,-12008000,15758000,218851000,None,85696000,12341000,85285000,0,0,57300000,0,0,668000,0,159288000,0,None,9687000,634000,88331000,None,None,16429000,16429000,None,None,None,None,307182000,119009000,None,66819431,USD,-12598000,12139000,-14772000,0,None,-55815000,None,-4223000,22652000,-19286000,51301000,1212000,2202000,0,-55815000,0,7502000,5594000,2174000,7502000,432000,-18854000,41.88,47.01
10,2017-12-31,USD,144086000,282039000,-181523000,325609000,41816000,24514000,14630000,0,42990000,0,24986000,-1754000,43570000,242447000,-1174000,None,None,None,0,-24000,0,18476000,-3733000,0,24514000,24514000,None,USD,314995000,62248000,None,10320000,140039000,174956000,2205000,75068000,678000,186117000,15715000,62248000,71429000,125522000,124255000,None,None,-11839000,15493000,228073000,None,112708000,0,92231000,0,0,49187000,0,0,678000,0,186117000,0,None,7304000,1877000,86922000,None,None,13579000,15784000,None,None,None,None,314995000,125522000,None,67776138,USD,4916000,10910000,2614000,0,None,-50007000,None,661000,24514000,34000,47427000,-1480000,2197000,0,-50007000,0,10139000,6242000,2302000,5044000,670000,704000,49.54,41.88
11,2017-09-30,USD,152883000,38715000,63072000,89811000,51303000,32599000,14747000,0,51303000,0,21770000,207000,51096000,2275000,0,None,None,None,0,-77000,0,18704000,0,0,32599000,32599000,None,USD,326249000,62245000,None,11638000,131895000,194354000,0,70984000,689000,202717000,9463000,62245000,72606000,124818000,122432000,None,None,-12746000,15275000,238368000,None,132109000,4901000,97011000,0,0,51448000,0,0,689000,0,202717000,0,None,7670000,2691000,87881000,None,None,9463000,9463000,None,None,None,3694000,326249000,129719000,None,68930029,USD,4970000,4805000,3776000,0,None,-80000,None,2045000,32599000,47740000,44044000,1889000,2275000,0,-80000,0,5095000,2624000,1194000,-148000,374000,48114000,41.57,49.54
12,2017-06-30,USD,154141000,42569000,62313000,91828000,49191000,31144000,14102000,0,49191000,0,23119000,-68000,49259000,2326000,0,None,None,None,0,3022000,0,18047000,0,0,31144000,31144000,None,USD,284735000,62240000,None,13935000,127049000,157686000,0,73001000,689000,170119000,9184000,62240000,71726000,76704000,117865000,None,None,-13122000,16177000,196832000,None,95446000,9898000,96295000,0,0,44864000,0,0,689000,0,170119000,0,None,8022000,1464000,87903000,None,None,9184000,9184000,None,None,None,None,284735000,86602000,None,68926397,USD,2173000,-15899000,259000,0,None,-25001000,None,954000,31144000,-13423000,11319000,2900000,2326000,0,-25001000,0,5243000,2158000,1914000,-11310000,919000,-12504000,48.06,41.57
13,2017-03-31,USD,143489000,40148000,61621000,81868000,41349000,28224000,14225000,0,41349000,0,23661000,-371000,41720000,2262000,0,None,None,None,0,3022000,0,13125000,0,0,28224000,28224000,None,USD,287342000,62230000,None,14759000,139474000,147868000,0,70751000,694000,161175000,9658000,62230000,70723000,89208000,129816000,None,None,-14001000,16525000,200094000,None,85638000,12051000,84076000,0,0,59065000,0,0,694000,0,161175000,0,None,7595000,898000,87248000,None,None,9658000,9658000,None,None,None,None,287342000,101259000,None,69443299,USD,-11630000,15112000,-12419000,0,None,-56619000,None,-3939000,28224000,-7762000,61276000,-8002000,2262000,0,-56619000,0,16553000,7127000,789000,16553000,1355000,-6407000,52.05,48.06
14,2016-12-31,USD,147592000,41365000,60871000,86721000,44611000,29917000,13183000,0,45772000,0,25898000,-745000,45356000,2284000,-1161000,None,None,None,0,-101000,0,15855000,1800000,0,29917000,29917000,None,USD,297140000,62228000,None,11118000,127774000,169366000,2985000,63457000,702000,184558000,10078000,62228000,71103000,95615000,117643000,None,None,-15894000,19019000,207018000,None,107138000,0,100285000,0,0,54186000,0,0,702000,0,184558000,0,None,6008000,2867000,90122000,None,None,7146000,10131000,None,None,None,None,297140000,95615000,None,70233955,USD,10201000,-4717000,-1378000,0,None,-49921000,44000,299000,29917000,-13451000,37848000,6626000,2284000,0,-49965000,0,-4358000,6246000,1378000,-2508000,-1765000,-15216000,53.03,52.05
15,2016-09-30,USD,152213000,36951000,61678000,90535000,53794000,33496000,13389000,0,53794000,0,21228000,210000,53584000,2334000,0,None,None,None,0,3022000,0,20298000,0,0,33496000,33496000,None,USD,316081000,62237000,None,12513000,129047000,187034000,0,69067000,712000,200343000,9771000,62237000,73847000,110831000,119276000,None,None,-14021000,19995000,222239000,None,124797000,0,98895000,0,0,50209000,0,0,712000,0,200343000,0,None,6688000,4922000,93842000,None,None,9771000,9771000,None,None,None,None,316081000,110831000,None,71189036,USD,2088000,13586000,730000,0,None,-25060000,96000,-431000,33496000,17661000,41991000,-3840000,2334000,0,-25156000,0,1850000,2378000,1358000,-5963000,35000,17696000,57.62,53.03
16,2016-06-30,USD,154892000,40107000,62517000,92375000,52922000,33341000,13458000,0,52922000,0,24383000,654000,52268000,2266000,0,None,None,None,0,0,0,19581000,0,0,33341000,33341000,None,USD,293876000,62235000,None,11761000,118894000,174982000,0,63913000,716000,188362000,8789000,62235000,73045000,93135000,110105000,None,None,-14096000,20861000,199970000,None,112747000,2076000,92998000,0,0,46192000,0,0,716000,0,188362000,0,None,7111000,3699000,93906000,None,None,8789000,8789000,None,None,None,None,293876000,95211000,None,71604493,USD,6695000,-10113000,4494000,0,None,-34970000,51000,-896000,33341000,-11395000,19081000,666000,2266000,0,-35021000,0,4113000,2362000,2201000,-9441000,-1282000,-12677000,64.13,57.62
17,2016-03-31,USD,149860000,41948000,64813000,85047000,43619000,27480000,14706000,0,43619000,0,25036000,520000,43099000,2206000,0,None,None,None,0,0,0,16139000,0,0,27480000,27480000,None,USD,303172000,62239000,None,11365000,128206000,174966000,0,70201000,721000,186496000,9089000,62239000,71975000,105812000,119117000,None,None,-12251000,20992000,210205000,None,112727000,8909000,84119000,0,0,48916000,0,0,721000,0,186496000,0,None,6821000,2915000,92967000,None,None,9089000,9089000,None,None,None,None,303172000,114721000,None,72136663,USD,1418000,3223000,-488000,0,None,-52750000,5023000,None,27480000,-12812000,40426000,-12414000,2206000,0,-57773000,0,13554000,6377000,1906000,13554000,208000,-12604000,56.87,64.13
18,2015-12-31,USD,141435000,41576000,60331000,81104000,38367000,26370000,13457000,0,39698000,0,26011000,-1161000,39528000,2108000,-1331000,None,None,None,0,2921000,0,13328000,1395000,0,26370000,26370000,None,USD,337912000,62233000,None,10772000,142420000,195492000,9515000,68757000,728000,194764000,9531000,62233000,69594000,118416000,127185000,None,None,-12306000,21176000,236911000,None,133259000,10344000,107610000,0,0,58428000,0,0,728000,0,207070000,0,None,7275000,86000,90770000,None,None,5720000,15235000,None,None,None,None,337912000,128760000,None,74000000,USD,-226000,2005000,-2099000,0,None,-24416000,734000,-1427000,26370000,9604000,36119000,7017000,2108000,0,-25150000,0,-12223000,4233000,1873000,-5614000,-217000,9387000,66.17,56.87
19,2015-09-30,USD,142304000,40528000,58096000,84208000,44284000,27897000,13589000,0,44284000,0,24962000,604000,43680000,1977000,0,None,None,None,0,0,0,16387000,0,0,27897000,27897000,None,USD,322747000,62237000,None,11092000,132384000,190363000,0,65180000,731000,201673000,12733000,62237000,69761000,109029000,119651000,None,None,-12041000,21351000,231635000,None,128126000,10117000,101397000,0,0,54471000,0,0,731000,0,201673000,0,None,7264000,260000,91112000,None,None,12733000,12733000,None,None,None,None,322747000,119146000,None,73064213,USD,-2272000,12914000,-6122000,0,None,-24888000,588000,None,27897000,10336000,41346000,3357000,1977000,0,-25476000,0,6609000,4812000,3850000,-9611000,-1463000,8873000,62.3,66.17
