,fiscalDateEnding,reportedCurrency_x,totalRevenue,totalOperatingExpense,costOfRevenue,grossProfit,ebit,netIncome_x,researchAndDevelopment,effectOfAccountingCharges,incomeBeforeTax,minorityInterest,sellingGeneralAdministrative,otherNonOperatingIncome,operatingIncome,otherOperatingExpense,interestExpense,taxProvision,interestIncome,netInterestIncome,extraordinaryItems,nonRecurring,otherItems,incomeTaxExpense,totalOtherIncomeExpense,discontinuedOperations,netIncomeFromContinuingOperations,netIncomeApplicableToCommonShares,preferredStockAndOtherAdjustments,reportedCurrency_y,totalAssets,intangibleAssets,earningAssets,otherCurrentAssets,totalLiabilities,totalShareholderEquity,deferredLongTermLiabilities,otherCurrentLiabilities,commonStock,retainedEarnings,otherLiabilities,goodwill,otherAssets,cash,totalCurrentLiabilities,shortTermDebt,currentLongTermDebt,otherShareholderEquity,propertyPlantEquipment,totalCurrentAssets,longTermInvestments,netTangibleAssets,shortTermInvestments,netReceivables,longTermDebt,inventory,accountsPayable,totalPermanentEquity,additionalPaidInCapital,commonStockTotalEquity,preferredStockTotalEquity,retainedEarningsTotalEquity,treasuryStock,accumulatedAmortization,otherNonCurrrentAssets,deferredLongTermAssetCharges,totalNonCurrentAssets,capitalLeaseObligations,totalLongTermDebt,otherNonCurrentLiabilities,totalNonCurrentLiabilities,negativeGoodwill,warrants,preferredStockRedeemable,capitalSurplus,liabilitiesAndShareholderEquity,cashAndShortTermInvestments,accumulatedDepreciation,commonStockSharesOutstanding,reportedCurrency,investments,changeInLiabilities,cashflowFromInvestment,otherCashflowFromInvestment,netBorrowings,cashflowFromFinancing,otherCashflowFromFinancing,changeInOperatingActivities,netIncome_y,changeInCash,operatingCashflow,otherOperatingCashflow,depreciation,dividendPayout,stockSaleAndPurchase,changeInInventory,changeInAccountReceivables,changeInNetIncome,capitalExpenditures,changeInReceivables,changeInExchangeRate,changeInCashAndCashEquivalents,clossingVal,nextClossingVal
0,2020-06-30,USD,286161,2077394,1800963,-1514802,-1608361,-2161196,None,None,-2161196,None,276431,None,-1791233,None,7549,0,499,-7050,None,None,None,None,-362913,None,-2161196,-2161196,None,USD,10716846,1037990,None,None,1058611,9658235,None,9625,2453,-108826633,None,None,None,775119,928856,None,None,-450719,3858699,5820157,None,8620245,108700,None,62500,None,831784,None,None,None,None,None,None,None,None,None,4896689,154702,None,None,129755,None,None,None,None,None,None,None,None,USD,-5166009,99594,-5166009,306646,62500,6484389,-237823,-266133,-2161196,300573,-1017807,None,545286,None,None,None,117811,646831,0,None,None,None,0.91,
1,2020-03-31,USD,592487,1684289,1153241,592487,-1044496,-1057931,None,None,-1057931,None,1642477,47306,-1091802,41812,13435,0,1880,-11555,None,None,None,None,45426,None,-1057931,-1057931,None,USD,5668117,1055784,None,911240,2498399,3169718,None,92116,922,-106665437,None,None,None,474546,1404275,None,None,-450719,2835563,1503597,None,2113934,2892,117811,999106,None,1312159,None,None,922,None,-106665437,None,None,273173,None,4164520,184072,999106,95018,1094124,None,None,None,110284952,5668117,474546,None,9212106,USD,468703,73961,468703,468703,62500,385117,-16774,-607365,-1057931,-218417,-1072237,-488117,528575,None,385117,None,-117811,-10914,0,-117811,None,-218417,0.45,0.91
2,2019-12-31,USD,277052,1982798,996142,277052,-1125047,-1151916,None,None,-1151916,None,1488209,580699,-1705746,46813,26869,None,2849,-11703,None,447776,None,None,117757,None,-1151916,-1151916,None,USD,6619962,1073578,None,801165,2972290,3647672,None,614508,846,-105607506,None,None,None,692963,1852705,None,None,-450719,3754969,1494128,None,2574094,1141,None,999106,None,1238197,None,None,846,None,-105607506,None,None,297287,None,5125834,208438,999106,120479,1119585,None,None,None,109705051,6619962,692963,None,8458781,USD,301675,166575,301675,301676,62500,165677,-6763,-872982,-1151916,-650022,-1117374,-1382649,529016,None,165677,None,None,721600,1,None,None,-650022,0.8814,0.45
3,2019-09-30,USD,321716,1129575,478811,321716,-741816,-754407,None,None,-754407,None,1095575,66043,-807859,34000,12591,None,8428,-4163,None,None,None,None,57615,None,-754407,-754407,None,USD,7680021,1091373,None,212816,4190676,3489345,None,1985002,771,-104455590,None,None,None,1342985,4055729,999106,999106,-450719,4713966,1555801,None,2397972,2881,None,None,None,1071621,None,None,771,None,-104455590,None,None,318881,None,6124220,220636,None,134947,134947,None,None,None,108394883,7680021,1342985,None,7703461,USD,306915,6170,306915,312139,62500,79817,-3636,-312674,-754407,-345441,-732173,-255060,155155,None,79817,None,None,115969,5224,None,None,-345441,1.75,0.8814
4,2019-06-30,USD,355765,1096362,498588,355765,-553425,-565880,None,None,-565880,None,1066362,187172,-740597,30000,12455,None,10358,-2097,None,None,None,None,176814,None,-565880,-565880,None,USD,4142738,1109167,None,246552,2420131,1722607,None,198566,639,-103701183,None,None,None,1688426,2263124,999106,999106,-450719,759853,1934978,None,613440,4540,None,None,None,1065452,None,None,639,None,-103701183,None,None,338740,None,2207760,240186,None,157007,157007,None,None,None,105873870,4142738,1688426,None,6385405,USD,381914,-103017,381914,381914,None,79817,-3636,-310507,-565880,-276058,-657972,-269423,155155,None,None,None,None,125193,5224,None,None,-276058,2.89,1.75
5,2019-03-31,USD,230694,1215603,508640,230694,-1044862,-1044862,None,None,-1044862,None,1195603,-59953,-984909,20000,12317,None,-49910,-301,None,None,None,None,-59652,None,-1044862,-1044862,None,USD,4662129,1126961,None,315138,2503937,2158192,None,157788,639,-103135303,None,None,None,1964484,2325363,999106,999106,-450719,897214,2279622,None,1031231,5637,None,178574,None,1168469,None,None,639,None,-103135303,None,None,358332,None,2382507,259545,None,178574,178574,None,None,None,105743575,4662129,1964484,None,6385405,USD,224449,-66975,224449,224449,None,79817,-3636,-196771,-1044862,-586687,-811136,-174368,155155,None,None,None,None,319914,5224,None,None,-586687,0.5205,2.89
6,2018-12-31,USD,295231,4628196,1019849,295231,-2663560,-4394402,0,0,-2887343,0,2421993,1669405,-4332965,-16485,12590,69130,None,None,0,2222688,0,69134,-1980213,0,-2956477,-4394402,None,USD,5194507,1144755,None,464006,2273633,2920874,None,39083,2552,-102090441,None,None,None,2551171,2273633,999106,None,-450719,1034575,3015177,None,1776119,None,None,None,None,1235444,None,None,2552,None,-102090441,None,None,None,None,2179330,None,None,None,None,None,None,None,105459482,5194507,2551171,None,25519940,USD,None,-93721,1342917,-1342917,None,79817,-3636,-1335691,-4394402,-637609,-1980526,-1256739,616343,None,None,None,102098,3045895,5224,None,None,-637609,0.3622,0.5205
7,2018-09-30,USD,338672,1833713,1132570,338672,-1321768,-1340457,0,0,-1340457,0,1486213,173273,-1495041,347500,19446,None,None,None,0,0,0,0,145824,0,-1340457,-1340457,None,USD,8859423,1162549,None,550184,2473395,6386028,0,145124,2552,-97696039,None,0,1163000,3188780,1474289,None,None,-450719,3855812,3841062,None,5223479,0,102098,999106,0,1329165,0,0,2552,0,-97696039,0,None,None,None,5018361,None,999106,None,999106,None,None,None,104530234,8859423,3188780,None,25519940,USD,None,-624528,2994,0,None,-393931,-393931,812634,-1340457,-1043831,-652894,803874,616857,0,0,0,-102098,-6542,2994,-102098,None,-1043831,0.7295,0.3622
8,2018-06-30,USD,688502,5078700,931630,688502,-4754363,-4676645,0,0,-4676645,0,1969891,-364165,-4390198,3108809,9151,None,None,None,0,0,0,0,-3136447,0,-4676645,-4676645,None,USD,10830950,1180343,None,960127,3143518,7687432,0,190719,2358,-96355582,None,0,1180000,4232611,3143518,999106,999106,-450719,4457869,5192738,None,6507089,0,None,0,0,1953693,0,0,2358,0,-96355582,0,None,None,None,5638212,None,None,None,None,None,None,None,104491375,10830950,4232611,None,23577940,USD,None,-117449,545916,0,None,273461,273461,-1052731,-4676645,-1135352,-1954729,1868495,937642,0,0,0,-102098,33228,545916,None,None,-1135352,0.9189,0.7295
9,2018-03-31,USD,239967,2098099,267709,239967,-3800450,-2402820,0,0,-3840745,0,2048829,-1942318,-1858132,49270,40295,None,None,None,0,0,0,0,-544688,0,-3840745,-2402820,None,USD,12396559,1198137,None,252082,3970339,8426220,0,285348,1933,-91678937,None,0,1198000,5367963,3970339,1613849,1613849,-450719,5578377,5620045,None,7228083,0,None,0,0,2071142,0,0,1933,0,-91678937,0,None,None,None,6776514,None,None,None,None,None,None,None,100553943,12396559,5367963,None,19327940,USD,None,-2039896,-6050629,-250000,None,120470,120470,-2440765,-2402820,-9580581,-3650422,-279698,2188898,0,0,0,-102098,-1116906,5800629,None,15,-9580566,1.12,0.9189
10,2017-12-31,USD,-90028,4438683,52000,-90028,-1671382,-18848645,0,0,-19106744,-280000,3913139,2856729,-4528111,-1455388,-1106899,None,None,None,0,1980332,0,-484021,-19482624,0,-18622723,-18848645,None,USD,15058221,0,None,92855,7670100,7388121,1000000,3944396,1248,-89276117,None,222843,201203,14948529,7670100,1763920,1763920,-450734,10011,15048210,None,7388120,0,6826,0,0,1961784,12675742,97113723,1248,1,-89276117,0,None,None,None,10011,None,None,None,None,None,None,None,97113723,15058221,14948529,None,12477781,USD,None,4008367,-2773254,-621757,753979,9381915,18000,536397,-18848644,20344120,13735459,23347058,3606865,0,8524936,0,88000,-11903703,1497,116804,301358,10906639,4.1,1.12
11,2017-09-30,USD,162713,4079092,64000,162713,-5102072,-6677486,0,0,-6385295,280000,2766037,-1185093,-3916979,590437,1283223,None,None,None,0,723218,0,292191,-1135468,0,-6677486,-6677486,None,USD,12691679,7590213,None,108878,21924790,-9041829,1000000,3669387,3111,-70427472,719000,228401,7819000,4041890,21206379,15582156,14220532,-450623,9803,4863262,None,-16860521,3920000,712494,0,0,1954836,-9287142,0,3111,78,-70427472,0,None,None,None,7828417,None,None,718411,718411,None,None,None,61833077,12691679,4041890,None,7776016,USD,None,-3339780,2769660,2771757,4086714,7854307,2549000,595443,-6677486,2934076,-7689891,284035,457718,0,3817593,0,-43763,3112790,2097,-7294,12093,2946169,0.425,4.1
12,2017-06-30,USD,368800,3297512,1024000,368800,-1703520,-2200792,0,0,-2268200,-84650,2572045,1225192,-2928712,725467,564680,None,None,None,0,-1446436,0,17242,1528105,0,-2285442,-2200792,None,USD,14100530,11358722,None,504321,25149498,-10729834,1225000,81930,2326,-63749987,2651000,224353,11784000,1095721,10998719,5622173,17121896,-933245,12213,2305242,None,-22312987,0,705200,11499723,0,5294616,0,0,2326,78,-63749987,0,None,200000,None,11795288,None,11499723,1426056,14150779,None,None,None,53950993,14100530,1095721,None,23457472,USD,None,-823047,-2097,0,5000000,3045105,137000,73414,-2200793,596297,-2446711,-4362,640365,0,2495105,0,21267,-45935,2097,-12939,5972,602269,0.378,0.425
13,2017-03-31,USD,78137,2887825,455000,78137,-3108463,-3606646,0,0,-3677282,-70636,2210646,-298775,-2809688,677179,568819,None,None,None,0,723218,0,70636,-867594,0,-3747918,-3606646,None,USD,13891385,11683170,None,577735,25418010,-11292141,1225000,81930,2627,-61549194,2866000,224353,12108000,493452,9865871,3666278,3666278,-1059308,20414,1763448,None,-23199742,0,692261,12685536,0,6117663,0,0,2627,78,-61549194,0,None,200000,None,12127937,None,12685536,1641603,15552139,None,None,None,51313656,13891385,493452,None,19302472,USD,None,-1099415,-2097,0,-5625000,167292,-103000,-737347,-3606646,-4503306,-4668501,-755250,706429,0,1395292,0,8328,94709,2097,-8328,-1556,-4504862,1.02,0.378
14,2016-12-31,USD,176725,33316435,3004000,19378842,-14355577,-26403480,0,0,-14995630,-135931,22194712,-417984,-13937593,1434808,640053,None,None,None,0,9686915,0,11543781,-19116919,0,-26539411,-26403480,None,USD,18288435,12314628,None,428049,27575577,-9123294,1000000,81930,1877,-57942548,2444000,222843,12739000,4998314,20461015,13162007,10150090,-1060390,28329,5521432,None,-21660843,0,95069,4670502,0,7217078,0,49877689,1877,78,-57942548,0,None,201203,None,12767003,None,4670502,1444060,7114562,None,None,None,49877689,18288435,4998314,None,18552472,USD,None,1240085,-128703,-128702,2,4903798,202999,1666825,-26567330,3733580,-1041515,12588064,1435290,0,4700797,0,30000,10276592,1,-14216,-30216,3703364,1.72,1.02
15,2016-09-30,USD,43113,9688527,1094378,-1051265,-8997449,-6274410,0,0,-9646514,-24195,2126258,1742343,-10739792,2030886,649065,None,None,None,0,5531383,0,-3347909,1866156,0,-6298605,-6274410,None,USD,38704269,19551678,None,1134307,26327536,12404651,1438709,110100,1505,-31539066,2128000,4483129,36155000,1294950,17303738,11139623,None,-959401,38389,2511122,None,-11630234,0,81865,6502503,0,6054015,0,0,1505,78,-31539066,0,None,201031,11918920,36193147,None,6502503,1082586,9023798,None,None,None,44901535,38704269,1294950,None,15047141,USD,None,-88172,-2404752,-2402656,-1405251,-1546985,-141734,None,-6270686,-5862382,-1910645,-1888549,2031956,0,0,0,44000,4258325,2096,46481,-1447,-5863829,2.81,1.72
16,2016-06-30,USD,34349762,4872209,15467763,18881999,14092947,7906279,0,0,13248540,-3722,2207102,83157,14009790,1961411,844407,None,None,None,0,703696,0,5345983,229565,0,7902557,7906279,None,USD,46935447,23488453,None,2560814,28948083,17991086,1789690,None,1505,-25264658,4194000,4453945,37040000,7158779,14935992,8793806,None,-1168556,46977,9847930,None,-9951390,0,128337,9075347,0,6142186,0,0,1505,78,-25264658,0,None,204721,8893421,37087517,None,9075347,3147054,14012091,None,None,None,44422717,46935447,7158779,None,15047141,USD,None,-2423411,-1154194,-1150000,-3973854,-6116263,-437070,None,7902557,5741141,13011598,4434205,1962469,0,0,0,2718,1123221,4194,12557,-2752,5738389,2.74,2.81
17,2016-03-31,USD,2059676,4335719,2639976,-580300,-4911611,-3893413,0,0,-5918461,0,1936625,4408,-4916019,2025899,1006850,None,None,None,0,373195,0,-2025048,-1002442,0,-3893413,-3893413,None,USD,45622612,23208298,None,1589793,36035398,9587214,1964998,103049,1497,-33170937,4262000,4605733,42406000,1420390,20314271,11379212,None,-1018385,52793,3163295,None,-18226895,0,153112,10542952,0,8832010,0,0,1497,78,-33170937,0,None,207100,14385393,42459317,None,10542952,3213177,15721127,None,None,None,43774961,45622612,1420390,None,14967141,USD,None,1953751,-2097,0,None,-1248440,None,None,-3893413,-1137368,113169,-850811,2027551,0,0,0,15275,891366,2097,-15275,2607,-1134761,1.99,2.74
18,2015-12-31,USD,7106942,14835741,4412000,7106942,-5102669,-3905124,0,0,-5761412,-163848,7495396,2626130,-7728799,2313434,658743,None,None,None,0,5026911,0,14456607,-3826023,0,-20218019,-3905124,None,USD,47227593,25457639,None,2086909,34551851,12675742,2044997,33646,1487,-29277524,4332000,4482845,42388000,2555151,16951648,10383177,6833896,-1265812,61297,4778902,None,-17264820,0,136842,12273968,0,6534825,0,0,1487,78,-29277524,0,None,9169,12437741,42448691,None,12273968,3281238,17600203,None,None,None,43217513,47227593,2555151,None,14867141,USD,None,-2238136,-35866,0,-27276412,-757413,7100625,-162706,-3905123,-833012,-39733,-5225680,2315344,0,0,0,-295608,4602744,35866,1814376,-20676,-853688,1.6,1.99
19,2015-09-30,USD,6407997,9493403,4001000,6407997,-3155668,-3750468,0,0,-4234283,0,6609134,-70262,-3085406,2884269,1078615,None,None,None,0,0,0,-483815,-1383261,0,-3750468,-3750468,None,USD,66583013,48326000,None,1909179,50912068,15670945,8279301,327757,1456,-25372401,7274000,4573000,58867000,3408839,28704747,19384416,None,-973063,71000,7644735,None,15670865,0,2326717,13877000,0,8992574,0,0,1456,80,-25372401,0,None,58938278,None,58938278,None,None,13928020,22207321,None,None,None,42014873,66583013,3408839,None,14550475,USD,None,4407805,-1852,0,-1151875,-747593,404282,None,-3750469,1921098,2670543,173174,2886179,0,0,0,-2109984,576510,1852,-1622656,499,1921597,1.85,1.6
