,fiscalDateEnding,reportedCurrency_x,totalRevenue,totalOperatingExpense,costOfRevenue,grossProfit,ebit,netIncome_x,researchAndDevelopment,effectOfAccountingCharges,incomeBeforeTax,minorityInterest,sellingGeneralAdministrative,otherNonOperatingIncome,operatingIncome,otherOperatingExpense,interestExpense,taxProvision,interestIncome,netInterestIncome,extraordinaryItems,nonRecurring,otherItems,incomeTaxExpense,totalOtherIncomeExpense,discontinuedOperations,netIncomeFromContinuingOperations,netIncomeApplicableToCommonShares,preferredStockAndOtherAdjustments,reportedCurrency_y,totalAssets,intangibleAssets,earningAssets,otherCurrentAssets,totalLiabilities,totalShareholderEquity,deferredLongTermLiabilities,otherCurrentLiabilities,commonStock,retainedEarnings,otherLiabilities,goodwill,otherAssets,cash,totalCurrentLiabilities,shortTermDebt,currentLongTermDebt,otherShareholderEquity,propertyPlantEquipment,totalCurrentAssets,longTermInvestments,netTangibleAssets,shortTermInvestments,netReceivables,longTermDebt,inventory,accountsPayable,totalPermanentEquity,additionalPaidInCapital,commonStockTotalEquity,preferredStockTotalEquity,retainedEarningsTotalEquity,treasuryStock,accumulatedAmortization,otherNonCurrrentAssets,deferredLongTermAssetCharges,totalNonCurrentAssets,capitalLeaseObligations,totalLongTermDebt,otherNonCurrentLiabilities,totalNonCurrentLiabilities,negativeGoodwill,warrants,preferredStockRedeemable,capitalSurplus,liabilitiesAndShareholderEquity,cashAndShortTermInvestments,accumulatedDepreciation,commonStockSharesOutstanding,reportedCurrency,investments,changeInLiabilities,cashflowFromInvestment,otherCashflowFromInvestment,netBorrowings,cashflowFromFinancing,otherCashflowFromFinancing,changeInOperatingActivities,netIncome_y,changeInCash,operatingCashflow,otherOperatingCashflow,depreciation,dividendPayout,stockSaleAndPurchase,changeInInventory,changeInAccountReceivables,changeInNetIncome,capitalExpenditures,changeInReceivables,changeInExchangeRate,changeInCashAndCashEquivalents,clossingVal,nextClossingVal
0,2020-06-30,USD,359422000,-243715000,238469000,120953000,3722000,2269000,None,None,-4360000,-420000,97882000,-1524000,5246000,-341597000,8082000,-6209000,None,-8082000,None,None,None,-6209000,-1524000,None,1849000,2269000,None,USD,2084616000,347205000,None,1477574000,1482874000,601107000,None,1156616000,36334000,858220000,284727000,756056000,40004000,42904000,305032000,23114000,19700000,-235691000,312720000,569668000,62068000,601107000,None,377031000,830949000,182351000,303144000,None,None,36334000,None,858220000,-203570000,None,32143000,None,4756000,84865000,None,37400000,1177842000,None,None,None,145814000,2084616000,42904000,None,None,USD,42124000,4067000,35937000,217000,-113393000,-123675000,-3631000,25898000,1849000,-30125000,57613000,16000000,30168000,-6630000,-21000,None,None,5529000,6404000,None,None,-30125000,19.1,
1,2020-03-31,USD,374800000,-164939000,250036000,124764000,-88048000,-86364000,None,None,-97661000,-231000,101581000,-2951000,-85097000,-356928000,9613000,-11066000,-10721000,-9613000,None,90408000,None,-11066000,-93359000,None,-86595000,-86364000,None,USD,2191736000,364106000,None,1515947000,1600534000,590147000,None,1262567000,36334000,862581000,280196000,750578000,45659000,72338000,322302000,26077000,26077000,-248495000,315525000,625937000,93208000,590147000,None,411592000,939753000,186919000,311890000,None,None,36334000,None,862581000,-203307000,None,117005000,None,4940000,None,939753000,88437000,1278232000,None,None,None,143034000,2191736000,72338000,None,31000000,USD,-5067000,-34000,-14309000,118000,-303000,-11331000,-3874000,39614000,-86595000,34998000,60638000,31101000,29317000,-6648000,-506000,None,None,86849000,9360000,None,None,34998000,24.19,19.1
2,2019-12-31,USD,364944000,-244274000,249217000,115727000,-6463000,-10466000,None,None,-15703000,160000,102728000,-1520000,-4943000,-347002000,9240000,-5397000,-7941000,-9240000,None,None,None,-5397000,-1520000,None,-10306000,-10466000,None,USD,2284579000,385156000,None,1629124000,1568874000,714420000,None,1257515000,36334000,955593000,292694000,856989000,44771000,39384000,283276000,25532000,25532000,-215232000,315922000,594348000,91286000,714420000,None,425308000,941395000,185608000,285827000,None,None,36334000,None,955593000,-202801000,None,112405000,None,5155000,None,941395000,82717000,1285598000,None,None,None,140526000,2284579000,39384000,None,31000000,USD,-4570000,-1073000,-14229000,63000,21636000,11916000,-1340000,-15750000,-10306000,3044000,5357000,-12285000,28933000,-6535000,-1845000,None,None,88000,9722000,None,None,3044000,38.17,24.19
3,2019-09-30,USD,392405000,374651000,249809000,142596000,-35186000,-71131000,None,None,-75114000,1130000,106251000,None,17754000,None,9894000,-3623000,-9794000,-9894000,None,None,None,-3623000,-82974000,None,-71491000,-71131000,None,USD,2190603000,400650000,None,49384000,1471367000,718106000,None,114276000,36334000,972594000,292399000,846807000,40220000,35302000,279879000,42503000,42503000,-228361000,237442000,583716000,85501000,-529351000,None,318756000,898194000,180274000,74558000,None,None,None,None,None,-200235000,None,31455000,None,1606887000,None,898194000,37087000,1191488000,None,None,None,137774000,None,35302000,None,31000000,USD,6040000,3715000,6040000,-11567000,-32433000,-44879000,-1768000,3707000,-71131000,1699000,41669000,None,30034000,-6366000,-4312000,830000,8779000,84151000,5725000,None,None,None,35.39,38.17
4,2019-06-30,USD,379294000,-271807000,242116000,137178000,28921000,14629000,None,None,18413000,-205000,97944000,-770000,29691000,-369751000,10508000,3989000,-9853000,-10508000,None,None,None,3989000,-770000,None,14424000,14629000,None,USD,2345293000,420795000,None,1518256000,1496868000,846842000,None,1159133000,36334000,1050091000,260840000,935107000,38253000,33603000,314047000,58080000,58080000,-179874000,247169000,614445000,88887000,846842000,None,354927000,921520000,188658000,279655000,None,None,36334000,None,1050091000,-195920000,None,36210000,None,2680000,None,921520000,42227000,1182821000,None,None,None,136211000,2345293000,33603000,None,31000000,USD,-21585000,2105000,-33332000,1046000,2128000,-14798000,-2003000,5141000,14424000,-4005000,44125000,3036000,20483000,-6394000,-8529000,830000,8779000,8542000,12793000,None,None,-4005000,34.85,35.39
5,2019-03-31,USD,391400000,-279383000,255119000,136281000,25288000,15417000,None,None,15029000,-223000,102508000,1024000,24264000,-381891000,10259000,-165000,-8168000,-10259000,None,None,None,-165000,1024000,None,15194000,15417000,None,USD,2335897000,430706000,None,1500084000,1488436000,845668000,None,1152698000,36334000,1041856000,261767000,933748000,48790000,37730000,307567000,56596000,56596000,-180186000,243493000,617804000,61356000,845668000,None,364992000,919102000,187653000,279142000,None,None,36334000,None,1041856000,-187391000,None,46845000,None,1945000,None,919102000,43005000,1180869000,None,None,None,135055000,2335897000,37730000,None,32000000,USD,-4117000,1096000,-17849000,-3020000,-6440000,-21183000,-2762000,2772000,15194000,-2129000,36903000,1676000,21050000,-6446000,-5535000,830000,8779000,-6578000,10712000,None,None,-1807000,36.95,34.85
6,2018-12-31,USD,374177000,-263932000,247766000,126411000,13890000,3097000,0,None,3589000,-113000,102132000,-2276000,16166000,-366064000,10301000,None,None,None,-300000,None,None,605000,-11646000,None,2984000,3097000,None,USD,2352777000,439799000,None,1500085000,1508762000,842018000,None,1181117000,36334000,1032885000,271157000,931457000,60656000,39836000,300708000,46110000,46110000,-179034000,246021000,614546000,60298000,842018000,None,376556000,936897000,188319000,281535000,None,None,36334000,None,1032885000,-181842000,None,None,None,1960000,None,936897000,None,None,None,None,None,133675000,2352777000,39836000,None,32000000,USD,883000,-159000,-15618000,-8043000,20707000,5818000,-724000,-19793000,2984000,-1414000,8386000,-19634000,19226000,-6414000,-7751000,830000,8779000,5969000,8458000,None,-322000,-1736000,40.62,36.95
7,2018-09-30,USD,407444000,101560000,258660000,148784000,49766000,29595000,24984000,0,39121000,-59000,86581000,2542000,47224000,14979000,10645000,None,None,None,0,0,0,9585000,-9803000,0,29536000,29595000,None,USD,2375485000,443910000,None,1501171000,1506771000,868351000,0,1169066000,36334000,1040378000,273286000,948894000,60611000,41572000,304143000,31260000,31260000,-164298000,252775000,616423000,52872000,868351000,0,397679000,929342000,180451000,306445000,868714000,129252000,36334000,0,1040378000,-173315000,None,None,1837000,254612000,None,None,None,None,None,None,None,129252000,2375485000,41572000,None,32000000,USD,9095000,-3526000,-1720000,235000,-61384000,-74886000,-6303000,5613000,29536000,-11838000,64768000,-1977000,19922000,-6109000,-1090000,-2869000,-790000,20813000,11050000,None,-305000,-12143000,50.15,40.62
8,2018-06-30,USD,411621000,114006000,259720000,151901000,38376000,24414000,0,0,28657000,-69000,105672000,481000,37895000,8334000,9719000,None,None,None,0,0,0,4312000,-9238000,0,24345000,24414000,None,USD,2412941000,452848000,None,1520076000,1579761000,832749000,0,1251627000,36334000,1016892000,274287000,953264000,64338000,53715000,306622000,27567000,27567000,-174575000,254940000,629941000,57610000,832749000,0,395892000,998852000,184814000,300567000,833180000,126273000,36334000,0,1016892000,-172175000,None,None,3504000,258444000,None,None,None,None,None,None,None,126273000,2412941000,53715000,None,32000000,USD,-125000,-696000,-9058000,1363000,-17677000,-25881000,-6303000,-2515000,24345000,-8403000,26536000,-1819000,20066000,-6418000,-1786000,-2869000,-790000,-15360000,10296000,None,-2713000,-11116000,58.8,50.15
9,2018-03-31,USD,414061000,120175000,264095000,149966000,29546000,18182000,0,0,20284000,-110000,111926000,-245000,29791000,8249000,9262000,None,None,None,0,0,0,2212000,-9507000,0,18072000,18182000,None,USD,2462989000,464878000,None,1545778000,1610907000,851559000,0,1280728000,36334000,990082000,280414000,972961000,59456000,64831000,311051000,26876000,26876000,-128342000,261653000,647396000,56645000,851559000,0,406308000,1019442000,182057000,303303000,852082000,123835000,36334000,0,990082000,-170350000,None,None,2362000,264015000,None,None,None,None,None,None,None,123835000,2462989000,64831000,None,32000000,USD,-16000,8726000,-43380000,-33157000,18782000,-1147000,-6303000,8051000,18072000,4106000,48633000,-675000,19748000,-6039000,-13890000,-2869000,-790000,2762000,10207000,None,583000,4689000,50.6,58.8
10,2017-12-31,USD,369454000,112775000,238755000,130699000,17732000,35180000,0,0,9931000,-22000,112775000,-192000,17924000,14930000,7801000,None,None,None,0,0,0,-25227000,-12693000,0,35158000,35180000,None,USD,2382375000,1404431000,None,1508161000,1551746000,830086000,0,1245294000,36334000,977939000,163371000,948687000,1515154000,60142000,292671000,31390000,31390000,-143904000,253844000,613377000,54588000,830086000,0,379002000,994255000,179336000,275062000,830629000,120294000,36334000,0,977939000,-160577000,None,None,1890000,255734000,None,None,None,None,None,None,None,120294000,2382375000,60142000,None,32000000,USD,-11730000,902000,-108178000,-84801000,113301000,102815000,-6303000,-14433000,35158000,2274000,7637000,-15335000,17238000,-6071000,-4415000,-2869000,-790000,-30326000,11647000,None,353000,2627000,52.8,50.6
11,2017-09-30,USD,396064000,123678000,242460000,153604000,31206000,20875000,16362000,0,24585000,-92000,123678000,1280000,29926000,10575000,6621000,None,None,None,0,0,0,3802000,-18316000,0,20783000,20875000,None,USD,2244649000,1322176000,None,1406376000,1454390000,789707000,0,1109549000,36334000,948830000,148226000,897794000,1414057000,57515000,285132000,29528000,29535000,-154115000,235533000,595059000,40559000,789707000,0,371324000,881602000,171445000,315313000,790259000,123432000,36334000,0,948830000,-164774000,None,None,2456000,237989000,None,None,None,None,None,None,None,123432000,2244649000,57515000,None,33000000,USD,-2211000,1436000,-13916000,1015000,-32454000,-40397000,-6303000,-10325000,20783000,-776000,53537000,2663000,17171000,-5569000,-2374000,-2289000,-7045000,11484000,12720000,None,1539000,763000,62.25,52.8
12,2017-06-30,USD,389630000,107308000,245536000,144094000,45152000,29485000,0,0,38164000,-177000,107308000,8366000,36786000,-10575000,6988000,None,None,None,0,0,0,8856000,0,0,29308000,29485000,None,USD,2235903000,1313603000,None,1418875000,1473901000,761487000,0,1152256000,36334000,933524000,159969000,884745000,1383090000,56752000,288482000,31908000,942047000,-166695000,238251000,614562000,None,761487000,0,341286000,910050000,179873000,289737000,762002000,120724000,36334000,0,933524000,-162400000,None,None,866000,239117000,None,None,None,None,None,None,None,120724000,2235903000,56752000,None,33000000,USD,-2211000,-4552000,-22847000,-3882000,-9400000,-17262000,None,-4487000,29308000,11367000,51476000,65000,18516000,-5384000,-2478000,0,0,8139000,18965000,None,1782000,13149000,61.25,62.25
13,2017-03-31,USD,380916000,111594000,242494000,138422000,27455000,14920000,0,0,20841000,-52000,111594000,627000,26828000,0,6614000,None,None,None,0,0,0,5973000,0,0,14868000,14920000,None,USD,2173859000,1298141000,None,1395439000,1469536000,703752000,0,1162466000,36334000,909423000,166882000,867883000,1366163000,43603000,278636000,29653000,29653000,-199838000,223621000,584075000,None,703752000,0,335205000,917698000,174796000,277417000,704323000,118024000,36334000,0,909423000,-160191000,None,None,1195000,224816000,None,None,None,None,None,None,None,118024000,2173859000,43603000,None,33000000,USD,-2211000,3265000,-89059000,-80878000,4529000,-3565000,None,-8686000,14868000,-64384000,28240000,-215000,17135000,-5420000,-2674000,0,0,-6813000,8181000,None,1580000,-62804000,67.65,61.25
14,2016-12-31,USD,348998000,108204000,221731000,127267000,18845000,9088000,0,0,12697000,-114000,108204000,-218000,19063000,0,6148000,None,None,None,0,0,0,3723000,0,0,8974000,9088000,None,USD,2107344000,1227440000,None,1314590000,1418967000,687763000,0,1141567000,36334000,899923000,166134000,841163000,1285416000,106407000,239384000,24250000,24250000,-206081000,209566000,612362000,None,687763000,0,310046000,913571000,165569000,253150000,688377000,115292000,36334000,0,899923000,-157705000,None,None,1166000,210732000,None,None,None,None,None,None,None,115292000,2107344000,106407000,None,32000000,USD,-2211000,2390000,-15795000,-10726000,65921000,54047000,None,-15193000,8974000,54298000,16046000,-13985000,15159000,-5389000,-6485000,0,0,3508000,5069000,None,-3602000,50696000,76.85,67.65
15,2016-09-30,USD,376995000,107158000,230165000,146830000,39581000,23863000,14793000,0,33383000,-263000,107158000,-91000,39672000,0,6198000,None,None,None,0,0,0,9783000,-27581000,0,23600000,23863000,None,USD,2091041000,1245330000,None,1337781000,1381707000,708665000,0,1072110000,36334000,896224000,170514000,851489000,1297365000,55711000,259348000,27747000,29276000,-181868000,219492000,574184000,31515000,708665000,0,314810000,844807000,162472000,281850000,709334000,117088000,36334000,0,896224000,-159113000,None,None,775000,220267000,None,None,None,None,None,None,None,117088000,2091041000,55711000,None,33000000,USD,-2211000,-5273000,-8852000,133000,-46377000,-51623000,-7884000,18239000,23600000,-18606000,41869000,5982000,16202000,-5038000,-208000,10453000,-10632000,1358000,8985000,None,-166000,-18772000,60.76,76.85
16,2016-06-30,USD,382061000,104627000,236764000,145297000,41654000,23915000,0,0,35397000,-123000,104627000,984000,40670000,0,6257000,None,None,None,0,0,0,11605000,0,0,23792000,23915000,None,USD,2126822000,1254112000,None,1354658000,1431429000,694104000,0,1117870000,36334000,872466000,151835000,854409000,1304784000,74483000,265917000,21246000,21246000,-168230000,222320000,599718000,None,694104000,11475000,307314000,898177000,166723000,292313000,695393000,113698000,36334000,0,872466000,-160164000,None,None,1324000,223644000,None,None,None,None,None,None,None,113698000,2126822000,74483000,-298796000,33000000,USD,None,1721000,-9383000,-632000,32323000,-21102000,-2318000,2401000,23792000,16029000,46514000,11958000,17120000,-4729000,-46378000,0,0,-8077000,8751000,None,-878000,15151000,55.64,60.76
17,2016-03-31,USD,367176000,111325000,229416000,137760000,26478000,14357000,0,0,20429000,-91000,111325000,43000,26435000,0,6049000,None,None,None,0,0,0,6163000,0,0,14266000,14357000,None,USD,2143901000,1272560000,None,1374893000,1399747000,742618000,0,1085415000,36334000,853280000,150074000,865618000,1335884000,59332000,230052000,12857000,None,-144080000,229402000,578615000,None,742618000,12925000,290865000,875316000,169304000,301475000,0,0,36334000,0,853280000,-113666000,None,None,20105000,249507000,None,None,None,None,None,None,None,110750000,2143901000,59332000,-292805000,33000000,USD,None,3530000,-15597000,-5809000,-27173000,-33384000,None,None,14266000,-7109000,41872000,4373000,16410000,-4732000,-1479000,0,0,3293000,9788000,None,1335000,-5774000,51.47,55.64
18,2015-12-31,USD,354232000,114529000,227665000,126567000,11865000,4614000,0,0,6025000,-111000,114529000,-173000,12038000,0,5840000,None,None,None,0,0,0,1522000,0,0,4503000,4614000,None,USD,2126200000,1260216000,None,1352927000,1406471000,718101000,0,1108335000,36334000,843655000,143764000,851474000,1314860000,78031000,223456000,12389000,None,-157711000,226772000,584568000,None,718101000,12925000,283647000,901460000,171633000,285747000,0,0,36334000,0,843655000,-112907000,None,None,13190000,239962000,None,None,None,None,None,None,None,108730000,2126200000,78031000,-292026000,33000000,USD,None,2954000,-13309000,849000,11268000,-2739000,None,None,4503000,-6029000,10019000,-14189000,15748000,-4914000,-9093000,0,0,1003000,14158000,None,-1061000,-7090000,53.45,51.47
19,2015-09-30,USD,368338000,108816000,209415000,141574000,28794000,16974000,13033000,0,25052000,28000,108816000,-3964000,32758000,0,5494000,None,None,None,0,0,0,8050000,-17171000,0,15810000,16974000,None,USD,2163018000,1270728000,None,1373564000,1428972000,730820000,0,1099116000,36334000,843955000,144307000,855728000,1310956000,72196000,249083000,11737000,12902000,-150326000,227408000,624654000,25517000,730820000,0,317489000,891217000,171423000,318119000,0,0,36334000,0,843955000,-115033000,None,None,938000,228346000,None,None,None,None,None,None,None,115890000,2163018000,72196000,None,33000000,USD,-2211000,8828000,-225203000,-211617000,214063000,185118000,-19545000,-16929000,16974000,-1360000,38725000,-23721000,15549000,-5742000,-4562000,17001000,7566000,21067000,13586000,None,3768000,2408000,48.97,53.45
