,fiscalDateEnding,reportedCurrency_x,totalRevenue,totalOperatingExpense,costOfRevenue,grossProfit,ebit,netIncome_x,researchAndDevelopment,effectOfAccountingCharges,incomeBeforeTax,minorityInterest,sellingGeneralAdministrative,otherNonOperatingIncome,operatingIncome,otherOperatingExpense,interestExpense,taxProvision,interestIncome,netInterestIncome,extraordinaryItems,nonRecurring,otherItems,incomeTaxExpense,totalOtherIncomeExpense,discontinuedOperations,netIncomeFromContinuingOperations,netIncomeApplicableToCommonShares,preferredStockAndOtherAdjustments,reportedCurrency_y,totalAssets,intangibleAssets,earningAssets,otherCurrentAssets,totalLiabilities,totalShareholderEquity,deferredLongTermLiabilities,otherCurrentLiabilities,commonStock,retainedEarnings,otherLiabilities,goodwill,otherAssets,cash,totalCurrentLiabilities,shortTermDebt,currentLongTermDebt,otherShareholderEquity,propertyPlantEquipment,totalCurrentAssets,longTermInvestments,netTangibleAssets,shortTermInvestments,netReceivables,longTermDebt,inventory,accountsPayable,totalPermanentEquity,additionalPaidInCapital,commonStockTotalEquity,preferredStockTotalEquity,retainedEarningsTotalEquity,treasuryStock,accumulatedAmortization,otherNonCurrrentAssets,deferredLongTermAssetCharges,totalNonCurrentAssets,capitalLeaseObligations,totalLongTermDebt,otherNonCurrentLiabilities,totalNonCurrentLiabilities,negativeGoodwill,warrants,preferredStockRedeemable,capitalSurplus,liabilitiesAndShareholderEquity,cashAndShortTermInvestments,accumulatedDepreciation,commonStockSharesOutstanding,reportedCurrency,investments,changeInLiabilities,cashflowFromInvestment,otherCashflowFromInvestment,netBorrowings,cashflowFromFinancing,otherCashflowFromFinancing,changeInOperatingActivities,netIncome_y,changeInCash,operatingCashflow,otherOperatingCashflow,depreciation,dividendPayout,stockSaleAndPurchase,changeInInventory,changeInAccountReceivables,changeInNetIncome,capitalExpenditures,changeInReceivables,changeInExchangeRate,changeInCashAndCashEquivalents,clossingVal,nextClossingVal
0,2020-06-30,USD,12220000,None,None,None,None,2966000,None,None,3531000,None,5051000,None,None,1322000,2430000,565000,13128000,10698000,None,None,None,565000,None,None,2966000,2966000,None,USD,1343320000,1890000,136504000,None,1202625000,140695000,None,None,86722000,67150000,5880000,15071000,1125622000,55766000,None,None,20417000,3761000,18962000,None,113110000,123734000,112529000,15078000,17162000,None,6779000,None,None,None,None,None,-16938000,None,None,None,None,None,17162000,None,None,None,None,None,None,None,None,None,None,USD,-114128000,0,-114128000,None,-36093000,117508000,154557000,-81000,2966000,2953000,-427000,None,288000,-956000,0,None,-1875000,-1725000,462000,None,None,None,20.75,
1,2020-03-31,USD,11107000,None,None,None,None,1041000,None,None,1115000,None,4522000,None,None,1334000,2976000,74000,12979000,10003000,None,None,None,74000,None,None,1041000,1041000,None,USD,1213939000,1973000,122440000,None,1081252000,132687000,None,None,86722000,65140000,3900000,15071000,1015765000,53533000,None,None,60000000,-2237000,17653000,None,103509000,115643000,102959000,14513000,12662000,None,4880000,None,None,None,None,None,-16938000,None,None,None,None,None,12662000,None,None,None,None,None,None,None,None,None,6000000,USD,-18309000,0,-18309000,-1600000,54837000,35549000,-17133000,63000,1041000,20220000,2980000,None,530000,-964000,-1191000,None,-195000,1541000,184000,None,None,None,15.81,20.75
2,2019-12-31,USD,11613000,7134000,None,11153000,None,3141000,None,None,3775000,None,4791000,None,4019000,1045000,3128000,634000,13396000,10268000,None,None,None,634000,-244000,None,3141000,3141000,None,USD,1182475000,2056000,124174000,21191000,1044700000,137775000,None,None,86617000,65063000,2758000,15071000,996321000,35113000,1028929000,5075000,5075000,1842000,18777000,39959000,106443000,120648000,105733000,3471000,8652000,155000,917000,None,None,None,None,None,-15747000,None,None,None,None,5004000,12346000,None,None,None,None,None,None,None,None,None,7000000,USD,12982000,0,12982000,-1600000,-87106000,-101640000,-13570000,-103000,3141000,-84912000,3746000,None,505000,-964000,0,None,213000,-10000,477000,None,None,None,26.09,15.81
3,2019-09-30,USD,11683000,7405000,None,11603000,None,3269000,None,None,3930000,None,5054000,None,4198000,1171000,3307000,661000,13840000,10533000,None,None,None,661000,-268000,None,3269000,3269000,None,USD,1280578000,2141000,123932000,4475000,1144665000,135913000,None,None,86617000,62886000,3930000,15071000,1014983000,118956000,1127533000,92000000,92000000,2157000,18125000,124589000,105669000,118701000,105041000,11015000,12359000,89000,5893000,None,None,None,None,None,-15747000,None,None,None,None,None,12359000,None,None,None,None,None,None,None,None,None,6000000,USD,-7580000,0,-7580000,-140000,6910000,-12580000,-17094000,-16000,3269000,-15357000,4803000,None,522000,-900000,-1523000,None,-117000,1145000,739000,None,None,None,46.79,26.09
4,2019-06-30,USD,11568000,7145000,None,11458000,3976000,3290000,None,None,3976000,None,4927000,None,4313000,1128000,3451000,686000,13667000,10216000,None,None,None,686000,-337000,None,3290000,3290000,None,USD,1288422000,2227000,118204000,3998000,1154162000,134260000,None,1051507000,86590000,60517000,3187000,15071000,1014415000,133372000,1137543000,85000000,85000000,1377000,17771000,139469000,99469000,116962000,98809000,11832000,12449000,89000,5206000,None,None,86590000,None,60517000,-14224000,None,16954000,None,1141208000,None,12449000,None,12449000,None,None,None,None,1288422000,135382000,None,7000000,USD,6440000,0,-5126000,-4445000,-6099000,3668000,35741000,100000,3290000,14337000,4229000,-434000,502000,-912000,-702000,None,266000,71000,386000,266000,None,14337000,41.0,46.79
5,2019-03-31,USD,11362000,7140000,None,11122000,3622000,3011000,None,None,3622000,None,4922000,None,3982000,1129000,3254000,611000,13448000,10194000,None,None,None,611000,-360000,None,3011000,3011000,None,USD,1280935000,2312000,116203000,5063000,1149236000,131699000,None,1040231000,86437000,58139000,3500000,15071000,1020689000,121045000,1132167000,91000000,91000000,641000,17841000,232444000,98788000,114316000,98114000,13285000,11518000,126000,6487000,None,None,86437000,None,58139000,-13518000,None,16859000,None,1048491000,None,11518000,None,11518000,None,None,None,None,1280935000,219159000,None,7000000,USD,-11566000,0,-11566000,-29000,546000,23997000,24164000,192000,3011000,13112000,681000,-2478000,558000,-909000,None,None,-200000,-2811000,295000,-200000,None,13112000,41.21,41.0
6,2018-12-31,USD,11228000,6911000,3208000,11228000,3985000,3425000,0,0,3985000,0,5840000,None,4317000,1071000,2998000,None,None,None,0,0,0,560000,-332000,0,3425000,3425000,None,USD,1248398000,2397000,None,21530000,1120108000,128290000,None,1016067000,85925000,56037000,3038000,15071000,1002877000,90633000,1108267000,90398000,154000,-154000,13003000,112433000,102617000,110822000,98322000,9698000,8803000,270000,1016067000,None,None,85925000,None,56037000,-13518000,None,16696000,None,1032445000,None,8803000,None,8803000,None,None,None,None,1248398000,206255000,None,6000000,USD,2939000,0,-16511000,-29000,34941000,36577000,2306000,40000,3425000,25982000,5916000,1966000,344000,-747000,61000,None,None,1862000,258000,100000,None,25982000,42.43,41.21
7,2018-09-30,USD,10989000,6700000,2788000,10989000,3897000,3304000,0,0,3897000,0,5624000,None,4289000,1076000,2590000,None,None,None,0,0,0,593000,-392000,0,3304000,3304000,None,USD,1206328000,2484000,None,4658000,1082095000,124233000,0,1013761000,85687000,53520000,3370000,15071000,988517000,81951000,1069769000,55304000,64260000,-1456000,13002000,86866000,100388000,106678000,99717000,10806000,8956000,257000,1013761000,0,0,85687000,0,53520000,-13518000,None,16898000,None,1013854000,None,8956000,None,8956000,None,None,None,None,1206328000,181668000,None,6000000,USD,-1100000,0,-30823000,-29000,-42569000,38184000,81515000,43000,3304000,10705000,3344000,-356000,324000,-1066148,107000,0,0,-44000,261000,-438000,None,10705000,47.1,42.43
8,2018-06-30,USD,10641000,6671000,2505000,10641000,3578000,3097000,0,0,3578000,0,7063000,None,3578000,1173000,2283000,None,None,None,0,0,0,481000,-392000,0,3097000,3097000,None,USD,1166079000,2571000,None,4427000,1043363000,122716000,0,932246000,85544000,51121000,3627000,15071000,958921000,71246000,1020740000,87833000,106829000,-431000,12978000,181456000,937304000,105074000,100028000,10182000,18996000,181000,4288000,0,0,85544000,0,51121000,-13518000,None,16699000,None,984623000,None,18996000,None,18996000,None,None,None,None,1166079000,171274000,None,6000000,USD,-20274000,88000,-21227000,26000,69130000,56144000,-12327000,88000,3097000,37988000,3071000,-506000,194000,-902913,0,0,0,224000,979000,-26000,None,37988000,50.7,47.1
9,2018-03-31,USD,10478000,7104000,2248000,10478000,3133000,2605000,0,0,3133000,0,7345000,None,3133000,1206000,2038000,None,None,None,0,0,0,528000,-241000,0,2605000,2605000,None,USD,1106764000,2658000,None,4206000,986612000,120152000,0,944573000,85116000,48554000,4340000,15071000,135309000,33258000,963817000,18671000,37699000,-373000,12225000,134431000,925760000,102423000,91262000,9911000,19028000,1149000,4340000,0,0,85116000,0,48927000,-13518000,None,16619000,None,972333000,None,19028000,None,19028000,None,None,None,None,1106764000,124520000,None,6000000,USD,-7379000,-5000,-7982000,-90000,-66073000,-596000,66540000,-5000,2605000,-6628000,1950000,-609000,85000,-1063000,0,0,19000,-145000,603000,19000,None,-6628000,49.1,50.7
10,2017-12-31,USD,10290000,6217000,2192000,10290000,4073000,2386000,0,0,4073000,0,6217000,None,4073000,553000,4829000,None,None,None,0,-21499000,0,1687000,-2381000,0,2386000,2386000,None,USD,1106336000,2749000,None,19551000,986473000,119863000,0,878194000,84859000,48522000,4507000,15071000,137899000,39886000,954435000,74707000,20252000,1091000,11853000,144313000,916486000,102043000,95283000,9144000,29065000,675000,4507000,0,0,84859000,0,47431000,-13518000,None,15864000,None,962023000,None,29065000,None,29065000,None,None,None,None,1106336000,135169000,None,6000000,USD,-42050000,12000,-41780000,434000,44225000,24033000,-19324000,136000,2386000,-9045000,8702000,-1458000,495000,-868000,15164000,6950000,0,7377000,1201000,-111000,None,-9045000,48.2,49.1
11,2017-09-30,USD,10673000,7297000,2098000,10673000,3376000,2462000,0,0,3376000,0,7297000,None,3376000,4830000,193000,None,None,None,0,28498000,0,914000,0,0,2462000,2462000,None,USD,1080826000,2848000,None,9107000,962332000,118494000,0,897655000,84722000,47290000,5130000,15299000,141951000,48931000,923059000,20274000,59547000,1377000,11768000,157193000,877619000,100347000,98334000,9928000,39273000,6487000,5130000,0,0,84722000,0,45913000,-13518000,None,16099000,None,923633000,None,39273000,None,39273000,None,None,None,None,1080826000,147265000,None,6000000,USD,-5175000,68000,-5391000,303000,-43187000,6920000,51187000,68000,2462000,9360000,7831000,5079000,535000,-867000,-213000,1377000,0,101000,519000,-413000,None,9360000,46.1,48.2
12,2017-06-30,USD,10096000,6144000,1795000,10096000,3392000,2507000,0,0,3392000,0,6704000,None,3392000,-1535000,183000,None,None,None,0,-6633000,0,885000,0,0,2507000,2507000,None,USD,1071076000,2948000,None,12555000,953874000,117202000,0,846783000,84587000,46133000,4357000,15435000,148294000,39571000,914528000,63388000,102734000,1815000,11511000,154050000,871050000,98819000,104951000,9528000,39346000,10441000,4357000,0,0,84587000,0,44318000,-13518000,None,16082000,None,917026000,None,39346000,None,39346000,None,None,None,None,1071076000,144522000,None,6000000,USD,-23359000,70000,-22568000,1130000,-12867000,662000,-928000,70000,2507000,-22793000,-887000,-1628000,316000,-867000,15377000,0,102000,-2453000,1614000,301000,None,-22793000,50.4,46.1
13,2017-03-31,USD,10103000,7267000,1607000,10103000,2836000,2100000,0,0,2836000,0,7267000,None,2836000,237000,1442000,None,None,None,0,694000,0,736000,0,0,2100000,2100000,None,USD,1071466000,3051000,None,12530000,972151000,99315000,0,847851000,69123000,43710000,6700000,15646000,154088000,62364000,930764000,76213000,115601000,1032000,11481000,182421000,839900000,80618000,110452000,9605000,39388000,11096000,6700000,0,0,69123000,0,42678000,-13518000,None,16968000,None,887046000,None,39388000,None,39388000,None,None,None,None,1069467000,172816000,None,5000000,USD,-31888000,-14000,-25512000,5760000,37805000,57107000,20005000,547000,2100000,29869000,-1726000,547000,308000,-756000,53000,0,0,-4479000,1096000,-199000,None,29869000,45.15,50.4
14,2016-12-31,USD,7393000,4967000,1328000,7393000,2426000,1660000,0,0,2436000,0,4957000,None,2426000,1291000,3164000,None,None,None,0,366000,0,776000,-359000,0,1660000,1660000,None,USD,787821000,36000,None,5960000,710861000,76960000,0,629934000,47943000,42535000,3131000,4559000,140013000,29595000,699456000,68359000,77796000,1201000,11203000,154373000,603176000,72365000,114376000,7502000,9437000,1568000,3131000,0,0,47943000,0,41334000,-13518000,None,14474000,None,633448000,None,9437000,None,9437000,None,None,None,None,787821000,146871000,None,4000000,USD,-17833000,0,-17919000,1401000,35280000,25366000,-9277000,136000,1660000,8745000,1772000,425000,-36000,-608000,-29000,892000,0,-381000,1487000,100000,None,9219000,38.6992,45.15
15,2016-09-30,USD,7266000,5662000,1131000,7266000,1604000,1343000,0,0,1604000,0,5662000,None,1604000,4140000,-1065000,None,None,None,0,694000,0,261000,0,0,1343000,1343000,None,USD,762258000,46000,None,None,684066000,78192000,0,639342000,47812000,43898000,2208000,4559000,146981000,23276000,674353000,32803000,42516000,3616000,9921000,152214000,580875000,73587000,123054000,5884000,9713000,2085000,2208000,0,0,47812000,0,40282000,-13518000,None,14643000,None,610044000,None,9713000,None,9713000,None,None,None,None,762258000,146330000,None,5000000,USD,-1240000,-3000,-1389000,224000,-9564000,1269000,11429000,44000,1343000,1149000,1269000,41000,415000,-606000,10000,549000,0,-329000,373000,-198000,None,1149000,33.9,38.6992
16,2016-06-30,USD,7407000,4915000,1171000,7407000,2492000,1926000,0,0,2492000,0,4915000,None,2492000,-1035000,2091000,None,None,None,0,0,0,566000,0,0,1926000,1926000,None,USD,760108000,56000,None,None,682527000,77581000,0,628040000,47675000,43424000,2407000,4559000,153266000,22127000,672702000,42255000,52080000,3879000,9727000,157441000,573846000,72966000,129295000,6019000,9825000,1638000,2407000,0,0,47675000,0,39545000,-13518000,None,14479000,None,602667000,None,9825000,None,9825000,None,None,None,None,760108000,151422000,None,4000000,USD,-34538000,-1000,-34299000,557000,16081000,23448000,-3236000,412000,1926000,-8093000,2758000,433000,254000,-597000,11229000,804000,59000,-176000,288000,322000,None,-8093000,31.66,33.9
17,2016-03-31,USD,7127000,5328000,1130000,7127000,1959000,1487000,0,0,1789000,0,5338000,None,1799000,-10000,0,None,None,None,0,0,0,302000,0,0,1487000,1487000,None,USD,732882000,66000,None,None,669118000,63764000,0,631406000,36345000,40937000,1713000,4559000,167433000,30220000,659243000,26124000,35999000,2721000,9607000,179788000,524175000,59139000,142560000,7008000,9875000,1623000,1713000,0,0,36345000,0,38216000,-13518000,None,14687000,None,553094000,None,9875000,None,9875000,None,None,None,None,732882000,172780000,None,4000000,USD,7615000,-6000,7627000,30000,-9765000,-3159000,7084000,-203000,1487000,6470000,2002000,-221000,307000,-507000,29000,1018000,0,692000,18000,-263000,None,6470000,31.5,31.66
18,2015-12-31,USD,7428000,5340000,1093000,7428000,2088000,1750000,0,0,2048000,0,5380000,None,2088000,-40000,3820000,None,None,None,0,1060000,0,298000,-1075000,0,1750000,1750000,None,USD,735139000,76000,None,10394000,672835000,62304000,0,624447000,36191000,39631000,2624000,4559000,171773000,23750000,661356000,35825000,45764000,2395000,9772000,177747000,528432000,57669000,146520000,7477000,9939000,2519000,2624000,0,0,36191000,0,37236000,-13518000,None,14553000,None,557392000,None,9939000,None,9939000,None,None,None,None,735139000,170270000,None,4000000,USD,-24084000,22000,-23469000,668000,31417000,22158000,-1967000,80000,1750000,455000,1766000,279000,231000,-508000,-6784000,0,0,-705000,53000,189000,None,455000,32.4,31.5
19,2015-09-30,USD,7195000,4669000,1064000,7195000,2526000,1982000,0,0,2526000,0,4669000,None,2526000,0,0,None,None,None,0,0,0,544000,0,0,1982000,1982000,None,USD,710597000,86000,None,None,643381000,67216000,0,626548000,36039000,37911000,2486000,4559000,170872000,23295000,633081000,4047000,None,1917000,9892000,176168000,504532000,62571000,145146000,7727000,10300000,2626000,2486000,0,0,36039000,0,35994000,-6734000,None,15360000,None,534429000,None,10300000,None,10300000,None,None,None,None,710597000,168441000,None,4000000,USD,-3664000,-16000,-3460000,264000,-635000,2016000,3209000,None,1982000,644000,2088000,415000,329000,-558000,0,104000,0,-298000,60000,-324000,None,644000,30.62,32.4
