,fiscalDateEnding,reportedCurrency_x,totalRevenue,totalOperatingExpense,costOfRevenue,grossProfit,ebit,netIncome_x,researchAndDevelopment,effectOfAccountingCharges,incomeBeforeTax,minorityInterest,sellingGeneralAdministrative,otherNonOperatingIncome,operatingIncome,otherOperatingExpense,interestExpense,taxProvision,interestIncome,netInterestIncome,extraordinaryItems,nonRecurring,otherItems,incomeTaxExpense,totalOtherIncomeExpense,discontinuedOperations,netIncomeFromContinuingOperations,netIncomeApplicableToCommonShares,preferredStockAndOtherAdjustments,reportedCurrency_y,totalAssets,intangibleAssets,earningAssets,otherCurrentAssets,totalLiabilities,totalShareholderEquity,deferredLongTermLiabilities,otherCurrentLiabilities,commonStock,retainedEarnings,otherLiabilities,goodwill,otherAssets,cash,totalCurrentLiabilities,shortTermDebt,currentLongTermDebt,otherShareholderEquity,propertyPlantEquipment,totalCurrentAssets,longTermInvestments,netTangibleAssets,shortTermInvestments,netReceivables,longTermDebt,inventory,accountsPayable,totalPermanentEquity,additionalPaidInCapital,commonStockTotalEquity,preferredStockTotalEquity,retainedEarningsTotalEquity,treasuryStock,accumulatedAmortization,otherNonCurrrentAssets,deferredLongTermAssetCharges,totalNonCurrentAssets,capitalLeaseObligations,totalLongTermDebt,otherNonCurrentLiabilities,totalNonCurrentLiabilities,negativeGoodwill,warrants,preferredStockRedeemable,capitalSurplus,liabilitiesAndShareholderEquity,cashAndShortTermInvestments,accumulatedDepreciation,commonStockSharesOutstanding,reportedCurrency,investments,changeInLiabilities,cashflowFromInvestment,otherCashflowFromInvestment,netBorrowings,cashflowFromFinancing,otherCashflowFromFinancing,changeInOperatingActivities,netIncome_y,changeInCash,operatingCashflow,otherOperatingCashflow,depreciation,dividendPayout,stockSaleAndPurchase,changeInInventory,changeInAccountReceivables,changeInNetIncome,capitalExpenditures,changeInReceivables,changeInExchangeRate,changeInCashAndCashEquivalents,clossingVal,nextClossingVal
0,2020-06-30,USD,0,1884000,None,None,-1867000,-1855000,669000,None,-1855000,None,1215000,None,-1884000,None,None,None,None,29000,None,None,None,None,None,None,-1855000,-1855000,None,USD,29907000,None,None,None,1518000,28389000,None,None,71000,-39171000,None,None,None,28233000,851000,None,None,None,1139000,28768000,None,28389000,0,None,None,None,146000,None,None,None,None,None,None,None,None,None,1139000,855000,None,None,667000,None,None,None,None,None,None,None,None,USD,-8000,3273000,-8000,None,None,-3375000,None,32000,-1855000,-1350000,2033000,None,17000,None,None,None,None,566000,8000,None,None,None,6.91,
1,2020-03-31,USD,0,2163000,None,None,-2163000,-2205000,691000,None,-2205000,None,1472000,None,-2163000,None,42000,None,-42000,-42000,None,None,None,None,None,None,-2205000,-2205000,None,USD,31298000,None,None,442000,1620000,29678000,None,176000,71000,-37316000,None,None,None,29661000,927000,None,None,None,279000,30103000,None,29678000,0,None,None,None,751000,None,None,71000,None,-37316000,None,None,916000,None,1195000,869000,None,693000,693000,None,None,None,66923000,31298000,29661000,None,7103260,USD,2521000,-3966000,2453000,2521000,None,0,None,-110000,-2205000,-3468000,-5921000,-110000,17000,None,None,None,None,343000,68000,None,None,-3468000,5.55,6.91
2,2019-12-31,USD,0,1988000,None,None,-1988000,-1870000,877000,None,-1966000,None,1111000,None,-1988000,None,-22000,None,22000,22000,None,None,None,None,None,None,-1966000,-1870000,None,USD,37126000,None,None,286000,5586000,31540000,None,3747000,72000,-35111000,None,None,None,33129000,4826000,None,None,None,228000,35936000,None,31540000,2521000,None,None,None,1079000,None,None,72000,None,-35111000,-3375000,None,962000,None,1190000,903000,None,760000,760000,None,None,None,69954000,37126000,35650000,None,7185628,USD,43000,321000,43000,259000,None,27208000,None,-126000,-1870000,25331000,-1920000,-179000,47000,None,27208000,None,None,97000,216000,None,None,25331000,10.17,5.55
3,2019-09-30,USD,0,1791000,None,None,-1791000,-1874000,843000,None,-1874000,None,948000,None,-1791000,None,83000,None,-83000,-83000,None,None,None,None,-83000,None,-1874000,-1874000,None,USD,11123000,None,None,186000,4720000,6403000,None,3867000,43000,-33241000,None,None,None,7798000,4589000,None,None,None,215000,10487000,None,6403000,2503000,None,None,None,722000,None,None,43000,None,-33241000,-3375000,None,421000,None,636000,445000,None,131000,131000,None,None,None,42976000,11123000,10301000,None,4307666,USD,0,225000,43000,-2496000,None,0,None,-126000,-1874000,-1331000,-1331000,None,19000,None,9562000,None,31000,296000,0,31000,None,-1331000,5.3,10.17
4,2019-06-30,USD,0,1545000,None,None,-1545000,-1542000,741000,None,-1542000,None,804000,None,-1545000,None,-3000,None,3000,3000,None,None,None,None,3000,None,-1542000,-1542000,None,USD,12575000,None,None,217000,4594000,7981000,None,304000,43000,-31367000,None,None,None,9129000,4406000,None,None,None,234000,11849000,None,7981000,2503000,None,None,None,4102000,None,None,43000,None,-31367000,-3375000,None,492000,None,726000,492000,None,188000,188000,None,None,None,42680000,12575000,11632000,None,4307666,USD,0,-43000,43000,-2496000,None,0,None,-126000,-1542000,-477000,-477000,28000,7000,None,9562000,None,778000,295000,0,778000,None,-477000,5.15,5.3
5,2019-03-31,USD,0,1916000,None,None,-1916000,-1961000,587000,None,-1961000,None,1329000,None,-1916000,None,45000,None,-45000,-45000,None,None,None,None,-45000,None,-1961000,-1961000,None,USD,13907000,None,None,995000,4679000,9228000,None,312000,43000,-29825000,None,None,None,9606000,4429000,312000,312000,None,248000,13097000,None,9228000,2496000,None,250000,None,4117000,None,None,43000,None,-29825000,-3375000,None,562000,None,810000,562000,None,250000,250000,None,None,None,42385000,13907000,12102000,None,4307666,USD,-2496000,-643000,-2496000,-2496000,None,9562000,None,-445000,-1961000,4343000,-2723000,None,11000,None,9562000,None,-445000,315000,0,-445000,None,4343000,7.75,5.15
6,2018-12-31,USD,0,2084000,0,0,12404000,12351000,762000,0,12351000,0,1322000,None,12404000,0,53000,None,None,None,0,0,0,0,-45000,0,12351000,12351000,None,USD,6090000,None,None,568000,4768000,1322000,8000,3375000,31000,-27864000,8000,None,None,5263000,4760000,None,None,None,259000,5831000,None,1322000,None,65000,None,None,4760000,None,None,31000,None,-27864000,-3375000,None,None,None,259000,None,None,None,8000,None,None,None,32530000,6090000,5263000,None,3012343,USD,-2496000,434000,16000,None,-18000,-18000,-18000,-461000,-2129000,-1437000,-1435000,None,5000,None,None,None,-8000,263000,16000,-8000,None,-1437000,1.72,7.75
7,2018-09-30,USD,0,1753000,0,0,-1753000,-1749000,623000,0,-1749000,0,1130000,None,-1753000,0,-4000,None,None,None,0,0,0,0,4000,0,-1749000,-1749000,None,USD,7128000,0,None,148000,562000,6066000,5000,363000,30000,-25735000,505000,0,0,6700000,557000,None,None,500000,280000,6848000,None,6566000,27000,None,0,0,557000,0,0,30000,500000,-25735000,0,None,None,None,280000,None,None,None,5000,None,500000,None,31771000,7128000,6700000,None,2254569,USD,-2496000,-23000,-15000,237000,None,-18000,-18000,-686000,-1749000,-1347000,-1332000,None,26000,0,12704000,0,106000,308000,15000,106000,None,-1347000,7.52,1.72
8,2018-06-30,USD,0,1892000,0,0,-1892000,-1893000,747000,0,-1893000,0,1145000,None,-1892000,0,1000,None,None,None,0,0,0,0,-1000,0,-1893000,-1893000,None,USD,8592000,0,None,254000,594000,7498000,14000,388000,437000,-23986000,514000,0,0,8047000,580000,None,None,None,291000,8301000,None,7998000,27000,None,0,0,580000,0,0,437000,500000,-23986000,0,None,None,None,291000,None,None,None,14000,None,500000,None,31047000,8592000,8047000,None,33017589,USD,-2496000,112000,-91000,66000,None,-18000,-18000,-1088000,-1893000,-1440000,-1349000,74000,13000,0,9414000,0,-60000,405000,91000,-60000,None,-1440000,0.74,7.52
9,2018-03-31,USD,0,1515000,0,0,-1515000,-1469000,383000,0,-1469000,0,1132000,None,-1515000,0,-46000,None,None,None,0,0,0,0,46000,0,-1469000,-1469000,None,USD,9894000,0,None,194000,483000,8911000,15000,379000,421000,-22093000,515000,0,0,9487000,468000,None,None,None,213000,9681000,None,9411000,27000,None,0,0,468000,0,0,421000,500000,-22093000,0,None,None,None,213000,None,None,None,15000,None,500000,None,30583000,9894000,9487000,None,31417589,USD,None,-60000,-133000,0,None,-18000,-18000,None,-1469000,-1327000,-1194000,None,10000,0,3290000,0,-78000,403000,133000,-78000,None,-1327000,0.675,0.74
10,2017-12-31,USD,0,-1537000,0,0,-6527000,-1587000,-200000,0,-1933000,0,-1337000,None,-6527000,0,-4594000,None,None,None,0,0,0,0,-2322000,0,-1933000,-1587000,None,USD,11020000,0,None,116000,556000,9964000,28000,450000,406000,-20624000,28000,0,0,10814000,528000,None,None,None,90000,10930000,None,10464000,27000,35000,0,0,528000,0,0,406000,500000,-20624000,0,None,None,None,90000,None,None,None,28000,None,500000,None,30182000,11020000,10814000,None,29880289,USD,None,23000,-30000,-27000,None,397000,399000,None,-1587000,-942000,-1309000,None,6000,0,-2000,0,-14000,292000,30000,-43000,None,-942000,1.02,0.675
11,2017-09-30,USD,0,-1235000,0,0,-1235000,-1187000,-339000,0,-1187000,0,-896000,None,-1235000,0,-48000,None,None,None,0,0,0,0,0,0,-1187000,-1187000,None,USD,12294000,0,None,None,546000,11248000,0,486000,370000,-19037000,39000,0,27000,11729000,507000,39000,None,None,66000,12201000,None,11748000,0,472000,0,0,507000,0,0,370000,500000,-19037000,0,None,27000,None,93000,None,None,None,None,None,500000,None,29915000,12294000,11729000,None,26302495,USD,None,-488000,0,0,None,12622000,-523000,None,-1187000,-1349000,-1349000,None,3000,0,0,0,29000,2387000,28000,297000,None,-1349000,1.17,1.02
12,2017-06-30,USD,0,-1262000,0,0,1262000,-3508000,-377000,0,-984000,0,-885000,None,1262000,0,2246000,None,None,None,0,0,0,0,0,0,-984000,-3508000,None,USD,13719000,0,None,None,806000,12413000,0,667000,344000,-17850000,38000,0,27000,13078000,768000,38000,None,None,69000,13623000,None,12913000,0,545000,0,0,768000,0,0,344000,500000,-17850000,0,None,27000,None,96000,None,None,None,None,None,500000,None,29919000,13719000,13078000,None,23602495,USD,None,-161000,-33000,-27000,None,9540000,-290000,None,-3508000,8076000,-1431000,68000,6000,0,9414000,0,0,-33000,6000,-164000,None,8076000,1.42,1.17
13,2017-03-31,USD,0,-1233000,0,0,1233000,-1307000,-184000,0,1159000,0,-1049000,None,1233000,0,74000,None,None,None,0,0,0,0,0,0,1159000,-1307000,None,USD,5677000,0,None,178000,1288000,3889000,225000,518000,273000,-14342000,225000,0,0,5002000,818000,245000,245000,None,69000,5608000,None,4389000,400000,606000,245000,0,818000,0,0,273000,500000,-14342000,0,None,None,None,69000,None,245000,None,470000,None,500000,None,17958000,5677000,5002000,None,16548495,USD,None,557000,-22000,0,None,3082000,208000,None,-1307000,2293000,-767000,169000,6000,0,3290000,0,0,-88000,22000,-104000,None,2293000,5.81,1.42
14,2016-12-31,USD,3451,-30297934,0,0,20888288,1630817,-9803802,0,20900817,0,-16687990,None,30212697,0,-12529,None,None,None,0,0,0,0,13739412,0,20900817,1630817,None,USD,3368000,0,None,86000,389000,1696000,313000,582000,266000,-13035000,313000,0,0,2709000,783000,76000,76000,None,53000,3315000,None,2979000,505000,606000,76000,0,783000,0,0,266000,500000,-13035000,0,None,None,None,53000,None,76000,None,389000,None,500000,None,14465000,3368000,2709000,None,15848136,USD,None,4681872,-1478454,-27000,-2238975,-9919654,2333000,None,1630817,12303590,23701698,19137952,-453947,0,0,0,538000,-1803537,9566,508541,None,12303947,6.1,5.81
15,2016-09-30,USD,32762,1912631,0,32762,-4235370,-4247870,340000,0,-4247870,0,1909937,-2355501,-1879869,2694,12500,None,None,None,0,0,0,0,-24914353,0,-4247870,-4247870,None,USD,2144353,38827,None,3378,4266086,-2121733,16639,96826,162596,-467980451,778341,0,0,2078618,3471106,2000000,976563,47386,0,2105526,None,-2160560,0,23530,0,0,1374280,0,0,162596,0,-467980451,0,None,None,None,38827,None,None,778341,794980,None,None,None,465648736,2144353,2078618,None,16259598,USD,None,-2899810,1468888,1468888,2000000,5014201,-27000,-197753,-4247870,-370095,-6853184,-3777243,0,0,3014201,0,0,4042280,15434,29459,-48,-370143,1.36,6.1
16,2016-06-30,USD,29311,8913264,0,29311,2515586,2515458,3694097,0,2515458,0,1415719,11399539,-8883953,3803448,128,None,None,None,0,0,0,0,10894471,0,2515458,2515458,None,USD,6324789,38827,None,2340000,11213266,-4888477,20845,3960136,117291,-463732581,717476,0,0,2448761,10474945,2000000,2000000,47274,0,4835962,None,-4927304,0,47201,0,0,6514809,0,0,117291,0,-463732581,0,None,1450000,None,1488827,None,None,717476,738321,None,None,None,458679539,6324789,2448761,None,11728985,USD,None,117535,-9500,0,2059742,2182306,-289969,565253,2515458,-6225677,-8398483,-7813154,180619,0,122564,0,0,-3398941,9500,None,43,-6225634,0.4024,1.36
17,2016-03-31,USD,23164,9837039,0,23164,-9533504,-9561405,5208705,0,-9561405,0,4628334,280371,-9813875,0,27901,None,None,None,0,0,0,0,252470,0,-9561405,-9561405,None,USD,17418422,42322,None,555445,24271067,-6852645,1611398,158170,116019,-466248039,6529041,0,742729,11096895,7200841,374493,1000000,46913,4950360,11683011,None,-6894967,0,30671,8916641,0,6668178,0,0,116019,0,-466248039,0,None,742729,None,5735411,13146,8929787,6529041,17070226,None,None,None,459232462,17418422,11096895,None,11601880,USD,None,-1575597,-5934,0,-1070767,5806147,-260135,-1068641,-9561405,-3435818,-9236031,43445,283328,0,6876914,0,0,1574198,5934,None,-352,-3436170,0.2606,0.4024
18,2015-12-31,USD,88158,915000,0,0,-915000,8721647,823000,0,-921000,0,897000,None,9072931,0,7000,None,None,None,0,0,0,0,-351284,0,-921000,-921000,None,USD,21219464,45816,None,626520,21553674,-334210,1650596,149164,1113483,-456686634,None,0,742729,14533065,9830225,1437420,419000,47359,5217929,15212990,None,-380026,0,53405,8916641,0,8243641,0,0,1113483,87000,-456686634,0,None,742729,None,6006474,15878,8932519,1140334,11723449,None,None,None,455191582,21219464,14533065,None,111348241,USD,None,66000,-2000,-27000,413000,413000,1924000,None,-921000,-354000,-765000,None,17000,0,26324565,0,66000,7000,2000,None,None,None,0.4165,0.2606
19,2015-09-30,USD,37030,10024961,0,37030,-9535804,-9642647,7719720,0,-9642647,0,2305241,452127,-9987931,0,106843,None,None,None,0,0,0,0,-465585,0,-9642647,-9642647,None,USD,28382055,294329,None,946147,21273087,7108968,1689795,140159,1085893,-447726670,None,0,373717,21185263,9635379,2476018,None,46873,5441329,22272680,None,6814639,0,141270,8916641,0,7019202,0,0,1085893,0,-447726670,0,None,373717,None,6109375,15977,8932618,1015295,11637708,None,None,None,453702872,28382055,21185263,None,108589273,USD,None,1020800,-428960,20000,-1038864,-1044963,None,None,-9642647,-8739678,-7265755,128215,318624,0,-6099,0,-152877,978653,448960,-69400,-4199,-8757647,0.4007,0.4165
