,fiscalDateEnding,reportedCurrency_x,totalRevenue,totalOperatingExpense,costOfRevenue,grossProfit,ebit,netIncome_x,researchAndDevelopment,effectOfAccountingCharges,incomeBeforeTax,minorityInterest,sellingGeneralAdministrative,otherNonOperatingIncome,operatingIncome,otherOperatingExpense,interestExpense,taxProvision,interestIncome,netInterestIncome,extraordinaryItems,nonRecurring,otherItems,incomeTaxExpense,totalOtherIncomeExpense,discontinuedOperations,netIncomeFromContinuingOperations,netIncomeApplicableToCommonShares,preferredStockAndOtherAdjustments,reportedCurrency_y,totalAssets,intangibleAssets,earningAssets,otherCurrentAssets,totalLiabilities,totalShareholderEquity,deferredLongTermLiabilities,otherCurrentLiabilities,commonStock,retainedEarnings,otherLiabilities,goodwill,otherAssets,cash,totalCurrentLiabilities,shortTermDebt,currentLongTermDebt,otherShareholderEquity,propertyPlantEquipment,totalCurrentAssets,longTermInvestments,netTangibleAssets,shortTermInvestments,netReceivables,longTermDebt,inventory,accountsPayable,totalPermanentEquity,additionalPaidInCapital,commonStockTotalEquity,preferredStockTotalEquity,retainedEarningsTotalEquity,treasuryStock,accumulatedAmortization,otherNonCurrrentAssets,deferredLongTermAssetCharges,totalNonCurrentAssets,capitalLeaseObligations,totalLongTermDebt,otherNonCurrentLiabilities,totalNonCurrentLiabilities,negativeGoodwill,warrants,preferredStockRedeemable,capitalSurplus,liabilitiesAndShareholderEquity,cashAndShortTermInvestments,accumulatedDepreciation,commonStockSharesOutstanding,reportedCurrency,investments,changeInLiabilities,cashflowFromInvestment,otherCashflowFromInvestment,netBorrowings,cashflowFromFinancing,otherCashflowFromFinancing,changeInOperatingActivities,netIncome_y,changeInCash,operatingCashflow,otherOperatingCashflow,depreciation,dividendPayout,stockSaleAndPurchase,changeInInventory,changeInAccountReceivables,changeInNetIncome,capitalExpenditures,changeInReceivables,changeInExchangeRate,changeInCashAndCashEquivalents,clossingVal,nextClossingVal
0,2020-06-30,USD,6045000,26590000,None,6045000,-19995000,-20714000,20099000,None,-20714000,None,6491000,550000,-20545000,None,719000,None,74000,-645000,None,None,None,None,476000,None,-20714000,-20714000,None,USD,100678000,None,None,5847000,166253000,-65575000,None,29481000,75000,-500244000,83961000,None,1400000,61536000,44248000,None,None,1000,16305000,72716000,None,-65575000,2404000,2929000,24863000,None,14767000,None,None,75000,None,-500244000,None,None,11657000,None,27962000,17969000,24863000,97142000,122005000,None,None,None,434593000,100678000,63940000,None,75131834,USD,17879000,-1290000,17651000,None,None,14594000,14579000,-1486000,-20714000,6679000,-25566000,-6125000,1655000,None,15000,None,-907000,1815000,228000,-907000,None,6679000,4.76,
1,2020-03-31,USD,8189000,27881000,None,8189000,-19165000,-19881000,21743000,None,-19881000,None,6138000,527000,-19692000,None,716000,None,159000,-557000,None,None,None,None,368000,None,-19881000,-19881000,None,USD,110619000,None,None,3385000,172268000,-61649000,None,29452000,72000,-479530000,88956000,None,1400000,54857000,44114000,None,None,-10000,17836000,80563000,1400000,-61649000,20237000,2084000,24754000,None,14662000,None,None,72000,None,-479530000,None,None,12220000,None,30056000,19067000,24754000,103400000,128154000,None,None,None,417819000,110619000,75094000,None,71671067,USD,9508000,590000,9437000,9508000,None,4545000,4236000,-2634000,-19881000,-10269000,-24251000,-8732000,1736000,None,309000,None,-237000,2273000,71000,-237000,None,-10269000,3.57,4.76
2,2019-12-31,USD,7622000,26814000,21032000,7622000,-17721000,-18778000,21032000,None,-18967000,None,5782000,1471000,-19192000,None,1246000,None,-213000,-213000,None,None,None,None,627000,None,-18967000,-18778000,None,USD,132440000,None,None,3588000,180764000,-48324000,None,30250000,70000,-459649000,94447000,None,1400000,65126000,45993000,None,None,None,19495000,100189000,1400000,-48324000,29690000,1785000,24648000,None,15743000,None,None,70000,None,-459649000,None,None,12756000,None,32251000,20132000,24648000,110123000,134771000,None,None,None,411255000,132440000,94816000,None,70143252,USD,4883000,-2511000,4653000,-29516000,24575000,25110000,535000,-575000,-18778000,15716000,-14047000,3066000,1715000,None,61656000,None,-68000,2529000,230000,-68000,None,15716000,3.45,3.57
3,2019-09-30,USD,7031000,24214000,18317000,7031000,-16744000,-16409000,18317000,None,-16409000,None,5897000,439000,-17183000,None,-335000,None,335000,335000,None,None,None,None,439000,None,-16409000,-16409000,None,USD,124151000,None,None,4073000,156370000,-32219000,None,27260000,70000,-440871000,97289000,None,1514000,49296000,42237000,None,None,7000,21160000,89578000,1400000,-32219000,34492000,1717000,None,None,14977000,None,None,70000,None,-440871000,None,None,13413000,None,34573000,21179000,None,114133000,114133000,None,None,None,408575000,124151000,83788000,None,69993952,USD,-34399000,-212000,-34524000,-34399000,25000000,-118000,-425000,111000,-16409000,-52934000,-18292000,-5384000,1789000,None,-118000,None,-113000,2037000,125000,-113000,None,-52934000,4.01,3.45
4,2019-06-30,USD,12531000,23479000,17905000,12531000,-10759000,-10759000,17905000,None,-10570000,None,5574000,189000,-10948000,None,-189000,None,189000,189000,None,None,None,None,189000,None,-10570000,-10759000,None,USD,146093000,None,None,5160000,164061000,-17968000,None,27720000,70000,-424462000,103019000,None,1514000,102230000,43073000,None,None,None,22945000,108994000,1400000,-17968000,None,1604000,None,None,15353000,None,None,70000,None,-424462000,None,None,14154000,None,37099000,22418000,None,120988000,120988000,None,None,None,406424000,146093000,102230000,None,69913410,USD,-341000,2479000,-341000,None,25000000,60759000,-425000,-81000,-10759000,48630000,-11788000,-12589000,1921000,None,60759000,None,5063000,2097000,341000,5063000,None,48630000,3.22,4.01
5,2019-03-31,USD,7321000,31874000,22887000,7321000,-24553000,-24333000,22887000,None,-24333000,None,7495000,None,-24553000,None,-220000,None,None,220000,None,1492000,None,None,-1492000,None,-24333000,-24333000,None,USD,107042000,None,None,7488000,176875000,-69833000,None,25862000,41000,-413703000,116240000,None,1514000,53600000,41569000,4407000,4407000,None,24571000,67755000,1400000,-69833000,None,6667000,19066000,None,15707000,None,None,41000,None,-413703000,None,None,14716000,None,39287000,23473000,None,135306000,135306000,None,None,None,343829000,107042000,53600000,None,41094832,USD,-306000,-4124000,-306000,None,25000000,480000,153000,-3317000,-24333000,-32219000,-32393000,-1340000,2006000,None,327000,None,-6667000,2065000,306000,-6667000,None,-32219000,6.87,3.22
6,2018-12-31,USD,10629000,32300000,24767000,10629000,-21850000,-21287000,24767000,0,-21287000,0,7533000,-179000,-21671000,0,-563000,None,None,None,0,0,0,0,384000,0,-21287000,-21287000,None,USD,120472000,None,None,6845000,168517000,-48045000,2216000,20419000,41000,-389370000,126476000,None,1513000,85820000,42041000,None,None,None,26294000,92665000,None,-48045000,None,None,None,None,21622000,None,None,41000,None,-389370000,None,None,1513000,None,27807000,None,None,124260000,126476000,None,None,None,341284000,120472000,85820000,None,40936735,USD,17200000,15340000,17396000,114255000,None,45000,34000,-1124000,-21287000,30107000,12666000,12881000,1978000,None,11000,None,-6667000,3754000,196000,None,None,30107000,4.52,6.87
7,2018-09-30,USD,9055000,31266000,23675000,9055000,-22211000,-21949000,23675000,0,-21949000,0,7591000,None,-22211000,0,-262000,None,None,None,0,0,0,0,262000,0,-21949000,-21949000,None,USD,109042000,0,None,6556000,139607000,-30565000,2229000,17901000,41000,-368083000,100597000,0,1513000,55713000,39010000,None,None,-9000,28083000,79446000,None,-30565000,17177000,217000,0,0,21109000,0,0,41000,0,-368083000,0,None,1513000,None,29596000,None,None,98368000,100597000,None,None,None,337486000,109042000,72890000,None,40844455,USD,21016000,-6273000,20538000,0,None,298000,1000,-536000,-21949000,-2247000,-23083000,-1085000,1907000,0,297000,0,-6667000,4317000,478000,None,None,-2247000,7.59,4.52
8,2018-06-30,USD,4612000,32748000,24053000,4612000,-27787000,-27787000,24053000,0,-27787000,0,8695000,349000,-28136000,0,0,None,None,None,0,0,0,0,349000,0,-27787000,-27787000,None,USD,132954000,0,None,5471000,146209000,-13255000,2231000,17962000,40000,-346136000,109438000,0,1513000,57960000,36771000,None,None,-29000,29904000,101537000,None,-13255000,38106000,175000,0,0,18809000,0,0,40000,0,-346136000,0,None,1513000,None,31417000,None,None,107207000,109438000,None,None,None,332870000,132954000,96066000,None,40754681,USD,37052000,-2882000,36350000,0,None,90000,-6000,289000,-27787000,10766000,-25674000,-1211000,1872000,0,96000,0,-6667000,4334000,702000,None,None,10766000,8.6,7.59
9,2018-03-31,USD,3971000,32237000,23460000,3971000,-28266000,-27919000,23460000,0,-27919000,0,8777000,None,-28266000,0,-347000,None,None,None,0,0,0,0,347000,0,-27919000,-27919000,None,USD,159433000,0,None,4260000,149400000,10033000,2234000,17859000,40000,-318347000,114250000,0,1513000,47194000,35150000,None,None,-106000,31466000,126454000,None,10033000,75000000,175000,0,0,17291000,0,0,40000,0,-318347000,0,None,1513000,None,32979000,None,None,112016000,114250000,None,None,None,328446000,159433000,122194000,None,40652668,USD,38987000,-5806000,38034000,0,None,-165000,-165000,47000,-27919000,11106000,-26763000,835000,1891000,0,0,0,0,4236000,953000,None,None,11106000,7.34,8.6
10,2017-12-31,USD,3056000,32831000,30928000,3056000,-30543000,-28953000,24042000,0,-28953000,0,8789000,-768000,-29775000,0,-1590000,None,None,None,0,0,0,0,1636000,0,-28953000,-28953000,None,USD,189522000,0,None,5095000,128823000,60699000,2233000,12079000,40000,-263571000,97198000,0,1513000,36088000,31625000,None,None,-146000,32931000,155078000,None,60699000,113895000,510000,0,0,19546000,0,0,40000,0,-263571000,0,None,1513000,None,34444000,None,None,94965000,97198000,None,None,None,324376000,189522000,149983000,None,40571015,USD,11381000,2029000,10696000,-113000,None,-25000,8000,2193000,-28953000,-9937000,-20608000,251000,1853000,0,-69000,0,0,4212000,685000,None,None,-9937000,10.14,7.34
11,2017-09-30,USD,23015000,30329000,28463000,23015000,-6935000,-6935000,22210000,0,-6935000,0,8119000,379000,-7314000,0,0,None,None,None,0,0,0,0,-19000,0,-6935000,-6935000,None,USD,211882000,0,None,5346000,126370000,85512000,2202000,12058000,40000,-234618000,99338000,0,1513000,46025000,27032000,None,None,-99000,33724000,176645000,None,85512000,125274000,297000,0,0,14974000,0,0,40000,0,-234618000,0,None,1513000,None,35237000,None,None,97136000,99338000,None,None,None,320189000,211882000,171299000,None,40512639,USD,16385000,-2354000,15921000,0,None,72000,89000,-995000,-6935000,12383000,-3610000,-507000,1816000,0,0,0,0,4370000,464000,None,None,12383000,16.04,10.14
12,2017-06-30,USD,3014000,31430000,29670000,3014000,-28018000,-28018000,23060000,0,-28018000,0,8370000,398000,-28416000,0,0,None,None,None,0,0,0,0,-18000,0,-28018000,-28018000,None,USD,216339000,0,None,4839000,128410000,87929000,2159000,12058000,40000,-227683000,102745000,0,5475000,33642000,25665000,None,None,-176000,34813000,176051000,3962000,87929000,137570000,297000,0,0,13607000,0,0,40000,0,-227683000,0,None,1513000,None,40288000,None,None,100586000,102745000,None,None,None,315748000,216339000,171212000,None,40412035,USD,18774000,-4191000,17382000,-112000,None,17000,-197000,907000,-28018000,-8257000,-25656000,349000,1703000,0,36000,0,0,4501000,1280000,None,None,-8257000,11.3,16.04
13,2017-03-31,USD,3015000,28905000,27175000,3015000,-25474000,-25474000,20143000,0,-25474000,0,8762000,416000,-25890000,0,0,None,None,None,0,0,0,0,416000,0,-25474000,-25474000,None,USD,244850000,0,None,5188000,133397000,111453000,2117000,12058000,40000,-199665000,106153000,0,16500000,41899000,27244000,None,None,-151000,36089000,192261000,15099000,111453000,145174000,297000,0,0,15186000,0,0,40000,0,-199665000,0,None,1401000,None,52589000,None,None,104036000,106153000,None,None,None,311229000,244850000,187073000,None,40386878,USD,15238000,-6066000,12990000,-1000,None,19000,19000,-62000,-25474000,-12640000,-25649000,-62000,1671000,0,0,0,0,4282000,2247000,None,None,-12640000,11.27,11.3
14,2016-12-31,USD,3037000,28725000,27015000,3037000,-24941000,-25274000,20256000,0,-25274000,0,8469000,747000,-25688000,0,333000,None,None,None,0,0,0,0,836000,0,-25274000,-25274000,None,USD,272646000,0,None,5126000,140015000,132631000,2072000,12058000,40000,-174191000,109558000,0,38152000,54539000,30457000,None,None,-149000,36125000,198369000,36752000,132631000,138704000,None,0,0,18399000,0,0,40000,0,-174191000,0,None,1400000,None,74277000,None,None,107486000,109558000,None,None,None,306931000,272646000,193243000,None,40355753,USD,25398000,-1073000,19733000,22000,None,2138000,None,2429000,-25276000,-1072000,-20805000,-71000,1625000,0,0,0,0,3990000,5687000,None,None,-1072000,9.9,11.27
15,2016-09-30,USD,13015000,32110000,30859000,13015000,-18376000,-18688000,24143000,0,-18688000,0,7967000,719000,-19095000,0,312000,None,None,None,0,0,0,0,197000,0,-18688000,-18688000,None,USD,297514000,0,None,5055000,143517000,153997000,1381000,12027000,40000,-148915000,111639000,0,54520000,55611000,31878000,None,None,-67000,34560000,208434000,53098000,153997000,147768000,None,0,0,19851000,0,0,40000,0,-148915000,0,None,1422000,None,89080000,None,None,110258000,111639000,None,None,None,302939000,297514000,203379000,None,40355753,USD,11701000,1726000,5960000,118000,None,1194000,1194000,192000,-18686000,-4213000,-11367000,192000,1156000,0,0,0,0,4245000,5859000,None,None,-4213000,12.29,9.9
16,2016-06-30,USD,3004000,31144000,30286000,3004000,-27645000,-27913000,22174000,0,-27913000,0,8970000,495000,-28140000,0,268000,None,None,None,0,0,0,0,15000,0,-27913000,-27913000,None,USD,306217000,0,None,5247000,138821000,167396000,0,12012000,40000,-130229000,111490000,0,62129000,59824000,27331000,None,None,83000,26985000,217103000,60589000,167396000,152032000,None,0,0,15319000,0,0,40000,0,-130229000,0,None,1540000,None,89114000,None,None,111490000,111490000,None,None,None,297502000,306217000,211856000,None,39859155,USD,-102323000,-1046000,-108869000,0,None,787000,787000,-1679000,-27913000,-133404000,-25322000,-1679000,652000,0,0,0,0,4664000,6546000,None,None,-133404000,29.05,12.29
17,2016-03-31,USD,2710000,22626000,22240000,2710000,-19648000,-19704000,15416000,0,-19704000,0,7210000,268000,-19916000,0,56000,None,None,None,0,0,0,0,212000,0,-19704000,-19704000,None,USD,324468000,0,None,3568000,134639000,189829000,0,12000000,39000,-102316000,109817000,0,1540000,193228000,24822000,None,None,108000,16082000,306846000,None,189829000,110050000,None,0,0,12822000,0,0,39000,0,-102316000,0,None,1540000,None,17622000,None,None,109817000,109817000,None,None,None,291998000,324468000,303278000,None,39218702,USD,21124000,117815000,17723000,-1000,None,157000,157000,-1040000,-19704000,119295000,101415000,-1040000,386000,0,0,0,0,3958000,3400000,None,None,119295000,26.56,29.05
18,2015-12-31,USD,0,54856000,38095000,-38095000,-54856000,-40160000,13900000,0,-54780000,0,19454000,None,-40295000,0,112000,None,None,None,0,0,0,0,135000,0,-54780000,-54780000,None,USD,216900000,0,None,2528000,11506000,205394000,0,5523000,39000,-82612000,586000,0,1539000,73933000,10920000,None,None,30000,7751000,207610000,None,205394000,131149000,None,0,0,10920000,0,0,39000,0,-82612000,0,None,1539000,None,9290000,None,None,586000,586000,None,None,None,287937000,216900000,205082000,None,39082017,USD,-131371000,2682000,-137133000,-1400000,-2600000,137725000,-2952000,458000,-54780000,-40252000,-40844000,None,728000,0,143015000,0,0,10068000,4362000,None,None,None,35.09,26.56
19,2015-09-30,USD,0,14561000,0,0,-14561000,-14620000,9850000,0,-14620000,0,4711000,None,-14561000,0,59000,None,None,None,0,0,0,0,-40000,0,-14620000,-14620000,None,USD,227045000,0,None,3020000,4846000,222199000,0,2757000,39000,-62978000,None,0,139000,69702000,4846000,None,None,-10000,4543000,222363000,None,222199000,149641000,None,0,0,4846000,0,0,39000,0,-62978000,0,None,139000,None,4682000,None,None,None,None,None,None,None,285148000,227045000,219343000,None,39055767,USD,None,None,-152931000,0,None,137723000,None,None,-14620000,None,-29275000,None,0,0,143015000,0,0,None,3126000,None,None,None,29.64,35.09
