,fiscalDateEnding,reportedCurrency_x,totalRevenue,totalOperatingExpense,costOfRevenue,grossProfit,ebit,netIncome_x,researchAndDevelopment,effectOfAccountingCharges,incomeBeforeTax,minorityInterest,sellingGeneralAdministrative,otherNonOperatingIncome,operatingIncome,otherOperatingExpense,interestExpense,taxProvision,interestIncome,netInterestIncome,extraordinaryItems,nonRecurring,otherItems,incomeTaxExpense,totalOtherIncomeExpense,discontinuedOperations,netIncomeFromContinuingOperations,netIncomeApplicableToCommonShares,preferredStockAndOtherAdjustments,reportedCurrency_y,totalAssets,intangibleAssets,earningAssets,otherCurrentAssets,totalLiabilities,totalShareholderEquity,deferredLongTermLiabilities,otherCurrentLiabilities,commonStock,retainedEarnings,otherLiabilities,goodwill,otherAssets,cash,totalCurrentLiabilities,shortTermDebt,currentLongTermDebt,otherShareholderEquity,propertyPlantEquipment,totalCurrentAssets,longTermInvestments,netTangibleAssets,shortTermInvestments,netReceivables,longTermDebt,inventory,accountsPayable,totalPermanentEquity,additionalPaidInCapital,commonStockTotalEquity,preferredStockTotalEquity,retainedEarningsTotalEquity,treasuryStock,accumulatedAmortization,otherNonCurrrentAssets,deferredLongTermAssetCharges,totalNonCurrentAssets,capitalLeaseObligations,totalLongTermDebt,otherNonCurrentLiabilities,totalNonCurrentLiabilities,negativeGoodwill,warrants,preferredStockRedeemable,capitalSurplus,liabilitiesAndShareholderEquity,cashAndShortTermInvestments,accumulatedDepreciation,commonStockSharesOutstanding,reportedCurrency,investments,changeInLiabilities,cashflowFromInvestment,otherCashflowFromInvestment,netBorrowings,cashflowFromFinancing,otherCashflowFromFinancing,changeInOperatingActivities,netIncome_y,changeInCash,operatingCashflow,otherOperatingCashflow,depreciation,dividendPayout,stockSaleAndPurchase,changeInInventory,changeInAccountReceivables,changeInNetIncome,capitalExpenditures,changeInReceivables,changeInExchangeRate,changeInCashAndCashEquivalents,clossingVal,nextClossingVal
0,2020-06-30,USD,259678000,93948000,165632000,94046000,10526000,-593000,None,None,-4617000,3101000,66210000,10428000,98000,8899000,15941000,-7923000,None,-15941000,None,18839000,None,-7923000,-7613000,None,3306000,-593000,None,USD,1705452000,48904000,None,85744000,1853345000,-224761000,None,211228000,98234000,-480368000,39100000,706946000,110052000,85483000,624149000,None,None,4627000,70787000,530533000,None,-1096647000,None,359306000,922537000,None,412921000,None,None,98234000,152746000,-480368000,None,None,265586000,None,82696000,305936000,922537000,306659000,1229196000,None,36710000,None,None,1705452000,85483000,None,None,USD,-2002000,-75674000,-2002000,142000,-68942000,-121076000,-52134000,-6411000,2508000,-136802000,-13724000,-9829000,8899000,None,None,None,46891000,13481000,2144000,46891000,None,-134638000,2.08,
1,2020-03-31,USD,327742000,75720000,222693000,105049000,30906000,1003000,None,None,15294000,791000,66353000,1577000,29329000,9206000,15612000,13500000,-30369000,-15612000,None,161000,None,13500000,1416000,None,1794000,1003000,None,USD,1870856000,50640000,None,67452000,2007915000,-212506000,None,94359000,99587000,-468508000,61922000,725390000,107000000,221102000,720479000,None,None,3669000,75767000,695865000,None,-1105584000,None,407311000,1014260000,None,479317000,None,None,99587000,152746000,-468508000,None,None,245816000,None,77378000,259276000,1014260000,273176000,1287436000,None,35698000,None,None,1870856000,221102000,None,72000000,USD,16645000,-86936000,16645000,18191000,120392000,119642000,-750000,-4167000,1794000,116333000,-19954000,3092000,9206000,None,None,None,41148000,11742000,1546000,41148000,-2164000,114169000,1.45,2.08
2,2019-12-31,USD,381975000,109554000,260726000,121249000,18203000,-7115000,None,None,2544000,5419000,94219000,6508000,11695000,9460000,15659000,4241000,-11309000,-15658000,None,5875000,None,4240000,632000,None,-1696000,-4732000,None,USD,1839492000,54893000,None,65746000,1981908000,-219647000,4187000,94180000,101469000,-469593000,55470000,740674000,100152000,106933000,819645000,None,None,-4269000,81054000,623082000,6161000,-1130987000,None,450403000,887630000,None,725465000,None,None,101469000,152746000,-469593000,None,None,247640000,85988000,1216410000,267822000,887630000,270446000,1162263000,None,36973000,None,None,1839492000,106933000,None,69000000,USD,-3192000,84335000,-3192000,1618000,-8093000,-9527000,-1410000,-213000,-1696000,79660000,92379000,19491000,10302000,0,-1434000,None,-38598000,18545000,4810000,-38598000,None,79652000,2.78,1.45
3,2019-09-30,USD,342907000,91038000,222448000,120459000,25080000,-1752000,None,None,8907000,7265000,79726000,-4341000,29421000,9368000,16110000,3457000,-20083000,-16110000,None,1944000,None,3457000,-6348000,None,5450000,-1752000,None,USD,1751729000,56734000,None,74591000,1884505000,-214251000,7486000,79301000,98364000,-462483000,50030000,740955000,116457000,27280000,708887000,None,None,-2878000,82946000,513676000,6824000,-1123167000,None,411805000,895379000,None,629586000,None,None,98364000,152746000,-462483000,None,None,258155000,92439000,1238053000,277931000,895379000,272753000,1175618000,None,41519000,None,None,1751729000,27280000,None,72000000,USD,-6511000,-28469000,-6511000,-648000,-19454000,-27914000,-5936000,6185000,5513000,-28000,34397000,11203000,10209000,0,-2524000,None,22405000,13536000,5863000,22405000,4000,-24000,2.82,2.78
4,2019-06-30,USD,362130000,97939000,240749000,121381000,25834000,4290000,None,None,9215000,3043000,87276000,2392000,23442000,10663000,16413000,2088000,-13481000,-16413000,None,None,None,2088000,2186000,None,7127000,4290000,None,USD,1798649000,60848000,None,85420000,1927991000,-212238000,6571000,81777000,97455000,-460726000,48878000,743582000,118854000,27304000,731856000,None,None,-1713000,83950000,547236000,6761000,-1126779000,None,434512000,914092000,None,650079000,None,None,97455000,152746000,-460726000,None,None,263833000,92439000,1251413000,279503000,914092000,275472000,1196135000,None,42635000,None,None,1798649000,27304000,None,72000000,USD,-8283000,5533000,-8283000,-3966000,-5223000,-35041000,-24219000,-691000,7333000,-2361000,40963000,5055000,11500000,-56000,-5543000,None,8387000,3155000,4317000,8387000,580000,-1781000,2.52,2.82
5,2019-03-31,USD,328791000,75956000,237153000,91638000,17824000,-113000,None,None,981000,429000,67118000,2142000,15682000,8838000,16760000,747000,-11319000,-16760000,None,None,None,748000,2059000,None,233000,-2496000,None,USD,1833119000,64858000,None,103213000,1959386000,-214496000,5329000,91868000,98693000,-465016000,62714000,742775000,118568000,26372000,729013000,44129000,44129000,-290000,85456000,568233000,6586000,-1126240000,None,438648000,919050000,None,637145000,None,None,98693000,152117000,-465016000,None,None,272772000,92439000,1264886000,292738000,919050000,305994000,1230373000,None,48006000,None,None,1833119000,26372000,None,60000000,USD,18101000,-42542000,18101000,21707000,-35375000,60753000,-1501000,-7030000,316000,-2346000,-81200000,-20722000,9664000,0,96128000,None,-29957000,2041000,3606000,-29957000,-576000,-2922000,2.25,2.52
6,2018-12-31,USD,393662000,146635000,256088000,137574000,-23980000,-81598000,0,0,-40743000,5885000,79909000,-14919000,-9061000,10984000,16763000,None,None,None,0,56732000,0,34970000,-87424000,0,-75713000,-83749000,None,USD,1611573000,67765000,None,117024000,1806994000,-311481000,5329000,68895000,58579000,-464903000,110229000,740955000,110182000,30873000,742536000,356000,None,4720000,88189000,589854000,6556000,-1210324000,None,395200000,954107000,42369000,673285000,None,None,58579000,90123000,-464903000,None,None,25513000,92741000,1021719000,None,954229000,104900000,1064458000,None,None,None,None,1611573000,30873000,None,57000000,USD,963000,-10919000,-2076000,1993000,1523132000,-37688000,-2941000,-35470000,-81598000,9245000,49009000,-68361000,10984000,10788000,14195000,-11223000,38585000,99662000,5032000,21637000,None,9406000,2.61,2.25
7,2018-09-30,USD,375830000,134522000,238690000,137140000,6382000,-16125000,0,0,-10981000,2458000,102380000,3764000,2618000,11134000,17063000,None,None,None,0,21008000,0,2986000,-34307000,0,-13967000,-18234000,None,USD,1729724000,75115000,None,101149000,1850471000,-243882000,6899000,41867000,362195000,-383305000,117638000,843180000,151137000,25056000,744953000,360000,None,-1319000,90249000,563229000,6814000,-1104984000,3965000,437024000,987880000,0,702726000,-177940000,0,362195000,90123000,-383305000,0,None,28632000,122505000,1166495000,None,987880000,110739000,1105518000,None,57193000,None,None,1729724000,25056000,None,57000000,USD,313000,8259000,-12234000,-33990000,-12373000,-17221000,-3068000,1216000,-13667000,529000,29984000,7770000,11931000,-14000,-1766000,0,-10843000,26298000,5543000,-10607000,-472000,57000,4.15,2.61
8,2018-06-30,USD,379743000,95581000,253390000,126353000,24946000,3406000,0,0,7956000,2545000,83878000,-5826000,30772000,11703000,17018000,None,None,None,0,-2317000,0,1977000,-22844000,0,5979000,1133000,None,USD,1788597000,82465000,None,146320000,1886203000,-230752000,6899000,80213000,360323000,-367180000,113787000,857140000,155942000,24999000,772480000,355000,1000291000,481000,91015000,595521000,6514000,-1114627000,47916000,424202000,999936000,0,691912000,-153336000,0,360323000,90123000,-367180000,0,None,30635000,125307000,1193076000,None,999936000,106888000,1113723000,None,55730000,None,None,1788597000,24999000,None,58000000,USD,936000,-10570000,-32253000,936000,56166000,28725000,-21750000,-2998000,5951000,-4208000,-680000,-26598000,12501000,-22000,-5669000,0,5627000,11213000,5890000,6823000,5000,-4203000,4.6,4.15
9,2018-03-31,USD,326968000,98571000,243030000,83938000,-20618000,-29416000,0,0,-36935000,897000,83879000,-5985000,-14633000,12375000,16231000,None,None,None,0,2317000,0,-8330000,-24533000,0,-28605000,-31443000,None,USD,1701077000,66353000,None,98625000,1836394000,-240626000,6899000,45376000,353074000,-370586000,144918000,832510000,148195000,29202000,748670000,322000,943128000,1425000,85370000,552745000,6442000,-1085144000,4467000,424918000,942806000,0,702972000,-189662000,0,353074000,90123000,-370586000,0,None,31405000,126252000,1148332000,None,942806000,138019000,1087724000,None,54345000,None,None,1701077000,29202000,None,56000000,USD,-69000,-19863000,-3868000,-69000,58937000,47618000,-7422000,-9734000,-28519000,-17283000,-61033000,-41556000,13182000,-146000,-3751000,0,-14381000,3365000,3799000,12358000,306000,-16977000,7.2,4.6
10,2017-12-31,USD,402747000,2495546000,268673000,490303000,137403000,222668000,0,0,45732000,8787000,77240000,None,46276000,9898000,16264000,None,None,None,0,-8830000,0,-177113000,-39489000,0,352503000,220681000,None,USD,1698892000,70605000,None,31374000,1791519000,-213543000,6760000,54845000,352432000,-340000000,126323000,835935000,1065815000,46179000,775630000,313000,883119000,-1954000,90306000,542771000,6307000,-1147417000,4632000,434072000,882806000,31146000,720472000,-155513000,0,352432000,90220000,-340000000,0,None,37643000,115325000,1156121000,None,882806000,126323000,1015889000,None,None,None,None,1698892000,46179000,None,55000000,USD,1443000,27946000,-20884000,10631000,-54829000,-32599000,-70728000,-36930000,222668000,17549000,115285000,None,43474000,-284000,0,-1892000,-48138000,-159436000,32958000,None,None,None,9.75,7.2
11,2017-09-30,USD,375800000,-89162000,-249418000,625218000,47436000,18493000,0,0,29611000,3491000,-77910000,10216000,37220000,-11252000,16403000,None,None,None,0,26490000,0,9049000,1305000,0,20562000,16545000,None,USD,1617831000,74685000,None,75161000,1946673000,-434420000,119602000,65031000,351075000,-562668000,143076000,839361000,993891000,18861000,753106000,300000,931189000,-5593000,91153000,532787000,5655000,-1288374000,5182000,438765000,930889000,0,687775000,-388934000,0,351075000,90220000,-562668000,0,None,34592000,39598000,1085044000,None,930889000,143076000,1193567000,None,60092000,None,None,1617831000,18861000,None,58000000,USD,-392000,-44481000,3379000,1065000,301899000,-4352000,-25485000,-111000,21984000,-2586000,-1613000,2934000,6442000,115000,0,0,54723000,6380000,7149000,-13166000,1100000,-1486000,11.0,9.75
12,2017-06-30,USD,390532000,-96329000,-267822000,658354000,33796000,11253000,0,0,17467000,2214000,-85563000,7415000,26381000,-10766000,15688000,None,None,None,0,-17660000,0,4641000,5060000,0,12826000,9343000,None,USD,1650254000,78813000,None,75074000,1986337000,-453995000,115381000,84341000,349474000,-581161000,146441000,851135000,1010594000,20347000,815399000,289000,909405000,-2477000,88010000,551650000,5247000,-1320988000,5526000,456229000,909116000,0,730769000,-399038000,0,349474000,90220000,-581161000,0,None,35850000,39549000,1098604000,None,909116000,146441000,1170938000,None,62955000,None,None,1650254000,20347000,None,56000000,USD,-415000,24089000,-11792000,415000,410109000,-44420000,-65381000,10781000,13467000,-1803000,54409000,-4204000,5958000,147000,0,0,67889000,5540000,11743000,28034000,-1036000,-2839000,9.9,11.0
13,2017-03-31,USD,344700000,-98738000,-237563000,582263000,11193000,-10566000,0,0,-5575000,883000,-87840000,2794000,8399000,-10898000,16768000,None,None,None,0,4415000,0,3969000,-13974000,0,-9544000,-11073000,None,USD,1626653000,80968000,None,81054000,1990372000,-490000000,112318000,116989000,323023000,-592414000,178369000,846124000,1011990000,23186000,812415000,260000,260000,-2021000,82228000,532435000,4606000,-1356709000,5377000,428195000,887270000,0,695166000,-417186000,0,323023000,90220000,-592414000,0,None,38753000,41539000,1094218000,None,887270000,178369000,1177957000,None,60383000,None,None,1626653000,23186000,None,53000000,USD,-50000,-10757000,-11090000,50000,381500000,37089000,-5183000,-4270000,-9683000,-4677000,-30676000,5658000,5600000,22000,95000000,0,39855000,4950000,9413000,39855000,-58000,-4735000,9.4,9.9
14,2016-12-31,USD,390442000,108367000,260193000,130249000,17129000,7708000,0,0,878000,2046000,77096000,-9438000,26567000,12378000,16569000,None,None,None,0,18893000,0,-9194000,-125092000,0,9754000,7708000,None,USD,1577378000,85071000,None,40203000,2026674000,-575109000,110359000,113631000,317784000,-581848000,177286000,844759000,1009419000,27921000,802821000,228000,936436000,-1824000,78377000,489582000,4745000,-1444759000,5341000,388340000,936208000,33118000,688962000,-502560000,0,317784000,0,-581848000,0,None,33051000,41793000,1087796000,None,936208000,177286000,1223853000,None,None,None,None,1577378000,27921000,None,51000000,USD,7402000,-22922000,-10533000,-8226000,668921000,-48556000,140596000,-58303000,9754000,5254000,64343000,1757000,12777000,72047000,10570000,13048000,-3704000,28668000,9709000,31015000,932000,6186000,6.55,9.4
15,2016-09-30,USD,349254000,124346000,235659000,113595000,-16471000,-34364000,0,0,-33081000,1059000,83303000,-5720000,-10751000,11412000,16540000,None,None,None,0,29631000,0,-540000,-5385000,0,-32471000,-33530000,None,USD,1642312000,92975000,None,99755000,2094019000,-578590000,106950000,124774000,315369000,-582640000,175884000,868483000,1027599000,21735000,859998000,260000,260000,-3406000,73868000,540845000,5159000,-1540048000,5268000,459970000,951187000,0,734964000,-511881000,0,315369000,0,-582640000,0,None,39208000,21774000,1101467000,None,951187000,175884000,1234021000,None,60174000,None,None,1642312000,21735000,None,52000000,USD,-1473000,68265000,2099000,8374000,-1575826000,-77009000,-42349000,-1894000,-32471000,4668000,79578000,-14170000,32658000,-12191000,-324000,0,47767000,22581000,6275000,-107984000,1005000,5673000,10.72,6.55
16,2016-06-30,USD,337047000,84145000,228835000,108212000,24296000,1173000,0,0,6832000,1254000,71849000,-61000,24927000,11436000,17174000,None,None,None,0,29631000,0,4744000,16238000,0,2427000,1173000,None,USD,1616153000,61418000,None,108380000,2073499000,-584417000,98191000,108330000,275883000,-549110000,174062000,876644000,1003678000,16062000,813865000,361000,361000,-6227000,66763000,545712000,6392000,-1522479000,5345000,421270000,987381000,0,705174000,-522713000,0,275883000,0,-549110000,0,None,39065000,20159000,1070441000,None,987381000,174062000,1259634000,None,65367000,None,None,1616153000,16062000,None,51000000,USD,-502000,-15871000,-8634000,-725000,684694000,10958000,-83661000,-1927000,2427000,-7486000,-9810000,-21578000,-8095000,-13903000,-1572000,0,60217000,22159000,7909000,91803000,1708000,-5778000,18.29,10.72
17,2016-03-31,USD,309042000,84363000,211446000,97596000,-8831000,-23293000,0,0,-24635000,859000,73143000,-17379000,8548000,11220000,15575000,None,None,None,0,0,0,-1972000,-33183000,0,-22434000,-23293000,None,USD,1571555000,67493000,None,77454000,2025764000,-605944000,95405000,103391000,275264000,-550283000,267691000,877167000,1014867000,21840000,765974000,415000,None,-4224000,64755000,491933000,6632000,-1479604000,5330000,392639000,896694000,0,662168000,0,0,275264000,0,-550283000,0,None,42978000,20597000,1079622000,None,896694000,267691000,1259790000,None,71000000,None,None,1571555000,21840000,None,50000000,USD,None,-121457000,-8128000,-2589000,1122211000,98714000,-30479000,None,-22434000,-38101000,-128687000,18059000,18241000,-10636000,-3301000,0,31586000,-11944000,5539000,-31586000,-1517000,-39618000,23.6,18.29
18,2015-12-31,USD,359013000,124097000,231330000,127683000,-3400000,-26222000,0,0,-18712000,1711000,111267000,-2215000,-1185000,12830000,14881000,None,None,None,0,48524000,0,6230000,-91077000,-6281000,-24511000,-26222000,None,USD,1590250000,72382000,None,86243000,2007852000,-566152000,92581000,135522000,269842000,-526990000,261609000,870301000,1017948000,61458000,912624000,470000,728883000,6257000,63557000,508745000,6263000,-1439364000,5122000,361044000,741038000,0,776632000,0,0,269842000,0,-526990000,0,None,53635000,15367000,1081505000,None,741038000,261609000,1095228000,None,None,None,None,1590250000,61458000,None,50000000,USD,-8631000,60838000,-4271000,-6992000,-815106000,-126347000,-56983000,1550000,-24511000,42676000,173294000,34616000,13398000,83467000,11071000,0,-8675000,19156000,5910000,58338000,3024000,45700000,21.72,23.6
19,2015-09-30,USD,328415000,88606000,212925000,115490000,8281000,-8604000,0,0,-6529000,2122000,75520000,-15337000,23618000,13086000,14638000,None,None,None,0,0,0,-1191000,-21312000,-1316000,-5166000,-8604000,None,USD,1617201000,74833000,None,92847000,1993938000,-528076000,83869000,111653000,269558000,-500768000,229523000,869869000,1027762000,15758000,853868000,508000,None,5519000,62109000,527330000,10805000,-1401452000,5667000,418725000,826678000,0,741707000,0,0,269558000,0,-500768000,0,None,50406000,21849000,1089871000,None,826678000,229523000,1140070000,None,71326000,None,None,1617201000,15758000,None,50000000,USD,None,-101414000,-7619000,542000,104526000,65472000,-25955000,None,-6482000,-21119000,-78972000,-257000,13653000,-10537000,-2562000,0,63134000,13807000,8161000,-4761000,2026000,-19093000,18.43,21.72
