,fiscalDateEnding,reportedCurrency_x,totalRevenue,totalOperatingExpense,costOfRevenue,grossProfit,ebit,netIncome_x,researchAndDevelopment,effectOfAccountingCharges,incomeBeforeTax,minorityInterest,sellingGeneralAdministrative,otherNonOperatingIncome,operatingIncome,otherOperatingExpense,interestExpense,taxProvision,interestIncome,netInterestIncome,extraordinaryItems,nonRecurring,otherItems,incomeTaxExpense,totalOtherIncomeExpense,discontinuedOperations,netIncomeFromContinuingOperations,netIncomeApplicableToCommonShares,preferredStockAndOtherAdjustments,reportedCurrency_y,totalAssets,intangibleAssets,earningAssets,otherCurrentAssets,totalLiabilities,totalShareholderEquity,deferredLongTermLiabilities,otherCurrentLiabilities,commonStock,retainedEarnings,otherLiabilities,goodwill,otherAssets,cash,totalCurrentLiabilities,shortTermDebt,currentLongTermDebt,otherShareholderEquity,propertyPlantEquipment,totalCurrentAssets,longTermInvestments,netTangibleAssets,shortTermInvestments,netReceivables,longTermDebt,inventory,accountsPayable,totalPermanentEquity,additionalPaidInCapital,commonStockTotalEquity,preferredStockTotalEquity,retainedEarningsTotalEquity,treasuryStock,accumulatedAmortization,otherNonCurrrentAssets,deferredLongTermAssetCharges,totalNonCurrentAssets,capitalLeaseObligations,totalLongTermDebt,otherNonCurrentLiabilities,totalNonCurrentLiabilities,negativeGoodwill,warrants,preferredStockRedeemable,capitalSurplus,liabilitiesAndShareholderEquity,cashAndShortTermInvestments,accumulatedDepreciation,commonStockSharesOutstanding,reportedCurrency,investments,changeInLiabilities,cashflowFromInvestment,otherCashflowFromInvestment,netBorrowings,cashflowFromFinancing,otherCashflowFromFinancing,changeInOperatingActivities,netIncome_y,changeInCash,operatingCashflow,otherOperatingCashflow,depreciation,dividendPayout,stockSaleAndPurchase,changeInInventory,changeInAccountReceivables,changeInNetIncome,capitalExpenditures,changeInReceivables,changeInExchangeRate,changeInCashAndCashEquivalents,clossingVal,nextClossingVal
0,2020-06-30,USD,100000,50327000,None,100000,-49123000,-49023000,44688000,None,-49123000,None,5639000,1204000,-50327000,None,None,None,1204000,1204000,None,None,None,None,100000,None,-49123000,-49023000,None,USD,388388000,None,None,2223000,45472000,342916000,None,323000,2000,-308378000,None,None,None,61867000,45275000,None,None,1081000,1265000,386603000,None,342916000,322513000,None,None,None,44952000,None,None,2000,None,-308378000,None,None,520000,None,1785000,520000,None,197000,197000,None,None,None,650211000,388388000,384380000,None,15438124,USD,19372000,19568000,19365000,None,None,109000,109000,15072000,-49023000,-4784000,-24258000,-607000,115000,None,None,None,None,5689000,7000,None,None,-4784000,113.25,
1,2020-03-31,USD,0,38005000,None,None,-36135000,-36135000,33400000,None,-36135000,None,4605000,1870000,-38005000,None,None,None,1870000,1870000,None,None,None,None,None,None,-36135000,-36135000,None,USD,411457000,None,None,976000,25982000,385475000,None,319000,2000,-259355000,279000,None,1971000,66651000,25703000,None,None,415000,1373000,409486000,None,385475000,341859000,None,None,None,25384000,None,None,2000,None,-259355000,None,None,598000,None,1971000,598000,None,279000,279000,None,None,None,644413000,411457000,408510000,None,15429154,USD,50774000,569000,50460000,50774000,None,0,None,721000,-36135000,19954000,-30506000,89000,125000,None,None,None,None,4846000,314000,None,None,19954000,66.76,113.25
2,2019-12-31,USD,0,29954000,None,None,-27740000,-27740000,24910000,None,-27740000,None,5044000,2214000,-29954000,None,2214000,None,2214000,2214000,None,None,None,None,2214000,None,-27740000,-27740000,None,USD,442056000,None,None,1152000,25491000,416565000,None,315000,2000,-223220000,None,None,None,46697000,25130000,None,None,216000,1184000,440197000,None,416565000,392348000,None,None,None,24815000,None,None,2000,None,-223220000,None,None,675000,None,1859000,676000,None,361000,361000,None,None,None,639567000,442056000,439045000,None,15429154,USD,-30373000,8764000,-30507000,30879000,None,0,None,10993000,-27740000,-42789000,-12282000,2634000,28000,None,235000,None,None,4032000,134000,None,None,-42789000,91.11,66.76
3,2019-09-30,USD,0,24195000,None,None,-21429000,-21429000,19447000,None,-21429000,None,4748000,2766000,-24195000,None,None,None,2766000,2766000,None,None,None,None,2766000,None,-21429000,-21429000,None,USD,456254000,None,None,1712000,15905000,440349000,None,310000,2000,-195480000,None,None,None,89486000,15464000,None,None,292000,181000,455322000,None,440349000,364124000,None,None,None,15154000,None,None,2000,None,-195480000,None,None,751000,None,932000,751000,None,441000,441000,None,None,None,635535000,456254000,453610000,None,15429154,USD,28265000,3144000,28267000,61252000,None,35000,35000,4800000,-21429000,16978000,-11324000,1983000,28000,None,235000,None,None,4950000,2000,None,None,16978000,86.22,91.11
4,2019-06-30,USD,0,22704000,None,None,-19699000,-19699000,15594000,None,-19699000,None,7110000,3005000,-22704000,None,None,None,3005000,3005000,None,None,None,None,3005000,None,-19699000,-19699000,None,USD,469822000,None,None,2389000,12836000,456986000,None,306000,2000,-174051000,None,None,None,72508000,12316000,None,None,485000,211000,468785000,None,456986000,393888000,None,None,None,12010000,None,None,2000,None,-174051000,None,None,826000,None,1037000,826000,None,520000,520000,None,None,None,630550000,469822000,466396000,None,15426297,USD,36437000,1856000,36438000,32987000,None,117000,117000,4306000,-19699000,25015000,-11540000,-1480000,28000,None,200000,None,None,7755000,1000,None,None,25015000,104.81,86.22
5,2019-03-31,USD,0,18119000,None,None,-15080000,-15080000,12373000,None,-15080000,None,5746000,3039000,-18119000,None,None,None,3039000,3039000,None,None,None,None,3039000,None,-15080000,-15080000,None,USD,479560000,None,None,565000,11054000,468506000,None,302000,2000,-154352000,None,None,None,47493000,10456000,302000,302000,178000,240000,478390000,None,468506000,430332000,None,598000,None,10154000,None,None,2000,None,-154352000,None,None,930000,None,1170000,900000,None,598000,598000,None,None,None,622678000,479560000,477825000,None,15417064,USD,-3450000,1710000,-3491000,-3450000,None,83000,83000,663000,-15080000,-9886000,-6478000,842000,28000,None,83000,None,None,6022000,41000,None,None,-9886000,125.26,104.81
6,2018-12-31,USD,0,14454000,0,0,-11475000,-11475000,8871000,0,-11475000,0,5583000,2979000,-14454000,0,0,None,None,None,0,0,0,0,2979000,0,-11475000,-11475000,None,USD,485428000,None,None,1483000,8444000,476984000,None,None,2000,-139272000,None,None,None,57379000,8444000,None,None,-319000,227000,485201000,None,476984000,426339000,None,None,None,8444000,None,None,2000,None,-139272000,None,None,None,None,227000,None,None,None,None,None,None,None,616573000,485428000,483718000,None,15409023,USD,24996000,1802000,24988000,-380054000,None,610000,2510000,-1390000,-11475000,19333000,-6265000,-1736000,25000,None,314335000,None,None,5119000,8000,None,None,19333000,112.72,125.26
7,2018-09-30,USD,0,11333000,0,0,-8512000,-8512000,6211000,0,-8512000,0,5122000,2821000,-11333000,0,0,None,None,None,0,0,0,0,2821000,0,-8512000,-8512000,None,USD,489549000,0,None,767000,6642000,482907000,0,5611000,2000,-127797000,None,0,0,38046000,6642000,None,None,-143000,244000,489305000,None,482907000,450492000,None,0,0,6642000,0,0,2000,0,-127797000,0,None,None,None,244000,None,None,None,None,None,None,None,610845000,489549000,488538000,None,15393309,USD,-222015000,1206000,-222028000,0,None,451000,None,-2169000,-8512000,-226815000,-5238000,-2932000,24000,0,451000,0,0,4976000,13000,None,None,-226815000,214.13,112.72
8,2018-06-30,USD,200000,7826000,0,200000,-6660000,-6460000,5109000,0,-6660000,0,2717000,1166000,-7826000,0,0,None,None,None,0,0,0,0,1366000,0,-6660000,-6460000,None,USD,491528000,0,None,968000,5436000,486092000,0,4848000,2000,-119285000,None,0,0,264861000,5436000,None,None,-43000,255000,491273000,None,486092000,225444000,None,0,0,5436000,0,0,2000,0,-119285000,0,None,None,None,255000,None,None,None,None,None,None,None,605418000,491528000,490305000,None,15365384,USD,-80913000,-858000,-80913000,0,None,313009000,311560000,-319000,-6460000,226736000,-5360000,-293000,24000,0,1449000,0,0,2227000,13000,None,None,226736000,279.69,214.13
9,2018-03-31,USD,0,7069000,0,0,-6364000,-6364000,5198000,0,-6364000,0,1871000,705000,-7069000,0,0,None,None,None,0,0,0,0,705000,0,-6364000,-6364000,None,USD,183478000,0,None,374000,6294000,177184000,0,4874000,1000,-112825000,None,0,0,38125000,6294000,None,None,-174000,279000,183199000,None,177184000,144700000,None,0,0,6294000,0,0,1000,0,-112825000,0,None,None,None,279000,None,None,None,None,None,None,None,290182000,183478000,182825000,None,14250726,USD,-102122000,-3760000,-102123000,0,None,265000,265000,-2961000,-6364000,-110502000,-8644000,290000,23000,0,0,0,0,1167000,1000,None,None,-110502000,116.79,279.69
10,2017-12-31,USD,250000,8911000,0,250000,-8695000,-8695000,6512000,0,-8695000,0,2399000,216000,-8911000,0,0,None,None,None,0,0,0,0,908000,0,-8695000,-8445000,None,USD,192313000,0,None,485000,10054000,182259000,0,8125000,1000,-106461000,None,0,0,148627000,10054000,None,None,-31000,301000,192012000,None,182259000,42900000,None,0,0,10054000,0,0,1000,0,-106461000,0,None,None,None,301000,None,None,None,None,None,None,None,288750000,192313000,191527000,None,14227634,USD,6085000,1281000,6085000,0,None,135527000,135527000,4589000,-8445000,135667000,-5945000,212000,60000,0,0,0,0,947000,125000,None,None,135667000,91.79,116.79
11,2017-09-30,USD,100000,8637000,0,100000,-8463000,-8463000,6682000,0,-8463000,0,1955000,174000,-8637000,0,0,None,None,None,0,0,0,0,0,0,-8463000,-8363000,None,USD,62831000,0,None,583000,8523000,54308000,0,7123000,1000,-98016000,None,0,0,12960000,8523000,None,None,47000,111000,62720000,None,54308000,49177000,None,0,0,8523000,0,0,1000,0,-98016000,0,None,None,None,111000,None,None,None,None,None,None,None,152276000,62831000,62137000,None,12495705,USD,-16886000,2087000,-16886000,0,None,38278000,None,2259000,-8363000,-21837000,-4951000,287000,9000,0,34879000,0,0,1029000,125000,None,None,-21837000,44.98,91.79
12,2017-06-30,USD,0,8439000,0,0,-8347000,-8347000,6816000,0,-8347000,0,1623000,92000,-8439000,0,0,None,None,None,0,0,0,0,0,0,-8347000,-8347000,None,USD,68067000,0,None,781000,6436000,61631000,0,5151000,1000,-89653000,None,0,0,34797000,6436000,None,None,36000,120000,67947000,None,61631000,32369000,None,0,0,6436000,0,0,1000,0,-89653000,0,None,None,None,120000,None,None,None,None,None,None,None,151247000,68067000,67166000,None,12495705,USD,-524000,530000,-647000,0,None,34879000,38278000,1508000,-14346000,26582000,-7650000,5482000,8000,0,0,0,0,676000,123000,None,None,26582000,16.26,44.98
13,2017-03-31,USD,0,6075000,0,0,-5999000,-5999000,4380000,0,-5999000,0,1695000,76000,-6075000,0,0,None,None,None,0,0,0,0,0,0,-5999000,-5999000,None,USD,40357000,0,None,225000,5906000,34451000,0,3126000,1000,-81306000,None,0,0,8215000,5906000,None,None,64000,5000,40352000,None,34451000,31912000,None,0,0,5906000,0,0,1000,0,-81306000,0,None,None,None,5000,None,None,None,None,None,None,None,115692000,40357000,40127000,None,12167405,USD,-10556000,1106000,-10558000,0,None,3399000,None,520000,0,-10930000,-3771000,-5479000,0,0,3399000,0,0,602000,2000,None,None,-10930000,15.4,16.26
14,2016-12-31,USD,0,1197123,0,0,-1239820,-2436118,4824562,0,-2436118,0,-3627439,-42697,-1197123,0,1196298,None,None,None,0,0,0,0,-3265000,0,-2436118,-2436118,None,USD,41210425,0,None,707971,4799923,36410502,0,4038000,1195,-75307448,None,0,0,19144983,4799923,None,None,25404,2946,41207479,None,36410502,21354525,None,0,0,4799923,0,0,1195,0,-75307448,0,None,None,None,2946,None,None,None,None,None,None,None,111691351,41210425,40499508,None,11951866,USD,9781917,884533,10077882,297569,8500000,5953832,None,-985000,-26388000,10751681,-5280033,-5990957,-141844,0,5953832,0,7000,-173765,1604,None,None,10751681,14.9,15.4
15,2016-09-30,USD,0,14090518,0,0,-14090518,-14048740,7804921,0,-14048740,0,6285597,None,-14090518,0,-41778,None,None,None,0,0,0,0,0,0,-14048740,-14048740,None,USD,41507184,315070,None,1632783,3915390,37591794,0,2755000,1157,-67558179,None,0,315000,8393302,3915390,None,None,-12485,1476,41190638,None,37276724,31164553,None,0,0,3915390,0,0,1157,0,-67558179,0,None,None,None,316546,None,None,None,None,None,None,None,105161301,41507184,39557855,None,11570149,USD,6158148,6512043,12222390,6065718,13118250,13118250,None,940158,0,32297053,6956413,-6621901,0,0,0,0,7000,7200939,1476,7332,None,32297053,12.68,14.9
16,2016-06-30,USD,0,3489000,0,0,-3398000,-3379000,-103000,0,-3379000,0,3592000,91000,-3489000,0,-19000,None,None,None,0,0,0,0,0,0,-3379000,-3379000,None,USD,44938000,0,None,1820000,3364000,41574000,0,None,14000,-716147000,None,0,0,10756000,3364000,32000,32000,81000,103000,44835000,None,41574000,32259000,None,0,0,3332000,0,0,14000,0,-716147000,0,None,None,None,103000,None,None,None,None,None,None,None,757626000,44938000,43015000,None,137804736,USD,-22955000,-2975000,-22689000,266000,-2300000,-2300000,None,-516000,0,-32059000,-7070000,-4645000,96000,0,0,0,0,454000,0,None,None,-32059000,0.2602,12.68
17,2016-03-31,USD,0,6447000,0,0,-6447000,-6524000,3407000,0,-6524000,0,3040000,None,-6447000,0,77000,None,None,None,0,0,0,0,0,0,-6524000,-6524000,None,USD,52970000,0,None,554000,8639000,44331000,0,None,14000,-712768000,None,0,0,42815000,8639000,2332000,2332000,4000,374000,52596000,None,44331000,9227000,None,0,0,6307000,0,0,14000,0,-712768000,0,None,None,None,374000,None,None,None,None,None,None,None,757081000,52970000,52042000,None,137806441,USD,22381000,-6831000,22381000,0,-2318000,-2318000,None,647000,0,7849000,-12214000,-5877000,46000,0,0,0,0,448000,0,None,None,7849000,0.24,0.2602
18,2015-12-31,USD,0,10380000,0,0,-10380000,-10536000,7246000,0,-10536000,0,3134000,None,-10380000,0,156000,None,None,None,0,0,0,0,-3611931,0,-10536000,-10536000,None,USD,68195000,0,None,1201000,17788000,50407000,0,None,14000,-706244000,None,0,0,34966000,17788000,4650000,48595166,4000,420000,67775000,None,50407000,31608000,7332,0,0,13138000,0,0,14000,0,-706244000,0,None,None,None,420000,None,None,None,None,None,None,None,756633000,68195000,66574000,None,137788584,USD,11100000,-10539000,11082000,83000,-2317000,-2316000,None,-25519,-6844863,-10571000,-19337000,-9536000,159000,0,1000,0,38823,579000,18000,None,None,-10571000,0.352,0.24
19,2015-09-30,USD,0,17394000,0,0,-17394000,-17628000,14413000,0,-17628000,0,2981000,None,-17394000,0,234000,None,None,None,0,0,0,0,0,0,-17628000,-17628000,None,USD,91014000,0,None,1975000,30644000,60370000,0,None,14000,-695708000,None,0,0,45537000,30633000,6956000,None,11000,561000,90227000,None,60370000,42715000,None,0,0,23677000,0,0,14000,0,-695708000,0,None,226000,None,787000,11000,11000,None,11000,None,None,None,756053000,91014000,88252000,None,137788584,USD,23633000,402000,23620000,0,-2315000,5516000,None,None,0,13534000,-15602000,-17338000,166000,0,7831000,0,0,1168000,13000,None,None,13534000,1.74,0.352
