,fiscalDateEnding,reportedCurrency_x,totalRevenue,totalOperatingExpense,costOfRevenue,grossProfit,ebit,netIncome_x,researchAndDevelopment,effectOfAccountingCharges,incomeBeforeTax,minorityInterest,sellingGeneralAdministrative,otherNonOperatingIncome,operatingIncome,otherOperatingExpense,interestExpense,taxProvision,interestIncome,netInterestIncome,extraordinaryItems,nonRecurring,otherItems,incomeTaxExpense,totalOtherIncomeExpense,discontinuedOperations,netIncomeFromContinuingOperations,netIncomeApplicableToCommonShares,preferredStockAndOtherAdjustments,reportedCurrency_y,totalAssets,intangibleAssets,earningAssets,otherCurrentAssets,totalLiabilities,totalShareholderEquity,deferredLongTermLiabilities,otherCurrentLiabilities,commonStock,retainedEarnings,otherLiabilities,goodwill,otherAssets,cash,totalCurrentLiabilities,shortTermDebt,currentLongTermDebt,otherShareholderEquity,propertyPlantEquipment,totalCurrentAssets,longTermInvestments,netTangibleAssets,shortTermInvestments,netReceivables,longTermDebt,inventory,accountsPayable,totalPermanentEquity,additionalPaidInCapital,commonStockTotalEquity,preferredStockTotalEquity,retainedEarningsTotalEquity,treasuryStock,accumulatedAmortization,otherNonCurrrentAssets,deferredLongTermAssetCharges,totalNonCurrentAssets,capitalLeaseObligations,totalLongTermDebt,otherNonCurrentLiabilities,totalNonCurrentLiabilities,negativeGoodwill,warrants,preferredStockRedeemable,capitalSurplus,liabilitiesAndShareholderEquity,cashAndShortTermInvestments,accumulatedDepreciation,commonStockSharesOutstanding,reportedCurrency,investments,changeInLiabilities,cashflowFromInvestment,otherCashflowFromInvestment,netBorrowings,cashflowFromFinancing,otherCashflowFromFinancing,changeInOperatingActivities,netIncome_y,changeInCash,operatingCashflow,otherOperatingCashflow,depreciation,dividendPayout,stockSaleAndPurchase,changeInInventory,changeInAccountReceivables,changeInNetIncome,capitalExpenditures,changeInReceivables,changeInExchangeRate,changeInCashAndCashEquivalents,clossingVal,nextClossingVal
0,2020-06-30,USD,5911000000,5083000000,3580000000,2331000000,1039000000,544000000,None,None,659000000,79000000,1453000000,None,828000000,None,108000000,341000000,None,-108000000,None,None,None,341000000,-61000000,None,545000000,544000000,None,USD,64194000000,17877000000,None,1073000000,38097000000,26018000000,None,2930000000,None,27040000000,7075000000,20997000000,1656000000,1602000000,14539000000,None,3700000000,-11419000000,9010000000,7995000000,6659000000,-12856000000,None,1979000000,16004000000,2710000000,5466000000,None,None,None,None,None,None,None,285000000,None,56199000000,479000000,None,2213000000,23558000000,None,None,None,None,None,None,None,None,USD,-982000000,-131000000,-982000000,-4000000,-232000000,-636000000,6000000,-44000000,544000000,-321000000,1274000000,None,272000000,-410000000,0,-185000000,None,-103000000,231000000,None,None,None,51.13,
1,2020-03-31,USD,6707000000,5836000000,4256000000,2451000000,1065000000,753000000,None,None,699000000,78000000,1537000000,None,871000000,None,110000000,148000000,-285000000,-110000000,None,None,None,148000000,-62000000,None,760000000,736000000,None,USD,63598000000,17271000000,None,1404000000,37846000000,25674000000,None,2593000000,None,26961000000,7055000000,20216000000,1512000000,1925000000,17004000000,4764000000,6436000000,-11625000000,8644000000,9068000000,6887000000,-11813000000,None,2628000000,13354000000,2441000000,5554000000,None,None,None,None,None,-21652000000,None,267000000,None,54530000000,433000000,13354000000,2261000000,20842000000,None,None,None,31990000000,None,1925000000,None,1445000000,USD,-55000000,206000000,-55000000,-26000000,1467000000,455000000,116000000,-364000000,753000000,624000000,284000000,None,256000000,-409000000,-720000000,-48000000,None,91000000,214000000,None,None,None,50.08,51.13
2,2019-12-31,USD,6913000000,5948000000,4154000000,2759000000,1237000000,726000000,None,None,854000000,76000000,1750000000,None,965000000,None,113000000,230000000,-85000000,-113000000,-3000000,None,None,230000000,2000000,None,729000000,726000000,None,USD,64549000000,17957000000,None,866000000,37198000000,27275000000,None,2645000000,None,26653000000,7266000000,20848000000,1601000000,1291000000,15322000000,2638000000,4219000000,-10258000000,9301000000,7630000000,7212000000,-11530000000,None,2212000000,14207000000,2546000000,5853000000,None,None,None,None,None,-21139000000,None,359000000,None,56919000000,403000000,14298000000,2351000000,21876000000,None,None,None,32019000000,None,1291000000,None,1458000000,USD,-225000000,263000000,-225000000,-26000000,-1338000000,-2101000000,-15000000,125000000,726000000,-209000000,2083000000,None,270000000,-411000000,-337000000,250000000,341000000,108000000,239000000,None,None,None,55.08,50.08
3,2019-09-30,USD,6355000000,5348000000,3839000000,2516000000,1065000000,1423000000,None,None,684000000,68000000,1466000000,None,1007000000,None,121000000,-633000000,-173000000,-121000000,None,None,None,-633000000,-202000000,None,1428000000,1423000000,None,USD,63895000000,17642000000,None,1176000000,37021000000,26806000000,None,2480000000,None,26345000000,6821000000,20465000000,1206000000,1537000000,17120000000,3253000000,6927000000,-10717000000,8912000000,8630000000,7040000000,-11301000000,None,2492000000,12593000000,2742000000,5322000000,None,None,None,None,None,-20820000000,None,374000000,None,55265000000,429000000,12651000000,2345000000,19901000000,None,None,None,31998000000,None,1537000000,None,1458000000,USD,-468000000,171000000,-468000000,-35000000,474000000,-47000000,60000000,17000000,1423000000,289000000,836000000,None,260000000,-375000000,-203000000,-74000000,-352000000,-609000000,221000000,None,None,None,55.32,55.08
4,2019-06-30,USD,6062000000,5063000000,3593000000,2469000000,1322000000,807000000,None,None,936000000,81000000,1427000000,None,999000000,None,127000000,216000000,-178000000,-127000000,-1000000,None,None,216000000,64000000,None,808000000,807000000,None,USD,63573000000,17943000000,None,966000000,37399000000,26093000000,None,2782000000,None,25348000000,7350000000,20701000000,811000000,1248000000,17798000000,3780000000,7455000000,-10541000000,9187000000,7836000000,7095000000,-12551000000,None,2179000000,11764000000,2731000000,5312000000,None,None,None,None,None,-20684000000,None,412000000,None,55737000000,447000000,11804000000,2387000000,19601000000,None,None,None,31970000000,None,1248000000,None,1458000000,USD,-44000000,-291000000,-267000000,198000000,-284000000,-840000000,271000000,-702000000,807000000,-294000000,581000000,None,259000000,-376000000,-294000000,-109000000,705000000,-88000000,200000000,None,None,None,53.9,55.32
5,2019-03-31,USD,6538000000,5482000000,3945000000,2593000000,1354000000,914000000,None,None,973000000,81000000,1493000000,None,1056000000,None,123000000,189000000,None,-123000000,-1000000,None,None,189000000,40000000,None,920000000,914000000,None,USD,64162000000,17958000000,None,841000000,38253000000,25828000000,None,2728000000,None,24954000000,7588000000,20686000000,819000000,1542000000,17721000000,6983000000,6983000000,-10498000000,9156000000,8539000000,7004000000,-12816000000,None,2781000000,12437000000,2620000000,5566000000,None,None,None,None,None,-20561000000,None,411000000,None,55623000000,470000000,12474000000,2601000000,20532000000,None,None,None,31933000000,None,1542000000,None,1461000000,USD,-223000000,-139000000,-223000000,42000000,1070000000,201000000,157000000,-47000000,914000000,442000000,465000000,None,258000000,-380000000,-646000000,-36000000,-570000000,85000000,265000000,None,None,None,49.92,53.9
6,2018-12-31,USD,6773000000,5839000000,4224000000,2549000000,934000000,823000000,0,0,937000000,76000000,1571000000,None,934000000,0,-128000000,None,None,None,76000000,0,0,111000000,3000000,0,826000000,823000000,None,USD,62729000000,18002000000,None,889000000,37016000000,25637000000,None,2251000000,None,24491000000,7747000000,20725000000,793000000,1100000000,16737000000,3002000000,3002000000,-10630000000,8482000000,7604000000,7123000000,-13090000000,None,3006000000,12531000000,2592000000,5794000000,None,None,None,None,None,-20185000000,None,None,None,None,None,12532000000,None,None,None,None,None,31961000000,None,1100000000,None,1486000000,USD,None,379000000,-22000000,399000000,-1630000000,-2322000000,57000000,66000000,823000000,-273000000,2063000000,None,198000000,-379000000,-2020000000,227000000,487000000,-117000000,285000000,None,None,None,40.03,49.92
7,2018-09-30,USD,6288000000,5402000000,3874000000,2414000000,886000000,1194000000,0,0,1507000000,75000000,1484000000,None,886000000,0,-116000000,None,None,None,0,0,0,310000000,621000000,0,1197000000,1194000000,None,USD,63918000000,18136000000,None,871000000,38386000000,25457000000,None,2245000000,None,24075000000,8026000000,20900000000,751000000,1373000000,15508000000,760000000,760000000,-10642000000,8403000000,8722000000,7006000000,-13579000000,None,3577000000,14852000000,2842000000,5374000000,None,None,None,None,None,-19908000000,None,None,None,None,None,None,None,None,None,None,None,None,None,None,None,1480000000,USD,None,182000000,-161000000,136000000,370000000,-396000000,37000000,211000000,1194000000,127000000,703000000,None,206000000,-330000000,None,-191000000,-342000000,-660000000,278000000,None,None,None,42.96,40.03
8,2018-06-30,USD,6112000000,5467000000,3572000000,2540000000,645000000,426000000,0,0,473000000,84000000,1851000000,None,645000000,-44000000,-120000000,None,None,None,0,-54000000,0,45000000,-172000000,0,428000000,426000000,None,USD,62974000000,18362000000,None,1012000000,37687000000,25203000000,0,2121000000,0,23305000000,7998000000,21002000000,801000000,1246000000,14832000000,1188000000,1188000000,-10526000000,8384000000,8202000000,6223000000,-14161000000,0,3234000000,14857000000,2683000000,5248000000,25287000000,31913000000,0,0,23305000000,-19489000000,None,None,None,None,None,None,None,None,None,None,None,None,None,None,None,1488000000,USD,None,-181000000,-767000000,19000000,1105000000,160000000,28000000,-282000000,426000000,116000000,775000000,None,200000000,-323000000,0,-202000000,525000000,392000000,248000000,None,None,None,41.0,42.96
9,2018-03-31,USD,6765000000,5474000000,3916000000,2849000000,1291000000,938000000,0,0,1251000000,98000000,1514000000,None,1291000000,44000000,-88000000,None,None,None,0,54000000,0,307000000,-40000000,0,944000000,938000000,None,USD,64503000000,18810000000,None,629000000,37953000000,26452000000,0,2308000000,0,23315000000,7975000000,21301000000,883000000,1130000000,16798000000,1520000000,1520000000,-9858000000,8792000000,8370000000,6347000000,-13659000000,38000000,3954000000,13180000000,2620000000,5727000000,26550000000,31876000000,0,0,23315000000,-18881000000,None,None,None,None,None,None,None,None,None,None,None,None,None,None,None,1505000000,USD,None,-144000000,-274000000,10000000,994000000,229000000,89000000,-381000000,938000000,369000000,407000000,None,207000000,-327000000,0,-38000000,-413000000,238000000,284000000,None,None,None,41.73,41.0
10,2017-12-31,USD,6968000000,1822000000,4302000000,2664000000,988000000,802000000,366000000,0,724000000,8000000,1657000000,144000000,844000000,45000000,101000000,None,None,None,0,120000000,0,178000000,-352000000,0,546000000,802000000,None,USD,63109000000,18639000000,None,676000000,36918000000,26111000000,3376000000,2959000000,0,22749000000,4777000000,21085000000,46912000000,761000000,15793000000,4680000000,1683000000,-9998000000,8677000000,7520000000,6345000000,-13613000000,171000000,3526000000,12972000000,2557000000,8154000000,0,0,0,0,22749000000,-18555000000,None,524000000,319000000,55589000000,None,12972000000,4777000000,21125000000,None,None,None,31915000000,63109000000,761000000,None,1531000000,USD,None,398000000,-173000000,120000000,-1038000000,-1713000000,42000000,-956000000,810000000,-90000000,1796000000,1242000000,212000000,-329000000,-388000000,218000000,-24000000,-1447000000,293000000,363000000,7000000,-83000000,42.8,41.73
11,2017-09-30,USD,6717000000,1558000000,3978000000,2552000000,1265000000,992000000,0,0,1162000000,1000000,1330000000,84000000,1181000000,45000000,89000000,None,None,None,0,183000000,0,272000000,110000000,0,890000000,992000000,None,USD,63291000000,18638000000,None,617000000,37192000000,26031000000,4664000000,2831000000,0,22296000000,3575000000,21071000000,46598000000,844000000,16035000000,5715000000,1595000000,-9917000000,8538000000,8155000000,6060000000,-13678000000,198000000,3913000000,12918000000,2781000000,7489000000,26099000000,0,0,0,22296000000,-18234000000,None,497000000,332000000,55136000000,None,12918000000,3575000000,21157000000,None,None,None,31886000000,63291000000,844000000,None,1524000000,USD,None,46000000,158000000,391000000,-278000000,-1272000000,11000000,189000000,993000000,-579000000,535000000,147000000,209000000,-288000000,-717000000,-55000000,0,-265000000,233000000,-540000000,26000000,-553000000,40.66,42.8
12,2017-06-30,USD,5983000000,1680000000,3662000000,2324000000,584000000,498000000,0,0,517000000,2000000,1449000000,-57000000,641000000,44000000,103000000,None,None,None,0,187000000,0,84000000,114000000,0,433000000,498000000,None,USD,62757000000,18514000000,None,778000000,36965000000,25720000000,4587000000,2819000000,0,21648000000,3589000000,20915000000,46120000000,1397000000,15563000000,5555000000,19042000000,-10217000000,8444000000,8193000000,5853000000,-13709000000,270000000,3308000000,13226000000,2710000000,7189000000,25792000000,0,0,0,21648000000,-17571000000,None,491000000,347000000,54564000000,None,13226000000,3589000000,21402000000,None,None,None,31860000000,62757000000,1397000000,None,1539000000,USD,None,-155000000,1000000,183000000,49000000,-754000000,94000000,-408000000,500000000,66000000,819000000,-240000000,195000000,-289000000,-608000000,-86000000,153000000,-2000000,182000000,607000000,24000000,90000000,43.19,40.66
13,2017-03-31,USD,6414000000,1685000000,3889000000,2525000000,787000000,630000000,0,0,721000000,3000000,1475000000,-53000000,840000000,44000000,103000000,None,None,None,0,166000000,0,154000000,-119000000,0,567000000,630000000,None,USD,62076000000,18297000000,None,641000000,36357000000,25658000000,4676000000,2397000000,0,21468000000,3718000000,20515000000,45284000000,1307000000,15057000000,5468000000,5468000000,-10564000000,8377000000,8415000000,5594000000,-13154000000,170000000,3864000000,12906000000,2603000000,7192000000,25719000000,0,0,0,21468000000,-17072000000,None,519000000,359000000,53661000000,None,12906000000,3718000000,21300000000,None,None,None,31826000000,62076000000,1307000000,None,1550000000,USD,None,-921000000,-287000000,19000000,1071000000,378000000,60000000,126000000,633000000,-466000000,-557000000,-151000000,200000000,-292000000,-461000000,-95000000,0,231000000,306000000,-454000000,32000000,-434000000,43.08,43.19
14,2016-12-31,USD,6770000000,22528000000,4010000000,10132000000,913000000,93000000,376000000,0,15000000,-230000000,1625000000,None,927000000,44000000,115000000,None,None,None,0,402000000,0,74000000,-1642000000,0,-371000000,93000000,None,USD,61538000000,18101000000,None,800000000,36323000000,25161000000,4721000000,2636000000,0,21149000000,3968000000,20276000000,44829000000,1741000000,14417000000,3982000000,1489000000,-11122000000,8229000000,8480000000,5585000000,-13216000000,133000000,3470000000,13217000000,2469000000,7799000000,0,0,0,0,21149000000,-16713000000,None,509000000,358000000,53058000000,None,13217000000,3968000000,21906000000,None,None,None,31847000000,61538000000,1741000000,None,1573000000,USD,None,878000000,-508000000,-193000000,88000000,-1032000000,47000000,-708000000,93000000,160000000,1700000000,-485000000,208000000,-293000000,-874000000,183000000,31000000,527000000,315000000,296000000,-105000000,55000000,44.33,43.08
15,2016-09-30,USD,6396000000,1786000000,3908000000,2488000000,588000000,548000000,0,0,557000000,277000000,1552000000,-114000000,702000000,44000000,129000000,None,None,None,0,190000000,0,40000000,-87000000,0,517000000,548000000,None,USD,63265000000,18721000000,None,479000000,35688000000,27509000000,4762000000,2669000000,0,21366000000,3864000000,20751000000,45945000000,1686000000,13957000000,4001000000,4001000000,-9699000000,8465000000,8855000000,5717000000,-11963000000,16000000,3914000000,13105000000,2776000000,7287000000,27577000000,0,0,0,21366000000,-15963000000,None,467000000,289000000,54410000000,None,13105000000,3864000000,21731000000,None,None,None,31805000000,63265000000,1686000000,None,1576000000,USD,None,367000000,-16000000,289000000,-207000000,-858000000,28000000,56000000,548000000,-73000000,801000000,32000000,207000000,-264000000,-415000000,-58000000,0,-57000000,305000000,-238000000,4000000,-69000000,43.9,44.33
16,2016-06-30,USD,6302000000,1878000000,3786000000,2516000000,589000000,464000000,0,0,487000000,7000000,1668000000,-49000000,638000000,44000000,135000000,None,None,None,0,166000000,0,118000000,337000000,0,369000000,464000000,None,USD,63271000000,18781000000,None,592000000,35595000000,27592000000,4801000000,2545000000,0,21127000000,4220000000,20741000000,45867000000,1755000000,12996000000,3702000000,3702000000,-9768000000,8425000000,8979000000,5618000000,-11930000000,0,3919000000,13578000000,2713000000,6749000000,27676000000,0,0,0,21127000000,-15538000000,None,457000000,270000000,54292000000,None,13578000000,4220000000,22599000000,None,None,None,31771000000,63271000000,1755000000,None,1576000000,USD,None,-178000000,-189000000,80000000,116000000,-179000000,98000000,9000000,471000000,423000000,791000000,-104000000,201000000,-268000000,-125000000,14000000,0,10000000,269000000,377000000,-6000000,417000000,45.51,43.9
17,2016-03-31,USD,6455000000,1813000000,3920000000,2535000000,606000000,554000000,0,0,478000000,3000000,1615000000,-116000000,722000000,44000000,233000000,None,None,None,0,154000000,0,49000000,-244000000,0,429000000,554000000,None,USD,63975000000,19094000000,None,590000000,36113000000,27770000000,4738000000,2468000000,0,20970000000,4397000000,20977000000,46432000000,1338000000,13178000000,3599000000,3599000000,-9381000000,8534000000,9009000000,5630000000,-12301000000,23000000,4325000000,13800000000,2756000000,7111000000,27862000000,27862000000,27862000000,27862000000,20970000000,-15533000000,None,450000000,281000000,54966000000,None,13800000000,4397000000,22935000000,None,None,None,31714000000,63975000000,1338000000,None,1587000000,USD,None,-598000000,-316000000,19000000,1707000000,207000000,-44000000,14000000,557000000,-563000000,-454000000,-211000000,207000000,-269000000,-1187000000,-77000000,0,72000000,335000000,-404000000,31000000,-532000000,40.12,45.51
18,2015-12-31,USD,7051000000,3079000000,4529000000,2835000000,-684000000,-729000000,409000000,0,-756000000,13000000,2680000000,-127000000,-557000000,44000000,148000000,None,None,None,0,355000000,0,32000000,4228000000,0,-788000000,-729000000,None,USD,62843000000,18768000000,None,633000000,34743000000,28012000000,4750000000,2713000000,0,20700000000,4514000000,20664000000,45523000000,1870000000,10922000000,841000000,690000000,-9986000000,8362000000,8958000000,5387000000,-11420000000,22000000,3846000000,14557000000,2609000000,7368000000,28100000000,28100000000,28100000000,28100000000,20700000000,-14462000000,None,704000000,None,53885000000,None,14557000000,4514000000,23821000000,None,None,None,31760000000,62843000000,1870000000,None,1637000000,USD,-544000000,304000000,-811000000,-475000000,-741000000,-1613000000,19000000,-31000000,-716000000,-108000000,2316000000,-35000000,231000000,-272000000,-619000000,265000000,44000000,1355000000,336000000,912000000,-61000000,-169000000,44.84,40.12
19,2015-09-30,USD,13971000000,1990000000,4009000000,2670000000,7616000000,7266000000,0,0,7616000000,2000000,1669000000,-186000000,7802000000,45000000,139000000,None,None,None,0,155000000,0,348000000,200000000,0,7340000000,7266000000,None,USD,66390000000,19115000000,None,638000000,36438000000,29868000000,5137000000,2937000000,0,21707000000,4635000000,20963000000,45652000000,2039000000,13637000000,3330000000,None,-9609000000,8564000000,12174000000,4895000000,-10210000000,40000000,6468000000,13029000000,3029000000,7370000000,29952000000,29952000000,29952000000,29952000000,21707000000,-13957000000,None,679000000,None,54216000000,None,13029000000,4635000000,22801000000,None,None,None,31727000000,66390000000,2039000000,None,1629000000,USD,-185000000,1250000000,2877000000,3450000000,-2893000000,-4270000000,32000000,None,7266000000,-255000000,841000000,-7000000,206000000,-241000000,-871000000,-133000000,0,-7018000000,388000000,-725000000,-106000000,-361000000,41.83,44.84
