,fiscalDateEnding,reportedCurrency_x,totalRevenue,totalOperatingExpense,costOfRevenue,grossProfit,ebit,netIncome_x,researchAndDevelopment,effectOfAccountingCharges,incomeBeforeTax,minorityInterest,sellingGeneralAdministrative,otherNonOperatingIncome,operatingIncome,otherOperatingExpense,interestExpense,taxProvision,interestIncome,netInterestIncome,extraordinaryItems,nonRecurring,otherItems,incomeTaxExpense,totalOtherIncomeExpense,discontinuedOperations,netIncomeFromContinuingOperations,netIncomeApplicableToCommonShares,preferredStockAndOtherAdjustments,reportedCurrency_y,totalAssets,intangibleAssets,earningAssets,otherCurrentAssets,totalLiabilities,totalShareholderEquity,deferredLongTermLiabilities,otherCurrentLiabilities,commonStock,retainedEarnings,otherLiabilities,goodwill,otherAssets,cash,totalCurrentLiabilities,shortTermDebt,currentLongTermDebt,otherShareholderEquity,propertyPlantEquipment,totalCurrentAssets,longTermInvestments,netTangibleAssets,shortTermInvestments,netReceivables,longTermDebt,inventory,accountsPayable,totalPermanentEquity,additionalPaidInCapital,commonStockTotalEquity,preferredStockTotalEquity,retainedEarningsTotalEquity,treasuryStock,accumulatedAmortization,otherNonCurrrentAssets,deferredLongTermAssetCharges,totalNonCurrentAssets,capitalLeaseObligations,totalLongTermDebt,otherNonCurrentLiabilities,totalNonCurrentLiabilities,negativeGoodwill,warrants,preferredStockRedeemable,capitalSurplus,liabilitiesAndShareholderEquity,cashAndShortTermInvestments,accumulatedDepreciation,commonStockSharesOutstanding,reportedCurrency,investments,changeInLiabilities,cashflowFromInvestment,otherCashflowFromInvestment,netBorrowings,cashflowFromFinancing,otherCashflowFromFinancing,changeInOperatingActivities,netIncome_y,changeInCash,operatingCashflow,otherOperatingCashflow,depreciation,dividendPayout,stockSaleAndPurchase,changeInInventory,changeInAccountReceivables,changeInNetIncome,capitalExpenditures,changeInReceivables,changeInExchangeRate,changeInCashAndCashEquivalents,clossingVal,nextClossingVal
0,2020-06-30,USD,4027000,6732000,2809000,1217000,-2435000,-3096000,1612000,None,-3096000,None,2311000,None,-2706000,None,390000,None,None,-390000,None,None,None,None,None,None,-3096000,-3096000,None,USD,34616000,None,None,None,24484000,10132000,None,1321000,75000,-131317000,12834000,None,None,None,9784000,None,None,-16000,4412000,29808000,None,9736000,None,3492000,None,1934000,2423000,None,None,None,None,None,None,None,None,None,4808000,1866000,None,11379000,14700000,None,None,None,None,None,None,None,None,USD,7542000,-1004000,7542000,39000,-153000,-153000,None,-250000,-3096000,4631000,-2815000,None,271000,None,None,65000,444000,755000,100000,None,None,None,2.97,
1,2020-03-31,USD,4438000,6644000,3208000,1230000,-1699000,-2461000,1719000,None,-2461000,None,1717000,None,-2206000,None,494000,None,239000,-255000,None,None,None,None,None,None,-2461000,-2461000,None,USD,37798000,413000,None,174000,24909000,12889000,None,1417000,75000,-128221000,12321000,None,None,7981000,10683000,None,None,-9000,4530000,32855000,None,12476000,None,3540000,None,2004000,3423000,None,None,None,None,None,None,None,4943000,None,4943000,1905000,1905000,11039000,14226000,None,None,None,141044000,None,27137000,None,27000000,USD,2851000,-645000,2851000,3000,-160000,-226000,-66000,52000,-2461000,739000,-1803000,None,268000,None,None,-391000,897000,477000,144000,None,None,None,1.57,2.97
2,2019-12-31,USD,5442000,8586000,3647000,1795000,-4345000,-3443000,1738000,None,-3526000,None,2823000,None,-3144000,-1041000,-938000,None,-382000,-504000,83000,None,None,None,-1554000,83000,-3526000,-3443000,None,USD,40590000,429000,None,180000,25421000,15169000,None,569000,75000,-125760000,13042000,None,6000,7242000,10373000,None,None,-17000,4533000,35622000,None,14740000,22036000,4107000,None,1613000,4067000,None,None,None,None,None,None,None,4968000,None,4968000,2006000,2006000,11664000,15048000,None,None,None,140871000,None,29278000,None,27000000,USD,2424000,1205000,2424000,-202000,-729000,-729000,-66000,615000,-3443000,-501000,-2295000,None,301000,None,None,-193000,402000,-1182000,329000,None,None,None,3.1,1.57
3,2019-09-30,USD,5140000,7862000,4414000,726000,-2426000,-208000,1352000,None,-2964000,None,1956000,None,-2722000,140000,-389000,None,-242000,-242000,2756000,None,None,None,-242000,2756000,-2964000,-208000,None,USD,44314000,446000,None,178000,25996000,18318000,None,3050000,75000,-122317000,13170000,None,14000,7743000,10811000,None,None,-8000,4423000,39431000,None,17872000,24935000,5156000,None,1419000,2863000,None,None,None,None,None,None,None,4883000,None,4883000,2015000,2015000,11720000,15185000,None,None,None,140568000,None,32678000,None,27000000,USD,-11959000,-1207000,-11959000,-947000,411000,-158000,-569000,2735000,-208000,-16924000,-4785000,None,296000,None,None,114000,-3946000,-2569000,30000,None,None,None,3.2,3.1
4,2019-06-30,USD,20746000,6808000,3481000,17265000,14308000,12716000,172000,None,12716000,None,2343000,None,13938000,812000,1314000,None,92000,-1222000,50000,None,None,None,-1222000,2756000,12716000,12716000,None,USD,49875000,462000,None,175000,31696000,18179000,None,896000,75000,-122109000,18816000,None,19000,24667000,10858000,None,None,-23000,4498000,44896000,None,17717000,13870000,570000,None,1535000,4073000,None,None,None,None,None,None,None,4979000,None,4979000,2022000,2022000,11331000,20838000,None,None,None,140236000,None,38712000,None,27000000,USD,232000,1076000,232000,14000,-157000,91000,248000,2559000,12716000,17533000,17265000,None,278000,None,None,-62000,-318000,1016000,194000,None,None,None,3.38,3.2
5,2019-03-31,USD,461000,4040000,307000,154000,-3244000,-4110000,1279000,None,-4160000,None,2365000,None,-3579000,89000,642000,None,-581000,-581000,50000,None,None,None,-520000,50000,-4160000,-4110000,None,USD,34792000,479000,None,172000,29651000,5141000,None,2018000,75000,-134825000,20156000,None,17000,7134000,7452000,2018000,2018000,-21000,4569000,29727000,None,4662000,14211000,244000,2043000,1472000,2996000,None,None,None,None,None,None,None,5065000,None,5065000,2043000,2043000,12683000,22199000,None,None,None,139912000,None,21345000,None,27000000,USD,2356000,281000,2356000,2595000,-155000,-210000,-55000,714000,-4110000,418000,-1846000,None,274000,None,None,208000,309000,478000,239000,None,None,None,5.0,3.38
6,2018-12-31,USD,992000,3112000,692000,300000,-2120000,10603000,278000,0,5995000,0,2190000,None,-2120000,-48000,-642000,None,None,None,4608000,0,0,0,8115000,4608000,5995000,10603000,None,USD,35276000,495000,None,2613000,26304000,8972000,None,423000,75000,-130715000,21407000,None,48000,6716000,4897000,None,None,-25000,2020000,32713000,None,8477000,16828000,4744000,None,1680000,2715000,None,None,None,None,None,None,None,None,None,None,None,None,None,None,None,None,None,139637000,None,23633000,None,27000000,USD,4004000,-847000,3935000,62000,-155000,-210000,-55000,1243000,10603000,1849000,-2005000,None,130000,None,None,62000,103000,-13299000,131000,None,None,None,4.06,5.0
7,2018-09-30,USD,858000,3098000,386000,472000,-2240000,-2944000,1065000,0,-2944000,0,1647000,None,-2240000,-48000,-821000,None,None,None,0,0,0,0,-704000,4608000,-2944000,-2944000,None,USD,34757000,512000,None,None,36535000,-1778000,None,2325000,75000,-141318000,30647000,None,57000,4867000,5888000,None,None,-29000,2004000,32184000,None,-2290000,20871000,4704000,7850000,1742000,3563000,None,None,None,None,None,None,None,None,None,None,None,None,None,None,None,None,None,None,None,None,None,27000000,USD,549000,237000,513000,42000,-155000,16000,16000,198000,-2944000,-792000,-1329000,None,142000,None,None,129000,107000,802000,78000,None,None,None,6.15,4.06
8,2018-06-30,USD,1031000,4317000,629000,402000,-3286000,-4165000,1536000,0,-4165000,0,2090000,None,-3286000,62000,-994000,None,None,None,0,0,0,0,-879000,4608000,-4165000,-4165000,None,USD,36743000,528000,None,None,35713000,1030000,None,2339000,75000,-138374000,30047000,None,65000,5659000,5666000,None,None,-30000,2051000,34099000,None,502000,21345000,5224000,7793000,1871000,3327000,None,None,None,None,None,None,None,None,None,None,None,None,None,None,None,None,None,None,None,None,None,27000000,USD,1680000,-51000,1472000,2000,-155000,16000,16000,-2197000,-4165000,-4332000,-5687000,None,170000,None,None,149000,-494000,901000,197000,None,None,None,6.9,6.15
9,2018-03-31,USD,520000,3634000,381000,139000,-3114000,-4551000,1193000,0,-4551000,0,2060000,None,-3114000,62000,-904000,None,None,None,0,0,0,0,-1437000,4608000,-4551000,-4551000,None,USD,40800000,592000,None,None,35772000,5028000,None,2914000,75000,-134209000,29478000,None,54000,9991000,6294000,None,None,-48000,1949000,38205000,None,4436000,22912000,3282000,7577000,2020000,3380000,None,None,None,None,None,None,None,None,None,None,None,None,None,None,None,None,None,None,None,None,None,27000000,USD,-22845000,125000,-22961000,2000,None,30000,30000,289000,-4551000,-26078000,-3131000,None,135000,None,None,-134000,73000,932000,116000,None,None,None,5.2,6.9
10,2017-12-31,USD,530000,17224000,279000,723000,-14633000,-15755000,1183000,0,-15639000,0,3638000,None,-14633000,-62000,-941000,None,None,None,0,0,0,0,-1006000,-7616000,-15639000,-15755000,None,USD,44135000,635000,None,129000,34515000,9620000,988000,2125000,75000,-129409000,21702000,None,691000,36069000,5433000,2182000,2182000,-38000,1924000,41520000,None,8985000,None,1261000,7380000,1886000,3251000,None,None,None,None,None,None,None,None,None,None,None,None,None,None,None,None,None,None,None,None,None,23000000,USD,1163000,-135000,437000,319000,None,22995000,330000,-1297000,-22149000,7203000,-16455000,None,567000,None,22665000,-1042000,28000,7573000,1045000,None,None,None,4.45,5.2
11,2017-09-30,USD,739000,2975000,210000,392000,-2677000,-10560000,844000,0,-3060000,0,3198000,None,-2677000,62000,-38000,None,None,None,0,0,0,0,-383000,-7500000,-3060000,-10560000,None,USD,49011000,649000,None,None,37226000,11785000,None,9690000,75000,-127040000,16852000,None,709000,25402000,12979000,None,None,-28000,1834000,46468000,None,11136000,15191000,4238000,7395000,1637000,3289000,None,None,None,None,None,None,None,None,None,None,None,None,None,None,None,None,None,None,None,None,None,22000000,USD,3000000,1164000,2526000,52000,None,23129000,365000,-1140000,-11004000,22627000,-3052000,None,128000,None,22799000,-514000,16000,8298000,864000,None,None,None,5.35,4.45
12,2017-06-30,USD,687000,-8219000,338000,-397000,7286000,8480000,1664000,0,8480000,0,3906000,None,7286000,0,366000,None,None,None,0,0,0,0,1194000,15000000,8480000,8480000,None,USD,27320000,685000,None,None,27676000,-356000,None,2115000,60000,-116036000,16287000,None,760000,2775000,4236000,None,None,-26000,1425000,25135000,None,-1041000,18147000,3089000,7153000,1124000,2121000,None,None,None,None,None,None,None,None,None,None,None,None,None,None,None,None,None,None,None,None,None,22000000,USD,3007000,-2487000,2850000,27000,None,-63000,-65000,1884000,-4462000,-1376000,-4239000,None,146000,None,2000,-132000,-201000,1013000,365000,None,None,None,6.8,5.35
13,2017-03-31,USD,540000,4203000,184000,200000,-3663000,-4314000,1771000,0,-4314000,0,3863000,None,-3663000,0,-214000,None,None,None,0,0,0,0,-651000,-7500000,-4314000,-4314000,None,USD,31626000,729000,None,None,27845000,3781000,None,2355000,60000,-111574000,15761000,None,773000,4151000,5087000,None,None,-12000,1357000,29496000,None,3052000,21078000,3276000,6997000,991000,2732000,None,None,None,None,None,None,None,None,None,None,None,None,None,None,None,None,None,None,None,None,None,22000000,USD,-19844000,1277000,-20025000,15000,None,28000,28000,-2620000,-4314000,-24715000,-4759000,None,156000,None,2000,-147000,-40000,929000,196000,None,None,None,6.6,6.8
14,2016-12-31,USD,430000,16251000,652000,-644000,-15211000,-13174000,783000,0,-18885000,0,4082000,None,-15211000,0,-626000,None,None,None,0,0,0,0,1270000,-7616000,-18885000,-18885000,None,USD,35764000,773000,None,224000,27994000,7770000,1023000,3875000,60000,-107260000,15775000,None,876000,28866000,5380000,2060000,2060000,-9000,1276000,33612000,None,6997000,1163000,1562000,6839000,844000,1456000,None,None,None,None,None,None,None,None,None,None,None,None,None,None,None,None,None,None,None,None,None,22000000,USD,2110000,331000,1816000,377000,None,907000,900000,-979000,-18885000,-13636000,-16445000,None,589000,None,7000,873000,-107000,-131000,671000,None,None,None,4.5792,6.6
15,2016-09-30,USD,518000,-1538000,341000,44000,2056000,2289000,2355000,0,0,0,4988000,None,2056000,0,779000,None,None,None,0,0,0,0,0,0,0,0,None,USD,39921000,831000,None,1000000,31049000,8872000,None,3950000,60000,-105371000,18431000,None,934000,5182000,4981000,None,None,None,1362000,37625000,None,None,28774000,2606000,7637000,1063000,1031000,None,None,None,None,None,None,None,None,None,None,None,None,None,None,None,None,None,None,None,None,None,22000000,USD,None,None,-1703000,45000,None,660000,-1501000,-628000,-5711000,-5412000,-4370000,None,133000,None,None,642000,180000,None,642000,None,None,None,7.7,4.5792
16,2016-06-30,USD,356000,7000000,295000,0,-7000000,-8000000,2937000,0,0,0,6631000,None,-7000000,0,-1000000,None,None,None,0,0,0,0,0,0,0,0,None,USD,44345000,853000,None,1000000,30376000,13969000,None,3824000,60000,-100000000,17759000,None,982000,10594000,5395000,None,None,None,1270000,42000000,None,None,27166000,3000000,7222000,1160000,1571000,None,None,None,None,None,None,None,None,None,None,None,None,None,None,None,None,None,None,None,None,None,22000000,USD,None,442000,5000000,41000,None,1000000,6000000,2000000,-8000000,2000000,-4000000,None,None,None,None,546000,None,None,440000,None,None,None,7.89,7.7
17,2016-03-31,USD,254000,0,281000,0,0,0,993000,0,0,0,3854000,None,0,0,0,None,None,None,0,0,0,0,0,0,0,0,None,USD,48684000,874000,None,None,28120000,20564000,None,3144000,60000,None,16142000,None,1009000,9026000,4959000,None,None,None,1267000,None,None,None,32565000,None,7019000,1534000,1815000,None,None,None,None,None,None,None,None,None,None,None,None,None,None,None,None,None,None,None,None,None,22000000,USD,None,685000,None,9000,None,None,None,None,None,None,None,None,None,None,None,169000,None,None,327000,None,None,None,8.07,7.89
18,2015-12-31,USD,267000,21828000,536000,-1918000,-21227000,-22088000,2294000,0,-21671000,0,6408000,None,-21227000,0,-844000,None,None,None,0,0,0,0,-444000,-417000,-21671000,-22088000,None,USD,52523000,896000,None,205000,29053000,23470000,1023000,4055000,60000,-88375000,16572000,None,1088000,42502000,5206000,4083000,4083000,-16000,1040000,50395000,None,22574000,3266000,1907000,7275000,1715000,1123000,None,None,None,None,None,None,None,None,None,None,None,None,None,None,None,None,None,None,None,None,None,22000000,USD,36165000,33000,36046000,257000,None,778000,752000,696000,-22088000,17080000,-19601000,None,503000,None,26000,-273000,-181000,1709000,376000,None,None,None,8.54,8.07
19,2015-09-30,USD,102000,0,704000,0,0,0,836000,0,0,0,3641000,None,0,0,0,None,None,None,0,0,0,0,0,0,0,0,None,USD,55813000,887000,None,None,25263000,30550000,None,2121000,60000,None,15728000,None,1121000,24550000,3374000,None,None,None,1096000,None,None,None,25398000,None,6161000,1639000,1253000,None,None,None,None,None,None,None,None,None,None,None,None,None,None,None,None,None,None,None,None,None,22000000,USD,None,48000,13962000,84000,None,135000,None,None,None,None,None,None,None,None,None,None,63000,None,298000,None,None,None,7.63,8.54
