,fiscalDateEnding,reportedCurrency_x,totalRevenue,totalOperatingExpense,costOfRevenue,grossProfit,ebit,netIncome_x,researchAndDevelopment,effectOfAccountingCharges,incomeBeforeTax,minorityInterest,sellingGeneralAdministrative,otherNonOperatingIncome,operatingIncome,otherOperatingExpense,interestExpense,taxProvision,interestIncome,netInterestIncome,extraordinaryItems,nonRecurring,otherItems,incomeTaxExpense,totalOtherIncomeExpense,discontinuedOperations,netIncomeFromContinuingOperations,netIncomeApplicableToCommonShares,preferredStockAndOtherAdjustments,reportedCurrency_y,totalAssets,intangibleAssets,earningAssets,otherCurrentAssets,totalLiabilities,totalShareholderEquity,deferredLongTermLiabilities,otherCurrentLiabilities,commonStock,retainedEarnings,otherLiabilities,goodwill,otherAssets,cash,totalCurrentLiabilities,shortTermDebt,currentLongTermDebt,otherShareholderEquity,propertyPlantEquipment,totalCurrentAssets,longTermInvestments,netTangibleAssets,shortTermInvestments,netReceivables,longTermDebt,inventory,accountsPayable,totalPermanentEquity,additionalPaidInCapital,commonStockTotalEquity,preferredStockTotalEquity,retainedEarningsTotalEquity,treasuryStock,accumulatedAmortization,otherNonCurrrentAssets,deferredLongTermAssetCharges,totalNonCurrentAssets,capitalLeaseObligations,totalLongTermDebt,otherNonCurrentLiabilities,totalNonCurrentLiabilities,negativeGoodwill,warrants,preferredStockRedeemable,capitalSurplus,liabilitiesAndShareholderEquity,cashAndShortTermInvestments,accumulatedDepreciation,commonStockSharesOutstanding,reportedCurrency,investments,changeInLiabilities,cashflowFromInvestment,otherCashflowFromInvestment,netBorrowings,cashflowFromFinancing,otherCashflowFromFinancing,changeInOperatingActivities,netIncome_y,changeInCash,operatingCashflow,otherOperatingCashflow,depreciation,dividendPayout,stockSaleAndPurchase,changeInInventory,changeInAccountReceivables,changeInNetIncome,capitalExpenditures,changeInReceivables,changeInExchangeRate,changeInCashAndCashEquivalents,clossingVal,nextClossingVal
0,2020-06-30,USD,90332000,76403000,None,90332000,13939000,10379000,57627000,None,13385000,None,72379000,10000,13929000,4024000,554000,3006000,7000,-547000,None,None,None,3006000,-1332000,None,10379000,10379000,None,USD,292601000,24947000,None,6464000,79560000,213041000,3529000,6193000,73000,-223694000,3091000,156749000,14316000,47644000,43109000,3500000,3500000,-1683000,9251000,87338000,None,31345000,None,33230000,28672000,None,33416000,None,None,73000,None,-223694000,None,None,9951000,None,13616000,6723000,28672000,4250000,36451000,None,None,None,438345000,292601000,47644000,None,72792571,USD,-146000,6037000,-146000,None,-870000,-4000,-557000,-721000,10379000,15404000,15554000,111000,3021000,None,1423000,None,-10081000,6087000,146000,-10081000,None,15404000,6.24,
1,2020-03-31,USD,55066000,56605000,None,55066000,-1639000,-2408000,37671000,None,-2035000,None,50415000,-100000,-1539000,6190000,396000,373000,13000,-383000,None,None,None,373000,-3483000,None,-2408000,-2408000,None,USD,271780000,26945000,None,5820000,73691000,198089000,3365000,6099000,71000,-234073000,2888000,155693000,17061000,32110000,36032000,3500000,3500000,-2531000,10185000,61896000,None,15451000,None,23966000,29523000,None,26433000,None,None,71000,None,-234073000,None,None,11035000,None,16211000,7307000,29523000,4771000,37659000,None,None,None,434622000,271780000,32110000,None,71185492,USD,-87000,-638000,-87000,None,-880000,-467000,-86000,768000,-2408000,4997000,5551000,1306000,2940000,None,499000,None,944000,3407000,87000,944000,None,4997000,5.87,6.24
2,2019-12-31,USD,57566409,49768994,None,57566409,7854141,4881595,32578254,None,7584520,None,47052194,56726,7797415,3051681,269621,2702925,18254,-251367,None,-334881,None,2702925,373353,None,4881595,4881595,None,USD,272721000,29305000,None,6062000,75481000,197240000,4224000,5965000,71000,-231441000,5118000,156687000,17533000,27241000,34911000,3510000,3500000,-2349000,10659000,58537000,None,11248000,None,25234000,30375000,None,25436000,None,None,71000,None,-231441000,None,None,11959000,None,16233000,7168000,30375000,5971000,40570000,None,None,None,430959000,272721000,27241000,None,70756013,USD,-357005,-1033931,-357005,-75,-928667,-11109995,-684,-977628,4881595,-504215,10962785,-517036,3160618,None,-10180644,None,-1389915,5861454,356930,-1389915,None,-504215,5.01,5.87
3,2019-09-30,USD,52621250,48337648,None,52621250,4327709,2990980,30573574,None,4027390,None,44642019,44107,4283602,3451197,300319,1036410,28752,-271567,None,244432,None,1036410,-229077,None,2990980,2990980,None,USD,269090670,31444141,None,191929067,70133401,198957269,636612,6222181,72834,-226077248,1507696,155307593,16922090,27488790,34465349,3500000,3500000,-3145302,3832875,56588172,None,198957269,None,40844139,31251928,None,24743168,None,None,72834,None,-226077248,None,None,4995799,None,8828674,5059370,31251928,3779512,35668052,None,None,None,428106985,269090670,27488790,None,72834032,USD,-470345,-60199,-470345,-11807930,1865758,-10391315,-125170,2839544,2990980,1824743,12686403,2957571,3571254,None,-12257073,None,-535285,3762082,470345,-535285,None,1824743,3.275,5.01
4,2019-06-30,USD,52000104,48557236,None,52000104,3467306,2203826,30149797,None,3139110,None,45101764,24438,3442868,3430018,328196,935284,27605,-300591,None,25454,None,935284,-28621,None,2203826,2203826,None,USD,274928702,34648534,None,198100306,68530457,206398245,231092,6981662,76228,-216814600,1075886,157388320,16902316,26052704,46415433,15000000,15000000,-1939127,4027033,56463309,368,206398245,None,41249837,17681962,None,24433771,None,None,76228,None,-216814600,None,None,5498822,None,9525855,5658137,17681962,4201970,22115024,None,None,None,425075744,274928702,26052704,None,76227583,USD,-405084,-1011311,-405084,-11807930,-3786622,-4046827,-281933,290072,2203826,6151986,10603897,784083,3485984,None,21728,None,1226781,3914534,405084,1226781,None,6151986,3.48,3.275
5,2019-03-31,USD,49513237,47569122,None,49513237,1914844,1257599,31123375,None,1511980,None,43892023,-29271,1944115,3198104,402864,254380,-435680,-370475,None,478995,None,254381,-540655,None,1257599,1257599,None,USD,271384598,37240030,None,199866732,70158817,201225781,None,6302327,75272,-219018426,825584,156698030,17997880,19811733,45967310,15000000,15000000,-2302634,4262868,51823013,11764,201225781,None,44080484,21375996,None,24664983,None,None,75272,None,-219018426,None,None,3362781,None,7625649,3555446,21375996,2815511,24191507,None,None,None,422471569,271384598,19811733,None,75270035,USD,-12090566,-5008559,-12090566,-11807925,-357469,234137,-89383,-773988,1257599,-8493514,3362915,6382,3236144,None,680989,None,1187419,2683930,282641,1187419,None,-8493514,5.03,3.48
6,2018-12-31,USD,52457904,47625240,0,52457904,4760117,4293390,30109925,0,4276294,0,44172511,-72547,4832664,3217169,483823,None,None,None,0,235560,0,26863,-791930,0,4249431,4293390,None,USD,267852169,36558439,None,4911057,70631343,197220826,940216,4620690,74700,-220276025,979867,148132873,18048472,28365725,51504837,18700651,18566584,-2033667,4633764,60425266,53355,12529514,None,27148484,18087956,None,28183496,None,None,74700,None,-220276025,None,None,2453255,None,15648572,58683,18146639,39651,19126506,None,None,None,419455818,267852169,28365725,None,74697526,USD,None,3080372,-2103333,None,-3779305,-2153803,-113142,-446852,4293390,6140316,10397452,-646818,3283072,None,1738644,None,-2821878,3209314,2103333,-2821878,None,6140316,4.63,5.03
7,2018-09-30,USD,45716053,43666752,39826000,45716053,2053422,1297931,26134682,0,1494077,0,39826682,4121,2049301,3423929,559345,None,None,None,0,416141,0,200000,-971365,0,1294077,1297931,None,USD,261792791,39345358,None,193289653,72523664,189269127,1822202,4820137,73534,-224569415,1936829,148863242,18651143,22322387,45173790,15152131,15000000,-1807615,3253213,51478816,201019,189269127,0,42927538,25338637,0,25201522,0,0,73534,0,-224569415,0,None,None,None,3253213,74408,25413045,114627,27349874,None,None,None,415572623,261792791,22322387,None,73534370,USD,None,2070291,-148055,0,-8129089,-7537205,-7,100707,1297931,915094,8600354,-88294,3520989,0,591891,0,-839026,2638463,148055,-839026,None,915094,4.95,4.63
8,2018-06-30,USD,42801745,41860659,37320000,42801745,976615,-235272,24411288,0,305321,0,37318877,35529,941086,3505180,671294,None,None,None,0,1036602,0,540593,-1672367,0,-235272,-235272,None,USD,263739373,42342822,None,196823573,78984987,184754386,2126536,5006501,73118,-225867346,2240876,149227248,18268204,21422457,43332636,15187606,15000000,-1665345,3632350,50042901,225848,184754386,0,41860993,33301419,0,23138529,0,0,73118,0,-225867346,0,None,None,None,3632350,110056,33411475,114340,35652351,None,None,None,412213959,263739373,21422457,None,73121962,USD,None,1346486,-83749,0,-3818726,-8799830,-5213520,-1632803,-235272,-6720633,2162946,-946471,3582966,0,232416,0,-3846059,2261296,83749,-3846059,None,-6720633,4.48,4.95
9,2018-03-31,USD,37637793,41598262,34618000,37637793,-3857162,-4212661,22101537,0,-4464848,0,34618708,103307,-3960469,3629603,607686,None,None,None,0,3349951,0,-300000,-3854330,0,-4164848,-4212661,None,USD,272552144,46094182,None,201697836,88746073,183806071,4512878,5225506,72104,-225632074,4626929,152185979,18165176,28469456,46988146,15227678,15000000,-739166,4149034,51752305,205468,183806071,0,38235818,36973633,0,26534962,0,0,72104,0,-225632074,0,None,None,None,4149034,157365,37130998,114051,41757927,None,None,None,410105207,272552144,28469456,None,72106997,USD,None,997623,-172642,0,-3823317,-3915917,-92600,-793908,-4212661,3346913,7435472,-793908,3716130,0,0,0,5988039,1740249,172642,5988039,None,3346913,2.09,4.48
10,2017-12-31,USD,40119076,96139307,32255000,40119076,-55618682,-68116890,19699000,0,-56479074,0,32253403,401549,-56020231,3954243,860392,None,None,None,0,59931661,0,11637816,-69457871,0,-68116890,-68116890,None,USD,275344771,48719428,None,3245174,89804211,185540560,2995657,4433450,71918,-221435888,3143000,150694135,216974000,25058444,45832133,15254399,15000000,-1124538,4524118,53847293,84058,-13873003,0,26443675,40637106,0,26144284,0,0,71918,0,-221435888,0,None,1144032,None,15521214,192137,40829243,147178,43972078,None,None,None,408029068,275344771,25058444,None,71915018,USD,None,878550,-61146098,-60403067,55323170,52444746,-2897266,4734521,-68116890,-101147,8600205,608656,4005034,0,18842,0,3738000,71337851,743031,-112996,None,-101147,2.82,2.09
11,2017-09-30,USD,32246472,31992272,25643000,32246472,20570,2222722,16022000,0,20570,0,25643864,-233630,254200,2969570,244000,None,None,None,0,3378838,0,-2202152,0,0,2222722,2222722,None,USD,272074694,184947000,None,187077984,19976780,252097914,0,1127610,71808,-153318998,None,150089000,219261000,25536307,19976780,18901,18901,None,3360015,49453565,None,252097914,0,56100388,0,0,18830269,0,0,71808,0,-153318998,0,None,None,None,3360015,None,None,None,None,None,None,None,405345104,272074694,25536307,None,71804766,USD,None,2446286,-459894,0,-13187860,-13168143,-3702985,2780612,2222722,-7619841,6008196,2780612,3077262,0,19717,0,3850000,-2507014,459894,-2011672,None,-7619841,3.64,2.82
12,2017-06-30,USD,31329468,33022146,26286000,31329468,-1875761,856595,16527000,0,-1875761,0,26287546,-183083,-1692678,2965175,176000,None,None,None,0,3769425,0,-2732356,0,0,856595,856595,None,USD,278274133,187325000,None,192678396,30718354,247555779,0,1188881,71798,-155541720,None,150089000,216365000,33146791,25093354,7581761,13206761,None,3491539,58416885,None,247555779,0,48957407,5625000,0,16322712,0,0,71798,0,-155541720,0,None,None,None,3491539,None,5625000,None,5625000,None,None,None,403025701,278274133,33146791,None,71794766,USD,None,2682766,-66247408,-65802792,13055276,16508954,-507398,1512615,856595,-41764068,7974386,1539615,2999517,0,3961076,0,5863000,1976656,444616,-2080763,None,-41764068,5.05,3.64
13,2017-03-31,USD,20058797,19610697,16427000,20058797,446138,445846,8457000,0,446138,0,16425429,-1962,448100,1684839,2000,None,None,None,0,1500429,0,292,0,0,445846,445846,None,USD,252632980,129960000,None,131365659,11755666,240877314,0,436556,68974,-156398315,None,114176000,158722000,74920088,11755666,151485,151485,None,2157936,91753447,None,240877314,0,44189297,0,0,11167625,0,0,68974,0,-156398315,0,None,None,None,2157936,None,None,None,None,None,None,None,397206655,252632980,74920088,None,68970772,USD,None,-2575412,-150510,0,-69817,44138904,-507398,97899,445846,52676273,8687879,70899,1684839,0,44208721,0,7942000,1118893,150510,7942814,None,52676273,5.89,5.05
14,2016-12-31,USD,29222186,20068577,17437000,29222186,9153007,9902922,8059000,0,9153007,0,17436839,-602,9153609,1802569,3000,None,None,None,0,829169,0,-749915,-3286678,0,9902922,9902922,None,USD,209489484,17010565,None,1489267,14400895,195088589,0,434197,58949,-156844161,None,114175554,159944000,22246015,14400895,221302,221302,None,2466110,47079052,None,63902470,0,23737254,0,0,13745396,0,0,58949,0,-156844161,0,None,110892,28253827,162016948,None,None,None,None,None,None,None,351873801,209489484,22246015,None,58945607,USD,None,4161808,-30305406,-29910929,-68988,-3015815,-3702985,-171277,9902922,-23718633,9602592,-327931,1802569,0,-2946827,0,-3231037,219576,394477,-6156352,-6521,-23725154,4.93,5.89
15,2016-09-30,USD,17191000,12481675,11252000,17191261,4392409,4392000,5809000,0,4392000,0,11252438,-317177,5177000,761460,4000,None,None,None,0,467777,0,54439528,0,0,4392409,4392000,None,USD,160604000,70792000,None,71601275,5861000,154743000,0,296080,54000,-163777187,None,70647000,98184000,45971000,5842000,290290,271389,None,2112000,60307969,None,154742846,0,40919217,19000,0,5274797,0,0,54225,0,-163777187,0,None,None,None,2112352,None,None,None,None,None,None,None,318465808,160604013,45971169,None,59000000,USD,None,-2781226,-140861,-9500,-82541,8035067,-507398,2516585,4392000,13902134,6009134,274327,761460,0,8117608,0,2925000,1292678,131361,2130485,-1206,13902134,6.2,4.93
16,2016-06-30,USD,16388991,13222263,11308000,16388991,2398625,29618389,6213000,0,2398625,0,11307996,-768103,3166728,753918,5000,None,None,None,0,1160349,0,-27219764,0,0,29618389,29618389,None,USD,149727351,71173000,None,1520252,10305747,139421604,0,311410,50175,-166129326,1580000,70646036,98586000,32069035,8643235,291131,291131,None,2360535,48780416,None,68775568,0,43131493,82000,0,8040694,0,0,50175,0,-166129326,0,None,None,None,73006571,81761,81761,1580751,1662512,None,None,None,305500755,149727351,32069035,None,50171294,USD,None,3817079,-384464,0,-102927,2597293,None,-52817,29618388,5639606,3426777,-54230,753918,0,2700220,0,795000,-25585038,384464,-5123340,18201,5657807,5.33,6.2
17,2016-03-31,USD,13321671,11128955,10378000,13321671,2449215,2354898,5709000,0,2449215,0,10377691,256499,2192716,751264,7000,None,None,None,0,1160349,0,94317,0,0,2354898,2354898,None,USD,111991568,899748,None,920592,5804144,106187424,0,308155,47515,-195747714,793000,70646036,71718000,26411228,4859299,475758,324273,None,2348073,37925528,None,34641640,0,10593708,151000,0,5020231,0,0,47515,0,-195747714,0,None,172183,None,74066040,None,None,None,None,None,None,None,301887623,111991568,26411228,None,47511379,USD,None,-2662732,-110280,0,-111658,322726,None,55728,2354898,7096838,6884392,53141,751264,0,434384,0,5917000,469651,110280,5918170,16352,7113190,2.84,5.33
18,2015-12-31,USD,19880000,12960475,12200000,19879839,6095926,6074000,6036000,0,6223000,0,32617205,-823438,6920000,3994550,85000,None,None,None,0,2457295,0,149000,-1748637,0,5969628,6074000,None,USD,111491000,1278498,None,970000,8821000,102670000,0,293414,47000,-198102612,1036000,70647000,72103000,19299000,7564000,587416,587416,None,2610000,36777568,None,30745828,0,16509291,221000,0,7939481,0,0,47183,0,-198102612,0,None,178264,None,74713105,None,None,None,None,None,None,None,300725791,111490673,19298038,None,50000000,USD,None,2018959,-472727,255000,-1420078,-1046898,-3702985,-19967,6074000,3764205,5283830,325299,793438,0,373180,0,-7023840,1523864,472727,-5347358,5550,3769755,3.58,2.84
19,2015-09-30,USD,14308080,16224015,9727000,14308080,-1910632,-2035621,6176000,0,-2037470,0,15461185,5303,-1915935,762830,-93383,None,None,None,0,0,0,-1849,0,0,-2035621,-2035621,None,USD,102410327,72303000,None,73214885,7518635,94891692,0,207753,45486,-204175879,412000,70646000,72494000,15528283,6816027,1683967,None,None,2519033,27396817,None,94890692,0,11148126,290000,0,4924307,94891692,94891692,45486,1000,-204175879,-94891692,None,None,None,2519033,290290,290290,412318,702608,None,None,None,299021085,102410327,15528283,None,45480470,USD,None,524814,-180341,255000,-709662,-698915,None,None,0,-584413,294843,-2122982,800175,0,10747,0,0,912882,180341,179953,-78376,-662789,1.58,3.58
