,fiscalDateEnding,reportedCurrency_x,totalRevenue,totalOperatingExpense,costOfRevenue,grossProfit,ebit,netIncome_x,researchAndDevelopment,effectOfAccountingCharges,incomeBeforeTax,minorityInterest,sellingGeneralAdministrative,otherNonOperatingIncome,operatingIncome,otherOperatingExpense,interestExpense,taxProvision,interestIncome,netInterestIncome,extraordinaryItems,nonRecurring,otherItems,incomeTaxExpense,totalOtherIncomeExpense,discontinuedOperations,netIncomeFromContinuingOperations,netIncomeApplicableToCommonShares,preferredStockAndOtherAdjustments,reportedCurrency_y,totalAssets,intangibleAssets,earningAssets,otherCurrentAssets,totalLiabilities,totalShareholderEquity,deferredLongTermLiabilities,otherCurrentLiabilities,commonStock,retainedEarnings,otherLiabilities,goodwill,otherAssets,cash,totalCurrentLiabilities,shortTermDebt,currentLongTermDebt,otherShareholderEquity,propertyPlantEquipment,totalCurrentAssets,longTermInvestments,netTangibleAssets,shortTermInvestments,netReceivables,longTermDebt,inventory,accountsPayable,totalPermanentEquity,additionalPaidInCapital,commonStockTotalEquity,preferredStockTotalEquity,retainedEarningsTotalEquity,treasuryStock,accumulatedAmortization,otherNonCurrrentAssets,deferredLongTermAssetCharges,totalNonCurrentAssets,capitalLeaseObligations,totalLongTermDebt,otherNonCurrentLiabilities,totalNonCurrentLiabilities,negativeGoodwill,warrants,preferredStockRedeemable,capitalSurplus,liabilitiesAndShareholderEquity,cashAndShortTermInvestments,accumulatedDepreciation,commonStockSharesOutstanding,reportedCurrency,investments,changeInLiabilities,cashflowFromInvestment,otherCashflowFromInvestment,netBorrowings,cashflowFromFinancing,otherCashflowFromFinancing,changeInOperatingActivities,netIncome_y,changeInCash,operatingCashflow,otherOperatingCashflow,depreciation,dividendPayout,stockSaleAndPurchase,changeInInventory,changeInAccountReceivables,changeInNetIncome,capitalExpenditures,changeInReceivables,changeInExchangeRate,changeInCashAndCashEquivalents,clossingVal,nextClossingVal
0,2020-03-31,USD,1244000,12827000,860000,384000,-4329000,-4329000,8963000,None,-4329000,None,3864000,8114000,-12443000,None,None,None,382000,382000,None,None,None,None,7732000,None,-4329000,-4329000,None,USD,96623000,235000,None,2839000,22125000,74498000,2817000,2478000,None,-258758000,11868000,None,None,7438000,10257000,None,None,None,986000,95402000,None,74498000,85360000,512000,None,None,7779000,None,None,None,None,-258758000,None,None,1221000,None,986000,None,None,9051000,11868000,None,None,None,333256000,96623000,92798000,None,105999,USD,9883000,1095000,9103000,-20461000,None,-8000,5274000,1601000,-4329000,-1200000,-10295000,-8641000,30000,None,-8000,None,None,1550000,780000,None,None,-1200000,1.61,
1,2019-12-31,USD,1008000,12476000,641000,367000,-20217000,-20217000,8281000,None,-20217000,None,4195000,-8108000,-12109000,None,None,None,318000,318000,None,None,None,None,-8426000,None,-20217000,-20217000,None,USD,107105000,244000,None,2808000,29820000,77285000,3108000,3056000,None,-254429000,19891000,None,None,8638000,9929000,None,None,None,416000,106445000,None,77285000,95243000,481000,None,None,6873000,None,None,None,None,-254429000,None,None,660000,None,416000,None,None,16783000,19891000,None,None,None,331714000,107105000,103881000,None,105999,USD,-35311000,668000,-35316000,-30344000,None,48451000,5274000,299000,-20217000,2654000,-10481000,7268000,29000,None,48451000,None,None,1771000,5000,None,None,2654000,2.48,1.61
2,2019-09-30,USD,1157000,13092000,688000,469000,-2994000,-2994000,8962000,None,-2994000,None,4130000,9629000,-12623000,None,None,None,374000,374000,None,None,None,None,9255000,None,-2994000,-2994000,None,USD,68923000,253000,None,2388000,21643000,47280000,3231000,3675000,None,-234212000,11575000,None,None,5984000,10068000,None,None,None,619000,68051000,None,47280000,59932000,469000,None,None,6393000,None,None,None,None,-234212000,None,None,872000,None,619000,None,None,8344000,11575000,None,None,None,281492000,68923000,65916000,None,73655,USD,4967000,-3391000,4967000,4967000,None,5505000,5274000,-1402000,-2994000,-3606000,-14078000,-9837000,31000,None,231000,None,None,2113000,5000,None,None,-3606000,1.68,2.48
3,2019-06-30,USD,1130000,11776000,1102000,28000,3053000,3053000,8032000,None,3053000,None,3744000,14801000,-11748000,None,None,0,443000,443000,None,None,None,None,14358000,None,3053000,3053000,None,USD,82663000,261000,None,7970000,34733000,47930000,2819000,4955000,None,-231218000,20432000,None,None,9590000,14301000,None,None,None,204000,82198000,None,47930000,64899000,5960000,None,None,9346000,None,None,None,None,-231218000,None,None,465000,None,204000,None,None,17613000,20432000,None,None,None,279148000,82663000,74489000,None,73545000,USD,9965000,1692000,9955000,24535000,None,273000,-324000,-408000,3053000,2164000,-8064000,-14285000,28000,None,273000,None,None,1448000,10000,None,None,2164000,2.5,1.68
4,2019-03-31,USD,1249000,12702000,1163000,86000,-17355000,-17355000,9071000,None,-17355000,None,3631000,-4739000,-12616000,None,None,0,-4739000,462000,None,None,None,None,-5201000,None,-17355000,-17355000,None,USD,85926000,270000,None,3423000,48044000,37882000,None,40390000,None,-234271000,36193000,None,None,7426000,11851000,None,None,None,213000,85443000,None,37882000,74864000,530000,None,None,7654000,None,None,None,None,-234271000,None,None,483000,None,213000,None,None,None,36193000,None,None,None,272153000,85926000,82290000,None,70406,USD,9803000,730000,9768000,14570000,None,252000,-324000,185000,-17355000,-1322000,-11342000,3745000,24000,None,252000,None,None,1514000,35000,None,None,-1322000,3.07,2.5
5,2018-12-31,USD,2048000,12887000,1009000,1039000,12025000,12025000,9066000,None,12025000,None,3821000,23873000,-11848000,None,0,None,None,None,None,None,None,0,47310000,None,12025000,12025000,None,USD,96305000,279000,None,2697000,42835000,53470000,None,35911000,None,-216917000,31931000,None,None,8748000,10904000,None,None,None,193000,95833000,None,53470000,84667000,530000,None,None,6924000,None,None,None,None,-216917000,None,None,None,None,193000,None,None,None,None,None,None,None,270387000,96305000,93415000,None,71131000,USD,-21000,2928000,-193000,4767000,None,24000,-324000,3529000,12025000,2630000,2799000,-13832000,15000,None,24000,None,None,1663000,172000,None,None,2630000,2.64,3.07
6,2018-09-30,USD,488000,9532000,989000,-501000,-14541000,-14542000,6131000,None,-14541000,None,3401000,-4508000,-10033000,None,0,None,None,None,None,None,None,1000,-4508000,None,-14542000,-14542000,None,USD,94750000,287000,None,3671000,54991000,39759000,0,740000,0,-228941000,50207000,0,287000,6118000,4784000,None,None,None,28000,94435000,None,39472000,84646000,457000,0,0,4044000,0,0,0,0,-228941000,0,None,None,None,315000,None,None,50207000,50207000,None,None,None,268700000,94750000,90764000,None,71115000,USD,4788000,-3101000,4788000,0,None,837000,-324000,-3050000,-14542000,-7191000,-12816000,2877000,13000,0,1161000,0,0,1937000,172000,None,None,-7191000,4.31,2.64
7,2018-06-30,USD,548000,6914000,1107000,-559000,-16886000,-19253000,4459000,0,-16886000,0,2455000,-9413000,-7473000,0,2367000,None,None,None,0,0,0,1000,-11780000,0,-16886000,-19253000,None,USD,104657000,296000,None,1586000,54198000,50459000,0,788000,0,-214399000,46313000,0,296000,13309000,7885000,None,None,None,32000,104329000,None,50163000,89434000,None,0,0,7097000,0,0,0,0,-214399000,0,None,None,None,328000,None,None,46313000,46313000,None,None,None,264858000,104657000,102743000,None,70406000,USD,-59430000,3401000,-59430000,0,None,70291000,None,340000,-19253000,7111000,-3750000,11340000,13000,0,70291000,0,0,749000,172000,None,None,7111000,3.94,4.31
8,2018-03-31,USD,433000,5557000,930000,-497000,-5948000,-5948000,3071000,0,-5948000,0,2486000,106000,-6054000,0,0,None,None,None,0,0,0,0,106000,0,-5948000,-5948000,None,USD,37397000,305000,None,854000,4484000,32913000,0,843000,0,-195146000,None,0,305000,6198000,4484000,None,None,None,36000,37056000,None,32608000,30004000,None,0,0,3641000,0,0,0,0,-195146000,0,None,None,None,341000,None,None,None,None,None,None,None,228059000,37397000,36202000,None,37323000,USD,5098000,-992000,5098000,0,None,70291000,None,-1197000,-5948000,-1141000,-6239000,-82000,13000,0,0,0,0,770000,172000,None,None,-1141000,2.07,3.94
9,2017-12-31,USD,358000,5802000,728000,-370000,-6079000,-6079000,3444000,0,-6079000,0,2358000,93000,-6172000,0,0,None,None,None,0,0,0,-1000,93000,0,-6079000,-6079000,None,USD,43567000,314000,None,772000,5209000,38358000,0,890000,0,-189198000,None,0,314000,7339000,5209000,None,None,None,40000,43213000,None,38044000,35102000,None,0,0,4319000,0,0,0,0,-189198000,0,None,None,None,354000,None,None,None,None,None,None,None,227556000,43567000,42441000,None,37052000,USD,4963000,744000,4963000,0,None,169000,None,332000,-6079000,381000,-4751000,-131000,13000,0,169000,0,0,702000,0,None,None,381000,2.1,2.07
10,2017-09-30,USD,283000,8552000,618000,-335000,-8787000,-8788000,6064000,0,-8787000,0,2488000,100000,-8887000,0,0,None,None,None,0,0,0,1000,0,0,-8788000,-8788000,None,USD,48031000,322000,None,641000,4465000,43566000,0,947000,0,-183119000,None,0,322000,6958000,4465000,None,None,None,45000,47664000,None,43244000,40065000,None,0,0,3518000,0,0,0,0,-183119000,0,None,None,None,367000,None,None,None,None,None,None,None,226685000,48031000,47023000,None,36950000,USD,5042000,99000,5042000,0,None,20000,None,1099000,-8788000,-1500000,-6562000,1117000,14000,0,20000,0,0,996000,0,None,None,-1500000,2.68,2.1
11,2017-06-30,USD,449000,12551000,3176000,-2727000,-4343000,-4343000,5365000,0,-4343000,0,7186000,95000,-4438000,0,0,None,None,None,0,0,0,1000,287000,0,-4343000,-4343000,None,USD,55704000,331000,None,1758000,4866000,50838000,0,996000,0,-174331000,None,0,331000,8458000,4866000,None,None,None,50000,55323000,None,50507000,45107000,None,0,0,3870000,0,0,0,0,-174331000,0,None,None,None,381000,None,None,None,None,None,None,None,225169000,55704000,53565000,None,36772000,USD,9000,-123000,-40000,0,None,4212000,None,-2075000,-4343000,-3186000,-3146000,998000,43000,0,0,0,0,279000,49000,None,None,-3186000,2.39,2.68
12,2017-03-31,USD,4505000,4028000,1147000,3358000,-602000,-602000,1876000,0,-602000,0,2152000,68000,-670000,0,0,None,None,None,0,0,0,0,0,0,-602000,-602000,None,USD,59891000,340000,None,2756000,4989000,54902000,0,1036000,0,-169988000,None,0,340000,11644000,4989000,None,None,None,35000,59516000,None,54562000,45116000,None,0,0,3953000,0,0,0,0,-169988000,0,None,None,None,375000,None,None,None,None,None,None,None,224890000,59891000,56760000,None,36772428,USD,-5012000,1669000,-5012000,0,None,4212000,None,-88000,-602000,-3406000,1606000,-88000,13000,0,4212000,0,0,614000,2000,None,None,-3406000,1.62,2.39
13,2016-12-31,USD,17199000,3612000,1771000,15428000,11885000,11885000,1642000,0,11885000,0,1970000,69000,11816000,0,0,None,None,None,0,0,0,-1000,0,0,11885000,11885000,None,USD,58210000,348000,None,2668000,3320000,54890000,0,2938000,0,-169386000,None,0,348000,15050000,3320000,None,None,None,40000,57822000,None,54542000,40104000,None,0,0,3320000,0,0,0,0,-169386000,0,None,None,None,388000,None,None,None,None,None,None,None,224276000,58210000,55154000,None,36772428,USD,5008000,-15394000,5008000,0,None,4212000,None,-927000,11885000,1261000,-3747000,-927000,15000,0,4212000,0,0,674000,2000,None,None,1261000,1.44,1.62
14,2016-09-30,USD,1096000,-4326000,-1094000,2190000,-4269000,-4270000,-1646000,0,-4269000,0,-2680000,55000,-4324000,0,0,None,None,None,0,0,0,1000,0,0,-4270000,-4270000,None,USD,61045000,357000,None,1741000,18714000,42331000,1494000,14043000,0,-181271000,1494000,0,357000,13789000,17220000,None,None,None,46000,60642000,None,41974000,45112000,None,0,0,3177000,0,0,0,0,-181271000,0,None,None,None,403000,None,None,None,1494000,None,None,None,223602000,61045000,58901000,None,36772428,USD,-10031000,13202000,-10033000,0,None,4212000,None,None,-4270000,2952000,8773000,-910000,14000,0,4212000,0,0,737000,2000,None,None,2952000,1.76,1.44
15,2016-06-30,USD,0,-5821000,0,0,-5770000,-5770000,-3985000,0,-5770000,0,-1836000,51000,-5821000,0,0,None,None,None,0,0,0,1000,143000,0,-5770000,-5770000,None,USD,47164000,366000,None,831000,5512000,41652000,0,4433000,0,-177001000,None,0,366000,10837000,5512000,None,None,None,49000,46749000,None,41286000,35081000,None,0,0,5512000,0,0,0,0,-177001000,0,None,None,None,415000,None,None,None,None,None,None,None,218653000,47164000,45918000,None,34155997,USD,30000,1487000,29000,0,None,4212000,None,8000,-5770000,-3454000,-3483000,271000,13000,0,0,0,0,516000,1000,None,None,-3454000,1.36,1.76
16,2016-03-31,USD,0,-5410000,0,0,-5371000,-5371000,-3420000,0,-5371000,0,-1990000,39000,-5410000,0,0,None,None,None,0,0,0,0,0,0,-5371000,-5371000,None,USD,50931000,374000,None,1102000,4025000,46906000,0,3559000,0,-171231000,None,0,374000,14291000,4025000,None,None,None,53000,50504000,None,46532000,35111000,None,0,0,4025000,0,0,0,0,-171231000,0,None,None,None,427000,None,None,None,None,None,None,None,218137000,50931000,49402000,None,34155997,USD,5005000,647000,5002000,0,None,0,None,None,-5371000,617000,-4385000,-315000,15000,0,0,0,0,639000,3000,None,None,617000,1.26,1.36
17,2015-12-31,USD,0,-5127000,0,0,-5101000,-5101000,-3182000,0,-5101000,0,-1945000,26000,-5127000,0,0,None,None,None,0,0,0,-1000,0,0,-5101000,-5101000,None,USD,55016000,383000,None,787000,3378000,51638000,0,2930000,0,-165860000,None,0,383000,13674000,3378000,None,None,None,56000,54577000,None,51255000,40116000,None,0,0,3378000,0,0,0,0,-165860000,0,None,None,None,439000,None,None,None,None,None,None,None,217498000,55016000,53790000,None,34155997,USD,26000,251000,26000,0,None,0,None,None,-5101000,-4202000,-4228000,-191000,15000,0,0,0,0,798000,0,None,None,-4202000,1.6,1.26
18,2015-09-30,USD,0,-4646000,0,0,-4619000,-4620000,-2816000,0,-4619000,0,-1830000,27000,-4646000,0,0,None,None,None,0,0,0,1000,0,0,-4620000,-4620000,None,USD,59068000,392000,None,596000,3127000,55941000,0,2874000,0,-160759000,None,0,392000,17876000,3127000,None,None,None,62000,58614000,None,55549000,40142000,None,0,0,3127000,0,0,0,0,-160759000,0,None,None,None,454000,None,None,None,None,None,None,None,216700000,59068000,58018000,None,34155997,USD,4915000,-1832000,4915000,0,None,0,None,None,-4620000,-846000,-5761000,-94000,15000,0,0,0,0,770000,0,None,None,-846000,1.57,1.6
19,2015-06-30,USD,0,-5688000,0,0,-5662000,-5662000,-3779000,0,-5662000,0,-1909000,26000,-5688000,0,0,None,None,None,0,0,0,1000,78000,0,-5662000,-5662000,None,USD,64750000,401000,None,502000,4959000,59791000,0,4096000,0,-156139000,None,0,401000,18722000,4959000,None,None,None,68000,64281000,None,59390000,45057000,None,0,0,4959000,0,0,0,0,-156139000,0,None,None,None,469000,None,None,None,None,None,None,None,215930000,64750000,63779000,None,34155997,USD,4998000,-1679000,4999000,0,None,43070000,None,1183000,-5662000,-1743000,-6742000,90000,16000,0,43070000,0,0,493000,1000,None,None,-1743000,1.71,1.57
