,fiscalDateEnding,reportedCurrency_x,totalRevenue,totalOperatingExpense,costOfRevenue,grossProfit,ebit,netIncome_x,researchAndDevelopment,effectOfAccountingCharges,incomeBeforeTax,minorityInterest,sellingGeneralAdministrative,otherNonOperatingIncome,operatingIncome,otherOperatingExpense,interestExpense,taxProvision,interestIncome,netInterestIncome,extraordinaryItems,nonRecurring,otherItems,incomeTaxExpense,totalOtherIncomeExpense,discontinuedOperations,netIncomeFromContinuingOperations,netIncomeApplicableToCommonShares,preferredStockAndOtherAdjustments,reportedCurrency_y,totalAssets,intangibleAssets,earningAssets,otherCurrentAssets,totalLiabilities,totalShareholderEquity,deferredLongTermLiabilities,otherCurrentLiabilities,commonStock,retainedEarnings,otherLiabilities,goodwill,otherAssets,cash,totalCurrentLiabilities,shortTermDebt,currentLongTermDebt,otherShareholderEquity,propertyPlantEquipment,totalCurrentAssets,longTermInvestments,netTangibleAssets,shortTermInvestments,netReceivables,longTermDebt,inventory,accountsPayable,totalPermanentEquity,additionalPaidInCapital,commonStockTotalEquity,preferredStockTotalEquity,retainedEarningsTotalEquity,treasuryStock,accumulatedAmortization,otherNonCurrrentAssets,deferredLongTermAssetCharges,totalNonCurrentAssets,capitalLeaseObligations,totalLongTermDebt,otherNonCurrentLiabilities,totalNonCurrentLiabilities,negativeGoodwill,warrants,preferredStockRedeemable,capitalSurplus,liabilitiesAndShareholderEquity,cashAndShortTermInvestments,accumulatedDepreciation,commonStockSharesOutstanding,reportedCurrency,investments,changeInLiabilities,cashflowFromInvestment,otherCashflowFromInvestment,netBorrowings,cashflowFromFinancing,otherCashflowFromFinancing,changeInOperatingActivities,netIncome_y,changeInCash,operatingCashflow,otherOperatingCashflow,depreciation,dividendPayout,stockSaleAndPurchase,changeInInventory,changeInAccountReceivables,changeInNetIncome,capitalExpenditures,changeInReceivables,changeInExchangeRate,changeInCashAndCashEquivalents,clossingVal,nextClossingVal
0,2020-06-30,USD,341195000,330880000,314512000,26683000,42780000,-8411000,None,None,-7529000,None,16368000,None,10315000,None,20108000,882000,None,-20108000,None,None,None,882000,2264000,None,-8411000,-8411000,None,USD,1973609000,None,None,None,1479349000,494260000,None,None,65800000,231101000,119646000,None,38630000,303334000,196954000,None,None,-147329000,1053037000,783636000,48413000,444367000,None,209184000,1114069000,261453000,53267000,None,None,None,None,None,None,None,37414000,None,1189973000,48680000,None,13733000,1282395000,None,None,None,None,None,None,None,None,USD,-20837000,7879000,-20837000,796000,-25651000,-27348000,-1697000,177000,-8411000,16808000,64105000,None,30201000,0,0,11442000,14938000,7879000,21633000,None,None,None,8.16,
1,2020-03-31,USD,350599000,326537000,308967000,41632000,54982000,-3392000,None,None,1952000,None,17570000,None,24062000,None,20084000,5344000,-20084000,-20084000,None,None,None,5344000,-2026000,None,-3392000,-3392000,None,USD,1951989000,48957000,None,None,1489221000,462768000,None,None,65769000,243794000,120651000,None,34080000,286526000,185143000,None,None,-191548000,1032211000,788553000,48188000,413811000,None,221921000,1136454000,269812000,62652000,None,None,None,None,None,None,None,32848000,None,1163436000,46973000,1173991000,13323000,1304078000,None,None,None,344753000,None,286526000,None,66000000,USD,-23405000,-57660000,-23405000,51000,51260000,32250000,-9801000,-253000,-3392000,-64559000,-69842000,None,32946000,-9047000,-162000,-18120000,-20926000,-2437000,23456000,None,None,None,7.24,8.16
2,2019-12-31,USD,331172000,397278000,377713000,-46541000,-36002000,-72721000,None,None,-88596000,None,19565000,None,-66106000,None,20647000,-15875000,-20647000,-20647000,None,None,None,-15875000,-1843000,None,-72721000,-72721000,None,USD,2065720000,53371000,None,None,1515317000,550403000,None,31063000,65598000,256371000,129450000,None,27284000,351085000,256312000,None,None,-116560000,1087246000,844697000,53122000,497032000,None,172626000,1087932000,272599000,73721000,None,None,None,None,None,None,None,26038000,None,1221023000,41623000,1119035000,14114000,1259005000,None,None,None,344994000,None,351085000,None,66000000,USD,-57050000,57923000,-57050000,-140000,101625000,85810000,2233000,8064000,-72721000,86186000,56515000,None,31947000,-18048000,0,2069000,24137000,5096000,50530000,None,None,None,12.3,7.24
3,2019-09-30,USD,383536000,364789000,346828000,36708000,51686000,1207000,None,None,1451000,None,17961000,None,18747000,None,18183000,244000,-18183000,-18183000,None,None,None,244000,887000,None,1207000,1207000,None,USD,1949653000,53442000,None,None,1358266000,591387000,None,41577000,65598000,338116000,137814000,None,35128000,264899000,204057000,None,None,-156321000,1022693000,783008000,55382000,537945000,None,228154000,984087000,269443000,43718000,None,None,None,None,None,None,None,32220000,None,1166645000,32308000,1005764000,13423000,1154209000,None,None,None,343994000,None,264899000,None,66000000,USD,-37102000,-16691000,-37102000,162000,101625000,-10982000,-1957000,-3483000,1207000,7577000,56861000,None,32052000,-9025000,0,9242000,41381000,-6847000,37264000,None,None,None,12.54,12.3
4,2019-06-30,USD,425753000,387943000,368471000,57282000,71209000,10259000,None,None,20692000,None,19472000,None,37810000,None,18369000,10433000,-18369000,-18369000,None,None,None,10433000,1251000,None,10259000,10259000,None,USD,2029777000,55795000,None,None,1383252000,646525000,None,40499000,65598000,345934000,141666000,None,32648000,257322000,223103000,None,None,-107822000,1045783000,837892000,57659000,590730000,None,273502000,983644000,286839000,38645000,None,None,None,None,None,None,None,31183000,None,1191885000,34839000,1006873000,14394000,1160149000,None,None,None,342815000,None,257322000,None,66000000,USD,-25240000,4197000,-25240000,-82000,-24732000,-40007000,-6315000,-1681000,10259000,24088000,88721000,None,32148000,-8206000,-754000,-7769000,32204000,19363000,25158000,None,None,None,15.47,12.54
5,2019-03-31,USD,483950000,390398000,373169000,110781000,124838000,51616000,None,None,76040000,None,17229000,None,93552000,None,18551000,24424000,-18551000,-18551000,None,None,None,24424000,1039000,None,51616000,51616000,None,USD,2013395000,55721000,None,None,1392713000,620682000,None,41492000,65620000,345400000,136934000,None,21336000,233234000,212256000,None,None,-131964000,1036538000,843751000,56049000,564961000,None,308573000,1007774000,282308000,39579000,None,None,None,None,None,None,None,19985000,None,1169644000,35749000,1031378000,14118000,1180457000,None,None,None,341644000,None,233234000,None,66000000,USD,-19966000,-173000,-19966000,-261000,-33672000,-28723000,4949000,-7725000,51616000,-7257000,42186000,None,30247000,0,None,21141000,-56353000,3433000,19705000,None,None,None,13.51,15.47
6,2018-12-31,USD,412225000,317716000,276673000,135552000,94509000,45009000,0,0,65466000,0,14067000,None,94509000,0,-15492000,None,None,None,0,0,0,20457000,-29043000,0,45009000,45009000,None,USD,1975735000,53927000,None,None,1394306000,581429000,None,40443000,65171000,301990000,132860000,None,19278000,240491000,195388000,None,None,-128170000,1029257000,810699000,62574000,527502000,None,252692000,1041389000,303813000,36333000,None,None,None,None,None,None,None,None,None,None,None,1079982000,None,None,None,None,None,342438000,None,240491000,None,66000000,USD,None,-6171000,-395691000,167000,352267000,326384000,-9583000,4372000,45009000,-1694000,63777000,None,27086000,-16300000,None,2045000,-18563000,9999000,15429000,None,None,None,10.44,13.51
7,2018-09-30,USD,331058000,267994000,230009000,101049000,63064000,41176000,0,0,51358000,0,14788000,None,63064000,0,-11729000,None,None,None,0,0,0,10182000,-11706000,0,41176000,41176000,None,USD,1541296000,24274000,None,12417000,971354000,569942000,None,36728000,65171000,265131000,63857000,None,4641000,242185000,174739000,None,None,-101780000,834347000,678034000,None,545668000,None,193648000,696519000,229784000,46529000,None,None,None,None,None,None,None,None,None,None,None,None,None,None,None,None,None,None,None,None,None,66000000,USD,None,-10803000,-26696000,211000,-3443000,-12537000,-944000,-5252000,41176000,-27297000,10769000,None,23310000,-8150000,None,-41084000,-150000,3572000,26744000,None,None,None,16.8,10.44
8,2018-06-30,USD,346532000,309056000,271134000,75398000,37476000,16755000,0,0,25216000,0,15016000,None,37476000,0,-12128000,None,None,None,0,0,0,8461000,-12260000,0,16755000,16755000,None,USD,1522389000,23299000,None,12041000,983887000,538502000,None,31119000,65171000,232105000,58484000,None,1411000,269482000,188471000,736932000,736932000,-99224000,836116000,661563000,None,515203000,None,190807000,699261000,189233000,49175000,None,None,None,None,None,None,None,None,None,None,None,None,None,None,None,None,None,None,None,None,None,66000000,USD,None,36906000,-28741000,67000,17665000,8747000,-771000,3170000,16755000,55916000,85745000,None,23014000,-8147000,None,-12221000,13475000,4646000,28655000,None,None,None,17.5,16.8
9,2018-03-31,USD,367903000,291855000,254285000,113618000,76048000,25649000,0,0,35230000,0,14361000,None,76048000,0,-12115000,None,None,None,0,0,0,9581000,-40818000,0,25649000,25649000,None,USD,1507180000,26025000,None,15762000,922686000,584494000,38102000,26498000,65127000,223501000,59426000,None,1891000,213566000,151491000,711769000,711769000,-42869000,851622000,627642000,None,558469000,None,212845000,684335000,185469000,42828000,None,None,None,None,None,None,None,None,None,None,None,None,None,None,None,None,None,None,None,None,None,66000000,USD,None,18027000,-16351000,67000,-297368000,-307733000,-2238000,-6398000,25649000,-247172000,76377000,None,23319000,-8127000,None,-6822000,-5132000,27734000,16184000,None,None,None,12.45,17.5
10,2017-12-31,USD,337686000,1530452000,234339000,79471000,-3790000,41718000,0,0,53273000,0,14367000,None,66292000,0,14084000,None,None,None,0,0,0,11555000,-30126000,0,-15328000,41718000,None,USD,1724710000,24572000,None,8973000,1174044000,550666000,31961000,98391000,64974000,146997000,26225000,None,27523000,143299000,430466000,295924000,295924000,-59001000,844848000,852339000,None,526094000,317439000,206027000,685392000,176601000,36151000,None,None,None,None,None,None,None,None,None,None,None,None,None,None,None,None,None,None,None,None,None,65000000,USD,None,37170000,-121551000,-232000,337336000,288751000,-18719000,-4365000,41718000,319842000,141926000,None,85294000,-29866000,None,-19994000,-64949000,38287000,57915000,None,None,None,14.3,12.45
11,2017-09-30,USD,305498000,-794551000,228941000,374236000,278201000,21143000,0,0,27775000,0,12327000,None,41662000,0,13513000,None,None,None,0,0,0,6632000,-61286000,0,126819000,21143000,None,USD,1385882000,26605000,None,8827000,887881000,498001000,21574000,105959000,64974000,95697000,53979000,None,27775000,157217000,143316000,3109000,3109000,-76710000,844502000,513605000,None,471396000,2125000,181062000,669012000,164374000,37357000,None,None,None,None,None,None,None,None,None,None,None,None,None,None,None,None,None,None,None,None,None,65000000,USD,None,41929000,-15117000,-381000,295756000,9839000,-389000,-1496000,21143000,14699000,103257000,None,22673000,-22389000,None,-14043000,1584000,5832000,42249000,None,None,None,11.85,14.3
12,2017-06-30,USD,283177000,264690000,230534000,-201293000,-136943000,-50734000,0,0,5680000,0,12391000,None,19731000,0,13320000,None,None,None,0,0,0,7784000,36693000,0,-50734000,-50734000,None,USD,1328382000,26234000,None,7064000,883133000,445249000,19996000,97352000,64974000,43719000,52896000,None,30540000,142589000,142679000,697909000,697909000,-115022000,823364000,474478000,None,419015000,2054000,177707000,667562000,145064000,45327000,None,None,None,None,None,None,None,None,None,None,None,None,None,None,None,None,None,None,None,None,None,65000000,USD,None,43835000,-81458000,77000,26525000,17705000,-2918000,-1846000,-2104000,-43322000,69470000,None,20625000,-14912000,None,4131000,-37426000,5176000,27907000,None,None,None,11.5,11.85
13,2017-03-31,USD,242784000,0,172596000,50712000,31086000,9726000,0,0,17207000,0,9726000,None,41346000,0,13879000,None,None,None,0,0,0,7481000,-9900000,0,9726000,9726000,None,USD,1201990000,7063000,None,4778000,806854000,395136000,17997000,69940000,64936000,168322000,51334000,None,14425000,183579000,98792000,671701000,671701000,-173805000,734587000,452978000,None,388073000,4386000,134743000,638731000,125492000,28852000,None,None,None,None,None,None,None,None,None,None,None,None,None,None,None,None,None,None,None,None,None,65000000,USD,None,6881000,-8404000,-240000,15055000,1570000,-921000,-996000,9726000,47069000,53385000,None,19221000,-7440000,None,9425000,-6288000,15416000,8164000,None,None,None,11.7,11.5
14,2016-12-31,USD,221694000,816499000,151582000,191235000,85298000,18489000,0,0,23829000,0,12401000,None,39045000,0,12857000,None,None,None,0,0,0,5340000,-55665000,0,23017000,18489000,None,USD,1158708000,7591000,None,3612000,779580000,379128000,17314000,61289000,64656000,166068000,31943000,None,18581000,136569000,93170000,6522000,6522000,-185269000,738276000,401851000,None,371537000,4327000,123892000,637153000,133451000,28815000,None,None,None,None,None,None,None,None,None,None,None,None,None,None,None,None,None,None,None,None,None,65000000,USD,None,-10274000,-44303000,67000,-23079000,-62377000,-9565000,1676000,18489000,32037000,140782000,None,71984000,-29733000,None,6844000,9466000,26143000,42526000,None,None,None,10.65,11.7
15,2016-09-30,USD,237941000,0,180124000,12831000,13458000,11926000,0,0,17035000,0,10073000,None,29821000,0,12791000,None,None,None,0,0,0,5109000,414000,0,16167000,11926000,None,USD,1233411000,7922000,None,5601000,814093000,419318000,18560000,91944000,64656000,23021000,51673000,None,24441000,141401000,119218000,None,None,-131998000,779606000,429364000,None,411396000,7979000,130760000,624642000,143623000,27274000,None,None,None,None,None,None,None,None,None,None,None,None,None,None,None,None,None,None,None,None,None,65000000,USD,None,11877000,-7853000,709000,7662000,642000,420000,-190000,11926000,30146000,111179000,None,18031000,-22293000,None,3293000,8968000,5917000,28977000,None,None,None,8.47,10.65
16,2016-06-30,USD,218145000,0,173227000,27063000,16368000,-13010000,0,0,3632000,0,10286000,None,16777000,0,12736000,None,None,None,0,0,0,7873000,-409000,0,-4241000,-13010000,None,USD,1180269000,8603000,None,5048000,780049000,400220000,17588000,74195000,64656000,4895000,41441000,None,27491000,112651000,104528000,None,None,-145638000,767014000,385764000,None,391617000,7834000,125384000,616492000,134847000,26293000,None,None,None,None,None,None,None,None,None,None,None,None,None,None,None,None,None,None,None,None,None,65000000,USD,None,-13313000,-11451000,2028000,7662000,-13804000,-517000,459000,-4241000,-17670000,74743000,None,17962000,-14853000,None,10988000,12501000,5510000,20415000,None,None,None,7.98,8.47
17,2016-03-31,USD,253843000,0,196942000,0,0,8769000,0,0,14968000,0,11769000,None,28100000,0,13191000,None,None,None,0,0,0,6199000,0,0,0,8769000,None,USD,1238464000,None,None,5411000,800639000,437825000,None,1036000,64618000,43264000,46228000,None,30577000,129869000,123080000,None,None,None,791893000,None,None,None,9682000,None,615966000,133688000,122044000,None,None,None,None,None,None,None,None,None,None,None,None,None,None,None,None,None,None,None,None,None,65000000,USD,None,13210000,None,None,None,None,None,None,8769000,None,63466000,None,None,-7418000,None,14636000,3953000,None,6936000,None,None,None,9.45,7.98
18,2015-12-31,USD,237828000,867520000,165776000,279681000,165684000,21696000,0,0,29374000,0,10706000,None,44172000,0,13256000,None,None,None,0,0,0,7678000,-60733000,0,75502000,21696000,None,USD,1182817000,8461000,None,4697000,799841000,382976000,13171000,81351000,64424000,160880000,38339000,None,31615000,99629000,104421000,10380000,10380000,-171574000,762391000,388811000,None,374515000,9230000,134254000,643910000,141001000,20637000,None,None,None,None,None,None,None,None,None,None,None,None,None,None,None,None,None,None,None,None,None,65000000,USD,None,9665000,-49817000,528000,-33821000,-56664000,-15425000,1839000,21696000,45401000,159220000,None,68333000,-7418000,None,-13235000,-11256000,28372000,46536000,None,None,None,9.05,9.45
19,2015-09-30,USD,270893000,0,197506000,0,0,23760000,0,0,30339000,0,12465000,None,44032000,0,13275000,None,None,None,0,0,0,6579000,0,0,0,23760000,None,USD,1272417000,None,None,27060000,879456000,392961000,None,106807000,64502000,None,54566000,None,35574000,137288000,136114000,None,None,None,783773000,None,None,None,9488000,None,670092000,139829000,29307000,None,None,None,None,None,None,None,None,None,None,None,None,None,None,None,None,None,None,None,None,None,65000000,USD,None,36593000,None,None,None,None,None,None,23760000,None,141969000,None,None,None,None,None,None,None,28184000,None,None,None,10.03,9.05
