,fiscalDateEnding,reportedCurrency_x,totalRevenue,totalOperatingExpense,costOfRevenue,grossProfit,ebit,netIncome_x,researchAndDevelopment,effectOfAccountingCharges,incomeBeforeTax,minorityInterest,sellingGeneralAdministrative,otherNonOperatingIncome,operatingIncome,otherOperatingExpense,interestExpense,taxProvision,interestIncome,netInterestIncome,extraordinaryItems,nonRecurring,otherItems,incomeTaxExpense,totalOtherIncomeExpense,discontinuedOperations,netIncomeFromContinuingOperations,netIncomeApplicableToCommonShares,preferredStockAndOtherAdjustments,reportedCurrency_y,totalAssets,intangibleAssets,earningAssets,otherCurrentAssets,totalLiabilities,totalShareholderEquity,deferredLongTermLiabilities,otherCurrentLiabilities,commonStock,retainedEarnings,otherLiabilities,goodwill,otherAssets,cash,totalCurrentLiabilities,shortTermDebt,currentLongTermDebt,otherShareholderEquity,propertyPlantEquipment,totalCurrentAssets,longTermInvestments,netTangibleAssets,shortTermInvestments,netReceivables,longTermDebt,inventory,accountsPayable,totalPermanentEquity,additionalPaidInCapital,commonStockTotalEquity,preferredStockTotalEquity,retainedEarningsTotalEquity,treasuryStock,accumulatedAmortization,otherNonCurrrentAssets,deferredLongTermAssetCharges,totalNonCurrentAssets,capitalLeaseObligations,totalLongTermDebt,otherNonCurrentLiabilities,totalNonCurrentLiabilities,negativeGoodwill,warrants,preferredStockRedeemable,capitalSurplus,liabilitiesAndShareholderEquity,cashAndShortTermInvestments,accumulatedDepreciation,commonStockSharesOutstanding,reportedCurrency,investments,changeInLiabilities,cashflowFromInvestment,otherCashflowFromInvestment,netBorrowings,cashflowFromFinancing,otherCashflowFromFinancing,changeInOperatingActivities,netIncome_y,changeInCash,operatingCashflow,otherOperatingCashflow,depreciation,dividendPayout,stockSaleAndPurchase,changeInInventory,changeInAccountReceivables,changeInNetIncome,capitalExpenditures,changeInReceivables,changeInExchangeRate,changeInCashAndCashEquivalents,clossingVal,nextClossingVal
0,2020-06-30,USD,13068000,16186000,None,13068000,-3118000,-3977000,None,None,-3118000,1712000,16186000,None,-3118000,4698000,8835000,-853000,35588000,26753000,None,None,None,-853000,None,None,-3118000,-3977000,None,USD,1651743000,51814000,None,85182000,1333446000,247642000,5562000,1075322000,278000,-6339000,5562000,150803000,68862000,18702000,1161355000,60889000,60889000,2127000,13259000,162999000,1204006000,45025000,47495000,11620000,154874000,None,25144000,None,None,278000,None,-6339000,-24919000,None,82121000,None,1488744000,11655000,154874000,11655000,172091000,None,None,None,276495000,1651743000,66197000,None,24816376,USD,-87997000,638000,-85825000,2172000,119111000,117599000,117599000,-2032000,-2265000,48387000,16613000,-3792000,2930000,-1512000,None,None,1981000,17121000,0,1981000,None,48387000,2.65,
1,2020-03-31,USD,3021000,19271000,None,3021000,-16250000,-13643000,None,None,-16250000,642000,19271000,None,-16250000,10563000,9000000,-3249000,35542000,26542000,None,None,None,-3249000,None,None,-16250000,-13643000,None,USD,1534395000,52175000,94343000,39680000,1213822000,250118000,6239000,960126000,278000,-2362000,6239000,150803000,66195000,15817000,1044456000,60904000,60904000,1146000,13873000,111286000,1140063000,47140000,46127000,9662000,150941000,None,23426000,None,None,278000,None,-2362000,-24919000,None,80068000,None,1423109000,12186000,150941000,12186000,169366000,None,None,None,275975000,1534395000,61944000,None,24806656,USD,-38630000,187000,-34623000,4007000,7016000,5509000,5509000,7968000,-13001000,-12324000,16790000,9871000,2894000,-1507000,None,None,125000,16714000,0,125000,None,-12324000,1.86,2.65
2,2019-12-31,USD,19019000,16943000,6162000,19019000,2076000,-465000,None,None,2076000,274000,16943000,None,2076000,3759000,9277000,2267000,35864000,26587000,None,None,None,2267000,-9277000,None,2076000,-465000,None,USD,1541667000,52536000,107781000,50121000,1207199000,263148000,9341000,951651000,276000,11281000,9341000,150803000,72115000,17700000,1010506000,38223000,38223000,999000,14375000,126997000,1124841000,59809000,48998000,10178000,174614000,None,20632000,None,None,276000,None,11281000,-24919000,None,86490000,None,1414670000,12738000,174614000,12738000,196693000,None,None,None,275511000,1541667000,66698000,None,24646559,USD,-19147000,-4033000,-19147000,16294000,-4000000,24227000,28227000,11471000,-191000,1030000,1030000,None,1485000,0,None,None,-622000,1056000,0,None,None,1030000,7.27,1.86
3,2019-09-30,USD,33038000,18352000,8337000,25952000,7600000,4975000,None,None,7600000,29304000,7939000,None,7600000,4826000,9225000,165000,34640000,25415000,None,None,None,165000,-9225000,None,7435000,4975000,None,USD,1519754000,52898000,88753000,33291000,1226964000,263486000,5589000,962987000,276000,11746000,5597000,150803000,82983000,21724000,1027652000,42503000,42503000,1240000,13544000,110477000,57302000,59785000,47422000,8040000,181625000,None,22162000,None,None,276000,None,11746000,-24919000,None,96527000,None,1409277000,12090000,181625000,17687000,199312000,None,None,None,275143000,1519754000,69146000,None,25000000,USD,-70173000,-1717000,-70173000,16294000,4000000,31187000,27187000,1636000,4975000,-17133000,21853000,None,1828000,0,None,None,-298000,14065000,0,None,None,7435000,6.4,7.27
4,2019-06-30,USD,9706000,18184000,15171000,9706000,-8478000,-7500000,None,None,-8478000,857000,18184000,None,-8478000,6649000,8821000,-1835000,32015000,23194000,None,None,None,-1835000,-8821000,None,-8478000,-7500000,None,USD,1481953000,53259000,89572000,37010000,1196449000,258068000,5584000,927658000,275000,6771000,5412000,150803000,82758000,35138000,998774000,46688000,46688000,1145000,12821000,124710000,1057602000,54006000,44820000,7742000,180990000,None,24428000,None,None,275000,None,6771000,-24919000,None,95579000,None,1357243000,11273000,180990000,16685000,197675000,None,None,None,274796000,1481953000,79958000,None,24599558,USD,-89302000,1869000,-89302000,16294000,4000000,56060000,56060000,1333000,-6643000,-6808000,-6808000,None,2140000,0,None,None,-634000,20823000,0,None,None,-6808000,6.74,6.4
5,2019-03-31,USD,15841000,14702000,13343000,15841000,1139000,1228000,None,None,1139000,167000,14702000,None,1139000,4117000,7722000,-256000,30043000,22321000,None,None,None,-256000,-3577000,None,1139000,1228000,None,USD,1428728000,53620000,84406000,32616000,1136887000,264670000,4411000,864131000,275000,14271000,7037000,150803000,77061000,53505000,965413000,81872000,81872000,587000,13296000,137911000,996037000,60247000,44682000,7108000,152713000,None,19410000,None,None,275000,None,14271000,-24919000,None,90357000,None,1290817000,11724000,152713000,18761000,171474000,None,None,None,274456000,1428728000,98187000,None,24595756,USD,-27888000,-3290000,-22862000,-22862000,4000000,40209000,-592000,926000,1395000,1560000,1560000,None,2046000,0,None,None,305000,165000,0,None,None,1560000,6.9,6.74
6,2018-12-31,USD,34136000,31130000,10227000,23909000,3006000,9172000,0,0,14712000,27596000,15752000,None,3006000,4790000,-8004000,None,None,None,0,0,0,4847000,16912000,0,9865000,9172000,None,USD,1381846000,53982000,None,33871000,1091642000,262608000,4461000,848040000,274000,13043000,6973000,150803000,74705000,23842000,925859000,55178000,381068000,-82000,1222000,110450000,1130864000,57823000,45324000,7413000,158810000,None,22641000,None,None,274000,None,13043000,-24919000,None,74705000,None,1411576000,None,158810000,6973000,165783000,None,None,None,274292000,1381846000,69166000,None,24000000,USD,1870000,4961000,-13443000,-23697000,4000000,-109016000,-109015000,16285000,9172000,-85847000,36612000,None,2027000,-1000,None,None,311000,2374000,0,None,None,None,4.69,6.9
7,2018-09-30,USD,15501000,19464000,18205000,15501000,-3963000,-4697000,0,0,-3963000,851000,19464000,None,-3963000,6361000,-8887000,None,None,None,0,0,0,-117000,-11107000,0,-3963000,-4697000,None,USD,1571407000,210761000,None,132882000,1290992000,252920000,4859000,946975000,274000,3871000,2011000,0,92418000,10678000,1131100000,160218000,577369000,-469000,1093000,196322000,1097371000,42159000,45757000,7005000,157881000,0,23907000,280415000,0,274000,0,3871000,-24919000,None,92418000,None,1401643000,None,157881000,2011000,159892000,None,None,None,274163000,1571407000,56435000,None,24000000,USD,-1621000,5472000,52935000,0,-8000000,38103000,46104000,-1367000,-4697000,107979000,16941000,None,1154000,-1000,0,0,356000,14318000,0,None,None,None,6.65,4.69
8,2018-06-30,USD,-979000,16926000,30576000,-979000,-17905000,-14647000,0,0,-17905000,763000,16926000,None,-17905000,2636000,-7925000,None,None,None,0,0,0,-4021000,-10324000,0,-13884000,-14647000,None,USD,1534529000,211123000,None,25237000,1249613000,257680000,5012000,896402000,274000,8568000,19025000,0,95149000,10344000,1080340000,179692000,330290000,-255000,1128000,87658000,1166054000,46557000,44717000,7360000,150248000,0,4246000,284916000,0,274000,0,8568000,-24919000,None,91689000,None,3460000,None,150248000,19025000,169273000,None,None,None,274012000,1534529000,55061000,None,24000000,USD,-4208000,-654000,-74782000,0,8000000,50284000,42284000,847000,-14647000,-5198000,19300000,None,496000,-1000,0,0,356000,31685000,0,None,None,None,5.48,6.65
9,2018-03-31,USD,4033000,4048000,4085000,4033000,-15000,-14874000,0,0,-15210000,27236000,3988000,None,-15000,60000,-3551000,None,None,None,0,0,0,-336000,-15195000,0,-14874000,-14874000,None,USD,616710000,None,None,None,344273000,272437000,2862000,3582000,274000,23215000,16395000,None,156290000,10956000,183873000,176657000,176657000,None,216000,11373000,448831000,272437000,None,417000,144005000,None,3634000,None,None,None,None,None,-24919000,None,None,None,None,None,None,None,None,None,None,None,None,None,None,None,24000000,USD,-4208000,3183000,-74782000,None,-6961000,-7025000,42284000,-195000,-14874000,-1734000,5291000,None,23000,-64000,None,None,130000,16788000,0,None,None,None,4.65,5.48
10,2017-12-31,USD,6105000,17383000,4204000,21639000,1783000,3345000,0,0,-1915000,-27236000,14961000,None,1878000,197000,3485000,None,None,None,0,0,0,-1574000,-19761000,0,-11046000,3345000,None,USD,635522000,None,None,None,348363000,287159000,3070000,3831000,273000,38089000,12536000,None,323583000,12690000,191293000,183089000,183089000,103681000,235000,13237000,434056000,287159000,None,547000,144534000,None,4373000,None,None,None,None,None,-24919000,None,None,None,None,None,None,None,None,None,None,None,None,None,None,None,24000000,USD,None,42000,None,None,-21450000,-21595000,None,1071000,3345000,-8272000,13323000,None,94000,-145000,None,None,222000,44936000,0,None,None,None,3.53,4.65
11,2017-09-30,USD,5575000,-7342000,3654000,-5794000,8967000,619000,0,0,1465000,27236000,-572000,None,1899000,-95000,3543000,None,None,None,0,0,0,846000,20302000,0,18343000,619000,None,USD,655420000,None,None,9510000,371840000,283580000,3295000,3138000,272000,34744000,33632000,None,318494000,19281000,193767000,185697000,185697000,58289000,235000,19841000,410719000,283580000,None,560000,144441000,None,4932000,None,None,None,None,None,-24919000,None,None,None,None,None,None,None,None,None,None,None,None,None,None,None,24000000,USD,-4208000,-3766000,-74782000,None,-2978000,-2978000,42284000,256000,619000,-2845000,17393000,None,-95000,-139000,None,None,209000,2678000,0,None,None,None,2.17,3.53
12,2017-06-30,USD,3799000,3670000,3658000,3787000,-7302000,-8130000,0,0,-5312000,0,-3062000,None,117000,57000,3408000,None,None,None,0,0,0,3918000,-6912000,0,-8130000,-8130000,None,USD,661352000,None,None,9510000,378613000,282739000,3567000,3167000,272000,34125000,38255000,None,317210000,22126000,181007000,333116000,333116000,None,244000,22881000,411505000,282739000,None,755000,159351000,None,4075000,None,None,None,None,None,-24919000,None,None,None,None,None,None,None,None,None,None,None,None,None,None,None,24000000,USD,None,-6243000,None,None,-5058000,-5065000,None,599000,-4797000,-3513000,17260000,None,-217000,-139000,None,None,14000,11792000,0,None,None,None,2.39,2.17
13,2017-03-31,USD,4252000,0,2200000,0,2473000,1111000,0,0,239000,0,2225000,None,2027000,0,3334000,None,None,None,0,0,0,-1972000,0,0,1111000,1111000,None,USD,676669000,None,None,9510000,389334000,287335000,43900000,2582000,271000,38921000,None,None,315755000,25639000,None,338174000,338174000,68132000,247000,None,644760000,287335000,None,794000,172672000,None,4678000,None,None,None,None,None,-24919000,None,None,None,None,None,None,None,None,None,None,None,None,None,None,None,24000000,USD,None,-916000,None,None,-10899000,-11031000,None,250000,1111000,4677000,15708000,None,8675000,-132000,None,None,-25000,6613000,0,None,None,None,1.98,2.39
14,2016-12-31,USD,5240000,17425000,4710000,25234000,-607000,7057000,0,0,52957000,0,12754000,None,505000,66000,3365000,None,None,None,0,5099000,0,45900000,5659000,0,18473000,7057000,None,USD,689377000,None,None,9510000,403281000,286096000,4003000,2883000,270000,37811000,45900000,None,307419000,20962000,114552000,106244000,106244000,71804000,267000,21731000,430294000,286096000,None,769000,180081000,None,5425000,None,None,None,None,None,-24919000,None,None,None,None,None,None,None,None,None,None,None,None,None,None,None,24000000,USD,None,1933000,None,None,-55466000,-71541000,None,2384000,7057000,-9950000,61591000,None,-237000,-14570000,19000,None,234000,-11231000,0,None,None,None,3.02,1.98
15,2016-09-30,USD,5373000,0,4577000,0,8416000,5042000,0,0,5042000,0,4605000,None,768000,0,3374000,None,None,None,0,0,0,0,0,0,5042000,5042000,None,USD,641091000,5099000,None,19020000,360308000,280783000,None,1928000,269000,31956000,None,5099000,226925000,24708000,None,352196000,352196000,53509000,374000,None,604648000,275684000,None,697000,111218000,None,6184000,None,None,None,None,None,-24232000,None,None,None,None,None,None,None,None,None,None,None,None,None,None,None,24000000,USD,None,1729000,None,None,-94524000,-96528000,None,892000,5042000,-14942000,60326000,None,6715000,-13368000,-837000,None,306000,67007000,0,None,None,None,4.22,3.02
16,2016-06-30,USD,5857000,0,3863000,0,0,4568000,0,0,4568000,0,0,None,1966000,0,3368000,None,None,None,0,0,0,0,0,0,0,4568000,None,USD,730718000,5099000,None,33127000,453067000,277651000,None,2496000,269000,28125000,None,5099000,201427000,39650000,None,None,None,None,246000,None,None,None,69990000,None,111219000,None,3851000,None,None,None,None,None,-23396000,None,None,None,None,None,None,None,None,None,None,None,None,None,None,None,24000000,USD,None,None,None,None,None,29998000,None,None,4568000,None,None,None,None,-12201000,None,None,137000,None,0,None,None,None,7.38,4.22
17,2016-03-31,USD,9026000,0,4427000,0,0,6848000,0,0,6848000,0,0,None,4570000,0,2531000,None,None,None,0,0,0,0,0,0,0,6848000,None,USD,708138000,5099000,None,36297000,429065000,279073000,None,971000,269000,29628000,None,5099000,184440000,30685000,None,None,None,None,159000,None,None,None,69541000,None,173189000,None,9413000,None,None,None,None,None,-23396000,None,None,None,None,None,None,None,None,None,None,None,None,None,None,None,24000000,USD,None,None,None,None,None,14066000,None,None,6848000,None,None,None,None,-95000,None,None,58000,None,0,None,None,None,9.23,7.38
18,2015-12-31,USD,9351000,16531000,3497000,42779000,26248000,6910000,0,0,6910000,0,16511000,None,5821000,20000,2465000,None,None,None,0,5099000,0,0,3128000,0,29376000,6910000,None,USD,689050000,5099000,None,37882000,410962000,278088000,2126000,1302000,269000,28866000,1302000,5099000,178868000,30912000,181048000,129518000,129518000,44483000,198000,34915000,354690000,272989000,49884000,4003000,107747000,None,5120000,None,None,None,None,None,-23396000,None,None,None,None,None,None,None,None,None,None,None,None,None,None,None,24000000,USD,None,-1481000,None,11969000,55745000,28442000,None,-4533000,6910000,-16171000,12539000,None,139000,-24372000,281000,None,-15000,-68326000,82000,None,None,None,7.04,9.23
19,2015-09-30,USD,10786000,0,4116000,0,0,7312000,0,0,7312000,0,0,None,6638000,0,2402000,None,None,None,0,0,0,0,0,0,0,7312000,None,USD,661297000,5099000,None,37882000,384380000,276917000,None,1294000,269000,28041000,None,5099000,173641000,36948000,None,None,None,None,189000,None,None,None,29963000,None,377928000,None,5158000,None,None,None,None,None,-23396000,None,None,None,None,None,None,None,None,None,None,None,None,None,None,None,24000000,USD,None,None,None,None,None,7917000,None,None,7312000,None,7217000,None,None,-18285000,None,None,38000,None,40000,None,None,None,7.58,7.04
