,fiscalDateEnding,reportedCurrency_x,totalRevenue,totalOperatingExpense,costOfRevenue,grossProfit,ebit,netIncome_x,researchAndDevelopment,effectOfAccountingCharges,incomeBeforeTax,minorityInterest,sellingGeneralAdministrative,otherNonOperatingIncome,operatingIncome,otherOperatingExpense,interestExpense,taxProvision,interestIncome,netInterestIncome,extraordinaryItems,nonRecurring,otherItems,incomeTaxExpense,totalOtherIncomeExpense,discontinuedOperations,netIncomeFromContinuingOperations,netIncomeApplicableToCommonShares,preferredStockAndOtherAdjustments,reportedCurrency_y,totalAssets,intangibleAssets,earningAssets,otherCurrentAssets,totalLiabilities,totalShareholderEquity,deferredLongTermLiabilities,otherCurrentLiabilities,commonStock,retainedEarnings,otherLiabilities,goodwill,otherAssets,cash,totalCurrentLiabilities,shortTermDebt,currentLongTermDebt,otherShareholderEquity,propertyPlantEquipment,totalCurrentAssets,longTermInvestments,netTangibleAssets,shortTermInvestments,netReceivables,longTermDebt,inventory,accountsPayable,totalPermanentEquity,additionalPaidInCapital,commonStockTotalEquity,preferredStockTotalEquity,retainedEarningsTotalEquity,treasuryStock,accumulatedAmortization,otherNonCurrrentAssets,deferredLongTermAssetCharges,totalNonCurrentAssets,capitalLeaseObligations,totalLongTermDebt,otherNonCurrentLiabilities,totalNonCurrentLiabilities,negativeGoodwill,warrants,preferredStockRedeemable,capitalSurplus,liabilitiesAndShareholderEquity,cashAndShortTermInvestments,accumulatedDepreciation,commonStockSharesOutstanding,reportedCurrency,investments,changeInLiabilities,cashflowFromInvestment,otherCashflowFromInvestment,netBorrowings,cashflowFromFinancing,otherCashflowFromFinancing,changeInOperatingActivities,netIncome_y,changeInCash,operatingCashflow,otherOperatingCashflow,depreciation,dividendPayout,stockSaleAndPurchase,changeInInventory,changeInAccountReceivables,changeInNetIncome,capitalExpenditures,changeInReceivables,changeInExchangeRate,changeInCashAndCashEquivalents,clossingVal,nextClossingVal
0,2020-06-30,USD,16725000,12352000,None,16725000,4373000,3454000,None,None,4373000,None,12352000,None,4373000,1373000,1983000,919000,16441000,14458000,None,None,None,919000,None,None,3454000,3454000,None,USD,1518473000,4706000,None,28110000,1354316000,164157000,None,1227552000,127213000,35295000,12298000,19574000,1190553000,139153000,1342018000,114466000,None,1649000,25448000,167263000,1257138000,139877000,108703000,None,114466000,None,None,None,None,127213000,None,35295000,None,None,42617000,None,1727000,None,None,12298000,12298000,None,None,None,None,1518473000,139153000,None,10533589,USD,-102029000,1268000,-103524000,265000,24556000,155252000,132171000,-1141000,3454000,57436000,5708000,-1999000,720000,-1475000,0,None,None,2265000,1760000,None,None,57436000,10.37,
1,2020-03-31,USD,15234000,11372000,None,15234000,3862000,3051000,None,None,3862000,None,11372000,None,3862000,1494000,2268000,811000,15665000,13397000,None,None,None,811000,None,None,3051000,3051000,None,USD,1356381000,4874000,128514000,31000,1196321000,160060000,None,1118171000,127003000,33316000,11030000,19574000,1079628000,110790000,1185291000,67120000,3000000,-259000,24522000,110821000,1153619000,135612000,114734000,None,64120000,None,None,None,None,127003000,None,33316000,None,None,39817000,None,3154000,None,3403000,11030000,11030000,None,None,None,None,1356381000,110790000,None,10533589,USD,10785000,-667000,9268000,67000,19134000,34634000,19704000,1423000,3051000,47246000,3344000,2546000,687000,-1475000,-2729000,None,None,-2273000,1584000,None,None,47246000,10.45,10.37
2,2019-12-31,USD,15163000,10814000,None,15163000,4349000,3295000,None,None,4349000,None,10814000,None,4349000,1298000,2416000,1054000,15766000,13350000,None,None,None,1054000,-135000,None,3295000,3295000,None,USD,1320069000,5043000,123223000,32000,1158150000,161919000,None,1081902000,129564000,31740000,7235000,19574000,1095134000,65013000,1146453000,64551000,10968000,615000,23608000,65045000,1161440000,137302000,107972000,None,64551000,2194000,1075677000,None,None,129564000,None,31740000,None,None,41627000,None,3732000,None,403000,11697000,11697000,None,None,None,None,1320069000,65013000,None,10748712,USD,7933000,195000,8149000,1125000,697000,-38709000,-37902000,-2389000,3295000,-33098000,-2538000,-2301000,-5000,-1504000,None,None,None,-3722000,909000,None,None,-33098000,17.46,10.45
3,2019-09-30,USD,15152000,10444000,None,15152000,4708000,3719000,None,None,4708000,None,10444000,None,4708000,1440000,2706000,989000,16030000,13324000,None,None,None,989000,165000,None,3719000,3719000,None,USD,1355383000,5212000,139492000,None,1195218000,160165000,None,1113579000,129292000,29949000,11560000,19574000,1098056000,99123000,1183658000,70079000,None,924000,23709000,99123000,1161725000,135379000,107091000,None,70079000,2618000,1113579000,None,None,129292000,None,29949000,None,None,41441000,None,4599000,None,403000,11560000,11560000,None,None,None,None,1355383000,99123000,None,10740712,USD,4359000,-296000,3350000,106000,23847000,21069000,-1274000,-7937000,3719000,22234000,-2185000,-7348000,1630000,-1504000,None,None,None,110000,1115000,None,None,22234000,15.46,17.46
4,2019-06-30,USD,14907000,10263000,None,14907000,4644000,3669000,None,None,4644000,None,10263000,None,4644000,1174000,2763000,975000,16760000,13997000,None,None,None,975000,-150000,None,3669000,3669000,None,USD,1330723000,5380000,127747000,None,1172883000,157840000,None,1114853000,129262000,27734000,11798000,19574000,1092051000,78079000,1161085000,46232000,None,844000,23166000,78079000,1165745000,132886000,110348000,None,46232000,2125000,1114853000,None,None,129262000,None,27734000,None,None,34170000,None,4609000,None,480000,11798000,11798000,None,None,None,None,1330723000,78079000,None,10740712,USD,-12004000,454000,-12150000,221000,-7426000,8897000,17605000,2131000,3669000,3727000,6980000,1943000,637000,-1282000,None,None,None,277000,367000,None,None,3727000,15.8,15.46
5,2019-03-31,USD,14253000,10244000,None,14253000,4009000,3167000,None,None,4009000,None,10244000,None,4009000,1168000,2592000,842000,15828000,13236000,None,None,None,842000,-162000,None,3167000,3167000,None,USD,1316996000,5549000,132136000,None,1162250000,154746000,None,1104028000,129204000,25347000,11344000,19224000,6906000,74599000,1150906000,46878000,None,195000,23479000,74599000,1153734000,129973000,113460000,None,480000,1961000,1097248000,None,None,129204000,None,25347000,None,None,33505000,None,6906000,None,480000,11344000,11344000,None,None,None,None,1316996000,74599000,None,10740712,USD,-4245000,3351000,-4176000,415000,-6783000,-8358000,-289000,965000,3167000,-7194000,5340000,-2062000,618000,-1286000,None,None,None,266000,346000,None,None,-7194000,15.74,15.8
6,2018-12-31,USD,14937000,10677000,2599000,14937000,4260000,3365000,0,0,4260000,0,10677000,None,4260000,1232000,2299000,None,None,None,0,0,0,895000,-724000,0,3365000,3365000,None,USD,1318040000,5720000,None,29252000,1165971000,152069000,None,1100442000,129066000,23466000,7993000,22024000,1063969000,82533000,1157978000,57536000,16689000,-463000,22783000,82533000,1150429000,124325000,13452000,None,40847000,3119000,1097537000,None,None,129066000,None,23466000,None,None,28788000,None,5763000,None,476000,7993000,7993000,None,None,None,None,1318040000,82533000,None,10712745,USD,-4174000,289000,-12846000,-8298000,-8775000,6206000,16266000,6776000,3365000,3529000,10169000,6030000,47000,-1285000,32451000,None,None,438000,374000,None,None,3529000,13.65,15.74
7,2018-09-30,USD,14507000,10618000,2127000,14507000,3889000,3069000,0,0,3889000,0,10618000,None,3889000,1217000,2077000,None,None,None,0,0,0,820000,-587000,0,3069000,3069000,None,USD,1254335000,4373000,None,None,1104968000,149367000,0,1039058000,129008000,21386000,7694000,20389000,1018691000,74637000,1097274000,58216000,None,-1027000,21831000,74637000,1100387000,124605000,9149000,None,58216000,2149000,1028058000,0,0,129008000,0,21386000,0,None,26433000,None,6285000,None,None,7694000,7694000,None,None,None,None,1254335000,74637000,None,10712745,USD,12393000,-286000,12067000,365000,-32531000,-21333000,12557000,-433000,3069000,-4261000,5005000,673000,1262000,-1286000,-73000,698000,0,287000,691000,None,None,-4261000,16.2,13.65
8,2018-06-30,USD,11576000,11077000,2225000,11576000,499000,396000,0,0,499000,0,11077000,None,499000,1052000,2125000,None,None,None,0,0,0,103000,-2203000,0,396000,396000,None,USD,1274095000,4504000,None,None,1125228000,148867000,0,1025501000,128880000,19602000,7980000,20389000,1029647000,80622000,1117248000,91747000,101747000,385000,21790000,80622000,1112418000,123974000,10873000,None,91747000,2461000,1015501000,0,0,128880000,0,19602000,0,None,26372000,None,8000000,None,None,7980000,7980000,None,None,None,None,1274095000,80622000,None,10712745,USD,50990000,1178000,63875000,13821000,-28977000,-42750000,-45011000,1856000,396000,24462000,3337000,781000,667000,-1286000,32524000,454000,0,315000,936000,None,None,24462000,16.58,16.2
9,2018-03-31,USD,9873000,7928000,1796000,9873000,1945000,1537000,0,0,1945000,0,7928000,None,1945000,903000,1746000,None,None,None,0,0,0,408000,-371000,0,1537000,1537000,None,USD,983929000,1860000,None,None,902072000,81857000,0,816797000,62080000,20493000,5273000,5694000,828688000,54930000,896799000,80002000,90002000,-716000,16329000,54930000,880742000,74303000,11391000,None,79002000,2526000,806797000,0,0,62080000,0,20493000,0,None,19700000,None,4674000,None,None,5273000,5273000,None,None,None,None,983929000,54930000,None,6332560,USD,1865000,-1144000,2387000,1070000,10450000,-1506000,-11201000,-631000,1537000,3001000,2120000,921000,631000,-755000,0,139000,0,175000,548000,None,None,3001000,16.25,16.58
10,2017-12-31,USD,10756000,7918000,1952000,10756000,2838000,-20000,0,0,2838000,0,7918000,None,2838000,4215000,4704000,None,None,None,0,0,0,2858000,-1169000,0,-20000,-20000,None,USD,985367000,1922000,None,15131000,903967000,81400000,0,817998000,61981000,19711000,6417000,5694000,108720000,53912000,897550000,79552000,12277000,-292000,16290000,129809000,805999000,73784000,75897000,None,79552000,3558000,817998000,0,0,61981000,0,19711000,0,None,20683000,None,4970000,None,None,6417000,6417000,None,None,None,None,985367000,129809000,None,6294930,USD,3783000,1181000,4572000,971000,-11845000,-29806000,-17205000,1705000,-20000,-20256000,4978000,2970000,625000,-756000,0,1130000,0,222000,182000,None,None,-20256000,15.9,16.25
11,2017-09-30,USD,10742000,7724000,1934000,10742000,3018000,2093000,0,0,3018000,0,7724000,None,3018000,-1342000,187000,None,None,None,0,0,0,925000,0,0,2093000,2093000,None,USD,1015070000,1985000,None,None,932421000,82649000,0,835203000,61881000,20439000,5821000,5694000,119963000,74306000,926600000,91397000,1295000,329000,16619000,159315000,803019000,74970000,85009000,None,90102000,4413000,835203000,0,0,61881000,0,20439000,0,None,22172000,None,6266000,None,None,5821000,5821000,None,None,None,None,1015070000,159315000,None,6294930,USD,-21656000,-47000,-21072000,1063000,-627000,-14424000,-13042000,1806000,2093000,-31296000,4200000,2978000,628000,-755000,0,873000,0,-1452000,479000,None,None,-31296000,15.5,15.9
12,2017-06-30,USD,10064000,7517000,1597000,10064000,2547000,1680000,0,0,2547000,0,7517000,None,2547000,455000,117000,None,None,None,0,0,0,867000,0,0,1680000,1680000,None,USD,1027450000,2047000,None,None,946137000,81313000,0,848245000,61782000,19101000,5868000,5694000,117836000,106540000,940269000,92024000,92024000,430000,16654000,188752000,785620000,73572000,82212000,None,90729000,4050000,848245000,0,0,61782000,0,19101000,0,None,21544000,None,7139000,None,None,5868000,5868000,None,None,None,None,1027450000,188752000,None,6294930,USD,-3711000,341000,-4682000,209000,22745000,48415000,26425000,536000,1680000,47809000,4076000,195000,601000,-755000,0,614000,0,1259000,1180000,None,None,47809000,13.99,15.5
13,2017-03-31,USD,9792000,7177000,1580000,9792000,2615000,1726000,0,0,2615000,0,7177000,None,2615000,150000,1430000,None,None,None,0,0,0,889000,0,0,1726000,1726000,None,USD,976635000,2110000,None,None,896626000,80009000,0,824820000,61683000,18176000,5527000,5694000,120182000,57336000,891099000,66279000,69279000,150000,15970000,141218000,781400000,72205000,83882000,None,66279000,4466000,821820000,0,0,61683000,0,18176000,0,None,22592000,None,7651000,None,None,5527000,5527000,None,None,None,None,976635000,141218000,None,6294930,USD,-1532000,-2293000,-1328000,740000,-4300000,-6748000,-1692000,1334000,1726000,-5586000,2490000,1334000,572000,-756000,0,298000,0,1151000,536000,None,None,-5586000,13.72,13.99
14,2016-12-31,USD,10009000,7509000,1717000,10009000,2500000,1698000,0,0,2500000,0,7509000,None,2500000,3103000,3586000,None,None,None,0,0,0,802000,-3791000,0,1698000,1698000,None,USD,983520000,2172000,None,None,904911000,78609000,0,829512000,61583000,17206000,7820000,5694000,125208000,63713000,897091000,67579000,73579000,-180000,15891000,149986000,776837000,70743000,86273000,None,67579000,4782000,823512000,0,0,61583000,0,17206000,0,None,24180000,None,8760000,None,None,7820000,7820000,None,None,None,None,983520000,149986000,None,6263371,USD,-27047000,1894000,-6207000,21144000,5849000,21574000,16332000,-9077000,1698000,-1860000,-17227000,-22744000,585000,-607000,0,1575000,0,1340000,304000,None,None,-1860000,13.47,13.72
15,2016-09-30,USD,9985000,7285000,1499000,9985000,2700000,1778000,0,0,2700000,0,7285000,None,2700000,0,202000,None,None,None,0,0,0,922000,0,0,1778000,1778000,None,USD,959121000,2235000,None,None,880836000,78285000,0,807180000,61433000,16115000,5926000,5694000,125220000,65588000,874910000,67730000,None,737000,16028000,154474000,751942000,70356000,88886000,None,67730000,3269000,807180000,0,0,61433000,0,16115000,0,None,19461000,None,9287000,None,None,5926000,5926000,None,None,None,None,959121000,154474000,None,6263371,USD,7026000,-579000,-534000,-6747000,-2874000,6114000,9633000,None,1778000,8380000,2800000,-208000,511000,-645000,0,959000,0,1298000,813000,None,None,8380000,11.49,13.47
16,2016-06-30,USD,8742000,8893000,1247000,8742000,-151000,-125000,0,0,-151000,0,8893000,None,-151000,0,75000,None,None,None,0,0,0,-26000,0,0,-125000,-125000,None,USD,892328000,1992000,None,None,815247000,77081000,0,738363000,61283000,14982000,6280000,5173000,105816000,50058000,808967000,70604000,None,816000,14699000,121172000,720902000,69916000,71114000,None,70604000,3492000,738363000,0,0,61283000,0,14982000,0,None,18243000,None,10147000,None,None,6280000,6280000,None,None,None,None,892328000,121172000,None,6226246,USD,-21769000,-110000,-34634000,-12182000,3150000,43331000,40871000,None,-125000,22219000,13522000,13084000,430000,-639000,-51000,514000,0,243000,683000,None,None,22219000,11.01,11.49
17,2016-03-31,USD,7915000,6198000,1022000,7915000,1717000,1132000,0,0,1717000,0,6198000,None,1717000,0,1022000,None,None,None,0,0,0,585000,0,0,1132000,1132000,None,USD,732932000,1046000,None,None,655537000,77395000,0,602978000,61184000,15746000,6105000,3805000,80951000,25174000,649432000,46454000,None,465000,12491000,79195000,613801000,72544000,54021000,None,46454000,2684000,592978000,0,0,61184000,0,15746000,0,None,14071000,None,8523000,None,None,6105000,6105000,None,None,None,None,732932000,79195000,None,6231246,USD,-833000,-485000,-923000,247000,10700000,-7351000,-17345000,None,1132000,-6992000,1282000,-414000,395000,-607000,-99000,228000,0,654000,337000,None,None,-6992000,10.25,11.01
18,2015-12-31,USD,8158000,6306000,1380000,8158000,1852000,1593000,0,0,1852000,0,6306000,None,1852000,3001000,3243000,None,None,None,0,0,0,259000,-838000,0,1593000,1593000,None,USD,739269000,1076000,None,None,662667000,76602000,0,610323000,61133000,15221000,6590000,3805000,80934000,32266000,656077000,45754000,45754000,248000,12524000,85994000,613390000,71721000,53728000,None,45754000,2324000,610323000,0,0,61133000,0,15221000,0,None,13267000,None,9213000,None,None,6590000,6590000,None,None,None,None,739269000,85994000,None,6217620,USD,-95000,-364000,462000,775000,-3839000,-16782000,-12011000,1808000,1593000,-13573000,2747000,195000,405000,-601000,-331000,873000,0,918000,218000,None,None,-13573000,11.49,10.25
19,2015-09-30,USD,7658000,6114000,1500000,7658000,1544000,1018000,0,0,1544000,0,6114000,None,1544000,0,51000,None,None,None,0,0,0,526000,0,0,1018000,1018000,None,USD,754972000,1106000,None,None,678881000,76091000,0,622334000,61320000,14771000,6954000,3805000,82209000,45839000,671927000,49593000,None,542000,12670000,100271000,614127000,71180000,54432000,None,49593000,2296000,622334000,0,0,61320000,0,14229000,0,None,13667000,None,9326000,None,None,6954000,6954000,None,None,None,None,754972000,100271000,None,6000000,USD,2012000,666000,1704000,141000,-14890000,17698000,33513000,None,1018000,21920000,2518000,-581000,424000,-640000,-285000,604000,0,991000,449000,None,None,21920000,10.1,11.49
