,fiscalDateEnding,reportedCurrency_x,totalRevenue,totalOperatingExpense,costOfRevenue,grossProfit,ebit,netIncome_x,researchAndDevelopment,effectOfAccountingCharges,incomeBeforeTax,minorityInterest,sellingGeneralAdministrative,otherNonOperatingIncome,operatingIncome,otherOperatingExpense,interestExpense,taxProvision,interestIncome,netInterestIncome,extraordinaryItems,nonRecurring,otherItems,incomeTaxExpense,totalOtherIncomeExpense,discontinuedOperations,netIncomeFromContinuingOperations,netIncomeApplicableToCommonShares,preferredStockAndOtherAdjustments,reportedCurrency_y,totalAssets,intangibleAssets,earningAssets,otherCurrentAssets,totalLiabilities,totalShareholderEquity,deferredLongTermLiabilities,otherCurrentLiabilities,commonStock,retainedEarnings,otherLiabilities,goodwill,otherAssets,cash,totalCurrentLiabilities,shortTermDebt,currentLongTermDebt,otherShareholderEquity,propertyPlantEquipment,totalCurrentAssets,longTermInvestments,netTangibleAssets,shortTermInvestments,netReceivables,longTermDebt,inventory,accountsPayable,totalPermanentEquity,additionalPaidInCapital,commonStockTotalEquity,preferredStockTotalEquity,retainedEarningsTotalEquity,treasuryStock,accumulatedAmortization,otherNonCurrrentAssets,deferredLongTermAssetCharges,totalNonCurrentAssets,capitalLeaseObligations,totalLongTermDebt,otherNonCurrentLiabilities,totalNonCurrentLiabilities,negativeGoodwill,warrants,preferredStockRedeemable,capitalSurplus,liabilitiesAndShareholderEquity,cashAndShortTermInvestments,accumulatedDepreciation,commonStockSharesOutstanding,reportedCurrency,investments,changeInLiabilities,cashflowFromInvestment,otherCashflowFromInvestment,netBorrowings,cashflowFromFinancing,otherCashflowFromFinancing,changeInOperatingActivities,netIncome_y,changeInCash,operatingCashflow,otherOperatingCashflow,depreciation,dividendPayout,stockSaleAndPurchase,changeInInventory,changeInAccountReceivables,changeInNetIncome,capitalExpenditures,changeInReceivables,changeInExchangeRate,changeInCashAndCashEquivalents,clossingVal,nextClossingVal
0,2020-04-30,USD,117040000,95520000,95520000,21520000,28445000,18791000,None,None,22531000,None,None,6925000,21520000,4975000,5914000,3740000,None,-5914000,None,None,None,3740000,6925000,None,18791000,18791000,None,USD,2163719000,None,None,55371000,687092000,955171000,261721000,18394000,36163000,524600000,559744000,None,168112000,51642000,109623000,30144000,19714000,None,1686159000,217750000,93371000,1476627000,None,64655000,521456000,46082000,61085000,None,None,None,None,None,None,None,166439000,None,1945969000,17725000,521456000,315748000,577469000,None,None,None,None,2163719000,51642000,None,None,USD,-934000,-5457000,-39894000,-501000,-4161000,62361000,-366000,-9612000,18791000,54098000,31631000,-1177000,18434000,-12747000,79635000,None,None,1040000,38459000,None,None,54098000,64.66,
1,2020-01-31,USD,149873000,118433000,118433000,31440000,37111000,26037000,None,None,31050000,None,None,5671000,31440000,4907000,6061000,5013000,-6061000,-6061000,None,None,None,5013000,5671000,None,26037000,26037000,None,USD,2072697000,None,None,33311000,680591000,869492000,259640000,21581000,34668000,518556000,552004000,None,168071000,17451000,111006000,33426000,22686000,None,1653103000,162193000,91084000,1392106000,None,70707000,522614000,40724000,55999000,None,None,None,None,None,None,None,166317000,None,1910504000,17581000,522614000,309945000,569585000,None,None,None,316268000,2072697000,17451000,None,35000000,USD,-1643000,-2738000,-48799000,-398000,1845000,-11040000,-664000,11351000,26037000,-6020000,53819000,14136000,18167000,-12221000,None,None,None,-1783000,46758000,None,None,-6020000,79.93,64.66
2,2019-10-31,USD,140941000,-91420000,119064000,21877000,25614000,16662000,None,None,19778000,None,-19858000,3737000,21877000,-71562000,5836000,751000,-5836000,-7071000,None,None,None,3116000,-4371000,None,16662000,16662000,None,USD,2081664000,14700000,None,38557000,702247000,855676000,259405000,23904000,34668000,504740000,555552000,None,153477000,23481000,128820000,29759000,19659000,None,1642683000,181641000,90303000,1379417000,None,74321000,523741000,45282000,75157000,None,None,34668000,None,504740000,None,None,167037000,None,1900023000,17379000,523741000,314022000,573427000,None,None,None,316268000,2081664000,23481000,None,34668000,USD,-1919000,6392000,-37826000,-260000,-5648000,-18375000,-507000,-454000,16662000,-37428000,18773000,-18373000,18139000,-12220000,None,-3420000,1060000,-1687000,35647000,1060000,None,-37428000,77.04,79.93
3,2019-07-31,USD,138198000,99460000,99460000,38738000,43942000,30657000,None,None,38111000,None,32000,5204000,38738000,5078000,5831000,7454000,-5831000,-5831000,None,None,None,7454000,5204000,None,30657000,30657000,None,USD,2066973000,None,None,30926000,725580000,851234000,258819000,26730000,34668000,500298000,555687000,None,163621000,61112000,152051000,69522000,59132000,None,1612975000,204396000,88024000,1341393000,None,64598000,490159000,47760000,55799000,None,None,None,None,None,None,None,161578000,None,1862577000,17657000,490159000,314710000,573529000,None,None,None,316268000,2066973000,61112000,None,35000000,USD,-2508000,-23137000,-51897000,-92000,29858000,17499000,-138000,-24179000,30658000,-8580000,25818000,-1192000,18193000,-12221000,None,-3420000,1060000,1296000,49297000,None,None,-8580000,74.15,77.04
4,2019-04-30,USD,122147000,102364000,102364000,19783000,24802000,15548000,None,None,19053000,None,33000,5019000,19783000,4985000,5749000,3505000,-5749000,-5749000,None,None,None,3505000,5019000,None,15548000,15548000,None,USD,2026086000,None,None,36167000,702072000,832797000,258656000,31109000,34668000,481861000,555983000,None,164842000,69913000,128225000,38775000,28105000,None,1566751000,211600000,84996000,1324014000,None,64938000,491217000,40582000,58341000,None,None,None,None,None,None,None,162739000,None,1814486000,17720000,491217000,315191000,573847000,None,None,None,316268000,2026086000,69913000,None,35000000,USD,-2646000,-4133000,-49755000,50000,16366000,4472000,-194000,-2449000,15547000,-12594000,32689000,4490000,18091000,-11700000,None,-3420000,1060000,-1306000,47159000,None,None,-12594000,67.79,74.15
5,2019-01-31,USD,167569000,136785000,137057000,30512000,35363000,24007000,None,None,29716000,None,27000,4851000,30512000,4963000,5647000,5709000,-5647000,-5995000,None,None,None,5709000,2207000,None,24007000,24007000,None,USD,2003566000,None,None,29264000,682333000,828950000,255232000,30995000,34668000,478014000,552105000,None,161353000,82402000,112477000,19309000,10579000,None,1538782000,221278000,82032000,1321233000,None,77334000,492283000,32278000,62173000,None,None,None,None,None,None,None,161474000,None,1782288000,17666000,492283000,314624000,569856000,None,None,None,316268000,2003566000,82402000,None,35000000,USD,-740000,3182000,-32879000,-206000,-8129000,-20829000,-999000,16847000,24007000,-513000,53195000,10249000,17139000,-11701000,None,-3420000,1060000,-1382000,31933000,None,None,-513000,64.31,67.79
6,2018-10-31,USD,140079000,-19415000,116089000,23990000,27065000,16361000,0,0,22003000,0,-4757000,3075000,23990000,-14658000,5062000,5642000,None,None,0,0,0,5642000,-4725000,0,16361000,16361000,None,USD,1988618000,9200000,None,37365000,678631000,816644000,256750000,27939000,34668000,465708000,558003000,None,151421000,83102000,120628000,26103000,4553000,None,1509437000,240560000,80709000,1309987000,None,78098000,493343000,41995000,66586000,None,None,34668000,None,465708000,None,None,157912000,None,1748058000,None,493343000,301253000,558003000,None,None,None,316268000,1988618000,83102000,None,34668000,USD,-1125000,1076000,-64894000,-573000,11877000,174000,-3000,-19348000,16361000,-50112000,14608000,-19248000,14658000,-11700000,None,2724000,922000,-1885000,63196000,922000,None,-50112000,62.48,64.31
7,2018-07-31,USD,137795000,-19129000,97997000,39798000,44128000,29506000,0,0,39103000,0,-4870000,4330000,39798000,-14259000,5025000,9597000,None,None,0,0,0,9597000,-3431000,0,29506000,29506000,None,USD,1974297000,6200000,None,31192000,667916000,811983000,256960000,17839000,34668000,461047000,569427000,0,154478000,133855000,98489000,13877000,4527000,None,1459462000,280712000,77192000,1306381000,406000,70237000,494398000,45428000,66773000,0,192417000,17348000,0,282135000,0,None,156931000,None,1693585000,None,494398000,312467000,569427000,None,None,None,316268000,1974297000,133855000,None,35000000,USD,-1521000,7359000,-50363000,-230000,50683000,38323000,-659000,3769000,29506000,34774000,46814000,-5449000,14259000,-11701000,0,2724000,922000,1139000,48612000,None,None,34774000,64.0,62.48
8,2018-04-30,USD,124262000,-18786000,100031000,24231000,28962000,18351000,0,0,24179000,0,-4914000,4731000,24231000,-13872000,4783000,5828000,None,None,0,0,0,5828000,-52000,0,18351000,18351000,None,USD,1893445000,0,None,37610000,683169000,794178000,257058000,23567000,34668000,443242000,564743000,0,158790000,95579000,118426000,41562000,4502000,None,1420262000,242310000,76271000,1210276000,3516000,67312000,416098000,41809000,53297000,0,192417000,17348000,0,282135000,0,None,154602000,None,1651135000,None,416098000,307685000,564743000,None,None,None,316268000,1893445000,95579000,None,35000000,USD,-1403000,6438000,-63528000,633000,24090000,12910000,-659000,10350000,18351000,-5978000,44640000,6717000,13872000,-11180000,0,2724000,922000,-738000,62758000,None,None,-5978000,58.05,64.0
9,2018-01-31,USD,157632000,-18492000,131444000,26188000,31107000,20001000,0,0,26368000,0,-4869000,4919000,26188000,-13623000,4739000,6367000,None,None,0,0,0,6367000,0,0,20001000,20001000,None,USD,1843578000,0,None,36236000,659438000,787007000,257542000,21890000,34668000,436071000,328006000,0,228624000,101157000,106230000,36427000,36427000,None,1366214000,248740000,76625000,1184140000,2763000,74629000,397133000,36718000,47913000,0,192417000,17348000,0,282135000,0,None,151999000,None,1594838000,None,397133000,295666000,553208000,None,None,None,316268000,1843578000,101157000,None,35000000,USD,-1877000,-7771000,-39543000,-35000,-2103000,-13284000,None,27137000,20001000,-5849000,46978000,24789000,13623000,-11181000,0,0,0,-3664000,37631000,None,None,-5849000,59.8,58.05
10,2017-10-31,USD,140274000,-18256000,114000000,26274000,27558000,36134000,0,0,22741000,0,-4785000,1284000,26274000,-13471000,4817000,None,None,None,0,0,0,-13393000,0,0,36134000,36134000,None,USD,1855182000,0,None,55747000,678834000,778187000,260038000,24391000,34668000,426874000,326272000,0,223194000,107952000,126514000,36632000,36632000,377000,1341357000,290631000,72560000,1176348000,0,83139000,398161000,43793000,65491000,0,192417000,34668000,0,426874000,0,None,150634000,None,1564551000,None,398161000,292282000,552320000,None,None,None,316268000,1855182000,107952000,None,34668000,USD,-4218000,16273000,-45247000,816000,25902000,14491000,-231000,16737000,36134000,3219000,33975000,-12898000,13471000,-11180000,0,-2568000,0,-10381000,41845000,-6056000,None,3219000,66.05,59.8
11,2017-07-31,USD,139539000,-18102000,96538000,43001000,46940000,26629000,0,0,42213000,0,-4730000,3939000,43001000,-13372000,4727000,None,None,None,0,0,0,15584000,0,0,26629000,26629000,None,USD,1810000000,0,None,36533000,667347000,753247000,424954000,18616000,34668000,402311000,192701000,0,242243000,104733000,84582000,19716000,19716000,None,1312400000,255357000,86455000,1142653000,0,67481000,389406000,46610000,46250000,0,192417000,17348000,0,291888000,0,None,155788000,None,1554643000,None,389406000,157811000,582765000,None,None,None,None,1810000000,104733000,None,35000000,USD,-1306000,-6099000,-24166000,1257000,5907000,-5323000,-49000,-1642000,26629000,1817000,31306000,-3712000,13372000,-11181000,0,0,0,1116000,24117000,None,None,1817000,66.55,66.05
12,2017-04-30,USD,126463000,-18127000,99912000,26551000,29165000,15543000,0,0,24279000,0,-4852000,2614000,26551000,-13275000,4886000,None,None,None,0,0,0,8736000,0,0,15543000,15543000,None,USD,1792504000,0,None,39718000,664327000,737739000,423736000,20870000,34668000,386803000,194571000,0,244024000,102916000,83640000,13404000,13404000,None,1299185000,249295000,84946000,1128177000,0,65514000,390438000,41147000,49366000,0,192417000,17348000,0,291888000,0,None,159078000,None,1543209000,None,390438000,156951000,580687000,None,None,None,None,1792504000,102916000,None,35000000,USD,-2618000,-2198000,-28433000,237000,-1087000,-11776000,-28000,-2106000,15543000,-14786000,25423000,-5173000,13275000,-10661000,0,0,0,3976000,26052000,None,None,-14786000,64.3,66.55
13,2017-01-31,USD,156823000,-17886000,123913000,32910000,35361000,19300000,0,0,30467000,0,-4927000,2451000,32910000,-12959000,4894000,None,None,None,0,0,0,11167000,0,0,19300000,19300000,None,USD,1785319000,0,None,32206000,661025000,732825000,421633000,17907000,34668000,381889000,196308000,0,243989000,117702000,83514000,12640000,12640000,None,1287236000,254094000,81806000,1124294000,0,70981000,391469000,33205000,52967000,0,192417000,17348000,0,291888000,0,None,162183000,None,1531225000,None,391469000,155878000,577511000,None,None,None,None,1785319000,117702000,None,35000000,USD,-2939000,-9318000,-18515000,541000,8920000,-2029000,-289000,31789000,19300000,21743000,42287000,29717000,12959000,-10660000,0,0,0,-10371000,16117000,None,None,21743000,63.65,64.3
14,2016-10-31,USD,138925000,-16509000,114967000,23958000,26943000,14502000,0,0,22072000,0,-5221000,2985000,23958000,-11288000,4871000,None,None,None,0,0,0,7570000,0,0,14502000,14502000,None,USD,1801060000,0,None,60156000,694181000,724088000,427730000,26366000,34668000,372950000,205916000,0,243486000,95959000,103505000,11953000,11953000,202000,1282059000,275515000,81893000,1106879000,0,78263000,382791000,41137000,65186000,0,192417000,34668000,0,372950000,0,None,161593000,None,1525545000,None,382791000,162946000,590676000,None,None,None,316268000,1801060000,95959000,None,34668000,USD,-922000,11290000,-22207000,101000,-1075000,-11740000,-5000,17865000,14502000,-15626000,18321000,-24373000,11288000,-10660000,0,7273000,0,8845000,21386000,-10504000,None,-15626000,58.45,63.65
15,2016-07-31,USD,136717000,-16058000,90190000,46527000,48632000,27880000,0,0,43594000,0,-4846000,2105000,46527000,-11212000,5038000,None,None,None,0,0,0,15714000,0,0,27880000,27880000,None,USD,1760072000,0,None,32939000,656020000,720258000,419627000,9514000,34668000,369322000,192694000,0,229397000,111585000,86159000,12363000,12363000,202000,1281371000,249304000,76731000,1104052000,0,60777000,383794000,44003000,64282000,0,192417000,17348000,0,294938000,0,None,152666000,None,1510768000,None,383794000,150234000,569861000,None,None,None,None,1760072000,111585000,None,35000000,USD,-1038000,-16415000,-22646000,-126000,-1069000,-11755000,-25000,8969000,27880000,1277000,35678000,7483000,11212000,-10661000,0,0,0,4480000,21482000,None,None,1277000,56.15,58.45
16,2016-04-30,USD,121576000,-16081000,93364000,28212000,30391000,16150000,0,0,25434000,0,-4967000,2179000,28212000,-11114000,4957000,None,None,None,0,0,0,9284000,0,0,16150000,16150000,None,USD,1750579000,0,None,40403000,692751000,703028000,415105000,24917000,34668000,352092000,192678000,0,228876000,110308000,128558000,42944000,42944000,202000,1266774000,254929000,75347000,1057828000,0,63862000,354800000,40356000,60697000,0,192417000,17348000,0,287971000,0,None,153529000,None,1495650000,None,354800000,149088000,564193000,None,None,None,None,1750579000,110308000,None,35000000,USD,-327000,10743000,-25477000,-1000,-1064000,-11331000,-40000,7516000,16150000,12977000,49785000,5653000,11114000,-10227000,0,0,0,6125000,25149000,None,None,12977000,49.85,56.15
17,2016-01-31,USD,147527000,-16060000,117996000,29531000,31973000,17028000,0,0,26973000,0,-5028000,2442000,29531000,-11032000,5000000,None,None,None,0,0,0,9945000,0,0,17028000,17028000,None,USD,1730416000,0,None,45046000,677530000,697095000,411235000,20252000,34668000,346159000,194912000,0,231732000,97331000,117923000,43638000,43638000,202000,1251480000,247204000,75269000,1052886000,0,65722000,355791000,39105000,54033000,0,0,0,0,0,0,None,156463000,None,1483212000,None,355791000,148372000,559607000,None,None,None,None,1730416000,97331000,None,35000000,USD,-671000,1487000,-16496000,-183000,-1059000,-11286000,-40000,24113000,17028000,15947000,43729000,23248000,11032000,-10227000,0,0,0,-9066000,15642000,None,None,15947000,48.45,49.85
18,2015-10-31,USD,130973000,0,97596000,168480000,132868000,11232000,0,0,18649000,0,0,None,22178000,44225000,5027000,None,None,None,0,0,0,7417000,0,0,71343000,11232000,None,USD,1730673000,0,None,55360000,649201000,690458000,406770000,14425000,34668000,339165000,203220000,0,232477000,81384000,84146000,12609000,12609000,357000,1243445000,254751000,78676000,1081472000,0,69597000,391014000,48410000,57112000,0,0,34668000,0,339165000,0,None,153801000,None,1475922000,None,391014000,158285000,565055000,None,None,None,316268000,1730673000,81384000,None,34668000,USD,-1053000,-17772000,0,0,-11182000,0,-1018000,16424000,11232000,15629000,141185000,None,0,-40043000,0,0,10762000,18849000,72030000,None,None,None,41.27,48.45
19,2015-07-31,USD,140795000,-16059000,94618000,46177000,48741000,28354000,0,0,43705000,0,-4877000,2564000,46177000,-11182000,5036000,None,None,None,0,0,0,15351000,0,0,28354000,28354000,None,USD,1713828000,0,None,33754000,632371000,689374000,394291000,10197000,34668000,338438000,211892000,0,239513000,94267000,74258000,13125000,None,None,1232535000,241780000,74016000,1081457000,0,63308000,392083000,50451000,50936000,0,0,0,0,0,0,None,165497000,None,1472048000,None,392083000,163822000,558113000,None,None,None,None,1713828000,94267000,None,35000000,USD,None,None,0,0,None,0,None,None,28354000,None,122655000,None,0,-29816000,0,0,0,None,52311000,None,None,None,39.68,41.27
