,fiscalDateEnding,reportedCurrency_x,totalRevenue,totalOperatingExpense,costOfRevenue,grossProfit,ebit,netIncome_x,researchAndDevelopment,effectOfAccountingCharges,incomeBeforeTax,minorityInterest,sellingGeneralAdministrative,otherNonOperatingIncome,operatingIncome,otherOperatingExpense,interestExpense,taxProvision,interestIncome,netInterestIncome,extraordinaryItems,nonRecurring,otherItems,incomeTaxExpense,totalOtherIncomeExpense,discontinuedOperations,netIncomeFromContinuingOperations,netIncomeApplicableToCommonShares,preferredStockAndOtherAdjustments,reportedCurrency_y,totalAssets,intangibleAssets,earningAssets,otherCurrentAssets,totalLiabilities,totalShareholderEquity,deferredLongTermLiabilities,otherCurrentLiabilities,commonStock,retainedEarnings,otherLiabilities,goodwill,otherAssets,cash,totalCurrentLiabilities,shortTermDebt,currentLongTermDebt,otherShareholderEquity,propertyPlantEquipment,totalCurrentAssets,longTermInvestments,netTangibleAssets,shortTermInvestments,netReceivables,longTermDebt,inventory,accountsPayable,totalPermanentEquity,additionalPaidInCapital,commonStockTotalEquity,preferredStockTotalEquity,retainedEarningsTotalEquity,treasuryStock,accumulatedAmortization,otherNonCurrrentAssets,deferredLongTermAssetCharges,totalNonCurrentAssets,capitalLeaseObligations,totalLongTermDebt,otherNonCurrentLiabilities,totalNonCurrentLiabilities,negativeGoodwill,warrants,preferredStockRedeemable,capitalSurplus,liabilitiesAndShareholderEquity,cashAndShortTermInvestments,accumulatedDepreciation,commonStockSharesOutstanding,reportedCurrency,investments,changeInLiabilities,cashflowFromInvestment,otherCashflowFromInvestment,netBorrowings,cashflowFromFinancing,otherCashflowFromFinancing,changeInOperatingActivities,netIncome_y,changeInCash,operatingCashflow,otherOperatingCashflow,depreciation,dividendPayout,stockSaleAndPurchase,changeInInventory,changeInAccountReceivables,changeInNetIncome,capitalExpenditures,changeInReceivables,changeInExchangeRate,changeInCashAndCashEquivalents,clossingVal,nextClossingVal
0,2020-06-30,USD,279800000,104900000,152900000,126900000,20800000,-4600000,None,None,-1900000,None,88700000,-1200000,22000000,16200000,22700000,2700000,None,-22700000,None,None,None,2700000,-1200000,None,-4600000,-4600000,None,USD,4417800000,None,None,3501500000,4686300000,-268500000,None,3501500000,700000,-1494100000,3662400000,442200000,187100000,2171400000,3754400000,None,None,-68000000,158200000,3501500000,None,-894600000,718200000,742500000,855600000,None,252900000,None,None,700000,183900000,-1494100000,-11300000,None,315900000,None,916300000,None,855600000,76300000,931900000,None,None,None,1120300000,4417800000,None,None,None,USD,-9800000,-7100000,-9800000,None,-1600000,-24600000,None,16500000,-4600000,-400000,34000000,19300000,31700000,None,None,None,None,-5300000,9800000,None,None,-400000,3.21,
1,2020-03-31,USD,290900000,106300000,154400000,136500000,12000000,-21500000,None,None,-11800000,None,106300000,-1100000,13100000,None,23800000,9700000,-23800000,-23800000,None,None,None,9700000,-1100000,None,-21500000,-21500000,None,USD,3895700000,None,None,2944500000,4163400000,-267700000,None,2944500000,700000,-1488500000,3021300000,442200000,3152900000,1502600000,3209100000,None,None,-70300000,169600000,2944500000,None,-893800000,993400000,579500000,877500000,None,264600000,None,None,700000,183900000,-1488500000,-12300000,None,339400000,None,951200000,None,877500000,76800000,954300000,None,None,None,1118800000,3895700000,131000000,None,77000000,USD,-10100000,5700000,-10100000,None,-1600000,20700000,-700000,-21200000,-21500000,-15800000,-26400000,-18100000,32500000,None,None,None,None,-25000000,10100000,None,None,-15800000,1.31,3.21
2,2019-12-31,USD,321300000,140900000,167700000,153600000,11500000,-11900000,None,None,-12800000,None,122500000,-1200000,12700000,18400000,24300000,-900000,-24300000,-24300000,-1100000,None,None,-900000,-1200000,None,-11900000,-11900000,None,USD,4185000000,1600000,None,3237000000,4425400000,-240400000,4600000,3237000000,700000,-1460100000,3422400000,442200000,123000000,1677900000,3497600000,None,None,-63500000,176100000,3237000000,None,-866500000,990400000,715500000,850300000,None,260600000,None,None,700000,183900000,-1460100000,-18300000,None,329700000,None,948000000,None,850300000,77500000,927800000,None,None,None,1116900000,4185000000,146800000,None,71000000,USD,-12000000,28900000,-12000000,None,-4200000,15700000,-100000,-11500000,-11900000,27700000,24000000,-8400000,33300000,None,20000000,None,None,-17900000,12000000,None,None,27700000,2.1,1.31
3,2019-09-30,USD,324600000,142400000,165800000,158800000,15200000,-7700000,None,None,-9600000,None,124200000,-1200000,16400000,18200000,24800000,-1900000,-24800000,-24800000,None,None,None,-1900000,-1200000,None,-7700000,-7700000,None,USD,4238000000,None,None,3325700000,4487000000,-249000000,None,3325700000,600000,-1447700000,3480500000,442200000,132300000,1588400000,3568900000,None,None,-62200000,178600000,3325700000,None,-875100000,990900000,865500000,846400000,None,243200000,None,None,600000,183900000,-1447700000,-18800000,None,291500000,None,912300000,None,846400000,71700000,918100000,None,None,None,1095200000,4238000000,119100000,None,76000000,USD,-13300000,-26800000,-13300000,None,-2000000,-2000000,-400000,9600000,-7700000,-14400000,900000,12400000,32200000,None,None,None,None,-9200000,71700000,None,None,-14400000,3.98,2.1
4,2019-06-30,USD,323800000,141700000,167800000,156000000,-21000000,-27200000,None,None,-35000000,None,123500000,-35300000,14300000,18200000,14000000,-7800000,-14000000,-14000000,None,None,None,-7800000,-35300000,None,-27200000,-27200000,None,USD,4383600000,None,None,3443100000,4620300000,-236700000,None,3443100000,600000,-1439400000,3598000000,442200000,139500000,1611500000,3706100000,None,None,-56200000,183300000,3443100000,None,-862800000,962600000,1002500000,842100000,None,263000000,None,None,600000,183900000,-1439400000,-19200000,None,181500000,None,807000000,None,842100000,72100000,914200000,None,None,None,1093600000,4383600000,133500000,None,66000000,USD,-16500000,5100000,-16500000,None,-52200000,-17700000,-1400000,-1900000,-27200000,3600000,37800000,32800000,30600000,None,29500000,None,None,-3500000,16500000,None,None,3600000,2.47,3.98
5,2019-03-31,USD,315400000,145900000,160900000,154500000,7000000,-13500000,None,None,-6900000,None,126900000,-1600000,8600000,19000000,13900000,6600000,-13900000,-13900000,None,None,None,6600000,-1600000,None,-13500000,-13500000,None,USD,4365300000,None,None,3416300000,4647600000,-282300000,None,3416300000,600000,-1411500000,3571600000,442200000,144200000,129900000,3676500000,11400000,11400000,-84700000,187600000,3416300000,None,-908400000,1063100000,971700000,899200000,None,260200000,None,None,600000,183900000,-1411500000,-20000000,None,189300000,None,819100000,None,899200000,71900000,971100000,None,None,None,1049400000,4365300000,129900000,None,65000000,USD,-12700000,-12000000,-12700000,None,2500000,-3200000,700000,-4000000,-13500000,-15600000,300000,100000,31400000,None,None,None,None,-5700000,12700000,None,None,-15600000,2.04,2.47
6,2018-12-31,USD,345800000,155500000,176600000,169200000,12300000,-12500000,0,0,-1500000,0,136900000,-1400000,13700000,18600000,13800000,10100000,None,None,-900000,0,0,11000000,-22800000,0,-12500000,-12500000,None,USD,4296100000,1800000,None,3373800000,4564900000,-268800000,300000,3373800000,600000,-1403600000,3608700000,442200000,126400000,145500000,3587300000,None,None,-67500000,193900000,3519300000,None,-894900000,None,795900000,901000000,None,213500000,None,None,600000,183900000,-1403600000,-29000000,None,140700000,None,776800000,None,901000000,76600000,977600000,None,None,None,1046800000,4296100000,145500000,None,64000000,USD,None,-63000000,-13300000,None,-2400000,-2400000,-21300000,-5200000,-12500000,-63300000,-47600000,-1400000,31200000,None,None,None,None,-1900000,13300000,None,None,-63300000,2.0,2.04
7,2018-09-30,USD,347200000,178400000,179700000,167500000,-12400000,-20900000,0,0,-26200000,0,158900000,-1500000,-10900000,19500000,13800000,-2400000,None,None,2900000,0,0,-5300000,-45000000,0,-20900000,-20900000,None,USD,4523700000,442200000,None,3522200000,4779900000,-256200000,0,3522200000,600000,-1386900000,3758600000,442200000,153700000,208800000,3790600000,None,None,-69300000,201100000,3731000000,None,-882300000,1364200000,997100000,902800000,0,268400000,0,0,600000,183900000,-1386900000,-28900000,None,149400000,None,792700000,None,902800000,86500000,989300000,None,None,None,1044400000,4523700000,208800000,None,65000000,USD,None,4000000,-16000000,0,-2500000,-2600000,-100000,6700000,-20900000,8400000,27000000,10700000,33600000,0,0,0,0,-400000,16000000,None,None,8400000,5.35,2.0
8,2018-06-30,USD,374600000,174200000,190400000,184200000,8600000,2300000,0,0,-5100000,0,154100000,-1400000,10000000,20100000,13700000,-8100000,None,None,-700000,0,0,-7400000,-30600000,0,2300000,2300000,None,USD,4526800000,442200000,None,3516600000,4763400000,-236600000,0,3516600000,600000,-1365900000,3728200000,442200000,172500000,200400000,3769300000,904600000,904600000,-68200000,200800000,3717000000,None,-862700000,1353200000,1004300000,904600000,0,252700000,0,0,600000,183900000,-1365900000,-28900000,None,166800000,None,809800000,None,904600000,89500000,994100000,None,None,None,1041900000,4526800000,200400000,None,66000000,USD,None,-14500000,-16200000,0,-2500000,-2500000,6100000,-300000,2300000,700000,19400000,3900000,35600000,0,0,0,0,-7900000,16200000,None,None,700000,6.69,5.35
9,2018-03-31,USD,380000000,188800000,185500000,194500000,34200000,7100000,0,0,21900000,0,170700000,28500000,5700000,18100000,12300000,14800000,None,None,0,0,0,14800000,8500000,0,7100000,7100000,None,USD,4509200000,442200000,None,3483300000,4741900000,-232700000,0,3483300000,600000,-1367800000,3702800000,442200000,183600000,199700000,3741300000,906300000,906300000,-59600000,206300000,3683000000,None,-858800000,1403400000,919200000,906300000,0,258000000,0,0,600000,183900000,-1367800000,-29400000,None,177700000,None,826200000,None,906300000,94300000,1000600000,None,None,None,1039600000,4509200000,199700000,None,66000000,USD,None,-200000,-12300000,0,-2400000,-8500000,-6100000,-5100000,7100000,9700000,30500000,1100000,32900000,0,0,0,0,-10400000,12300000,None,None,9700000,8.62,6.69
10,2017-12-31,USD,408200000,268700000,196000000,212200000,-56500000,-52500000,0,0,-68200000,0,249400000,None,-56500000,19300000,11700000,None,None,None,0,0,0,-15700000,-121100000,0,-52500000,-52500000,None,USD,4772500000,445500000,None,3756900000,5017800000,-245300000,700000,3756900000,600000,-1336100000,97300000,442200000,1746200000,190000000,4012400000,908100000,908100000,-63000000,214900000,3946900000,None,-871400000,1469900000,1151500000,908100000,0,255500000,0,0,600000,183900000,-1336100000,-65500000,None,168500000,None,825600000,None,908100000,97300000,1005400000,None,None,None,1034800000,4772500000,190000000,None,63000000,USD,None,22300000,-20500000,0,-2500000,-2600000,1700000,-4600000,-52500000,19600000,42700000,60800000,33000000,0,-100000,0,0,-20900000,20500000,None,None,19600000,13.18,8.62
11,2017-09-30,USD,397800000,181800000,192700000,205100000,23300000,7700000,0,0,11700000,0,162900000,None,23300000,18900000,11600000,None,None,None,0,0,0,4000000,-400000,0,7700000,7700000,None,USD,4546100000,442200000,None,3499500000,4730100000,-184000000,0,3499500000,600000,-1282900000,84200000,442200000,1822600000,170400000,3736000000,909900000,909900000,-50800000,215000000,3669900000,None,-810100000,1418000000,920100000,909900000,0,236500000,0,0,600000,183900000,-1282900000,-66100000,None,219000000,None,876200000,None,909900000,84200000,994100000,None,None,None,1031300000,4546100000,170400000,None,66000000,USD,None,19400000,-23000000,0,-2400000,-10400000,-8000000,500000,7700000,25300000,58700000,5700000,32400000,0,0,0,0,-6500000,23000000,None,None,25300000,16.11,13.18
12,2017-06-30,USD,410000000,194000000,196200000,213800000,19800000,6200000,0,0,8600000,0,175400000,None,19800000,18600000,11200000,None,None,None,0,0,0,2400000,-400000,0,6200000,6200000,None,USD,4410400000,442200000,None,3388700000,4602600000,-192200000,0,3388700000,600000,-1282600000,77300000,442200000,1826500000,145100000,3613600000,911700000,911700000,-53500000,212100000,3533800000,None,-818300000,1367400000,859300000,911700000,0,224900000,0,0,600000,183900000,-1282600000,-68400000,None,222300000,None,876600000,None,911700000,77300000,989000000,None,None,None,1027800000,4410400000,145100000,None,66000000,USD,None,65700000,-21500000,0,-2400000,-1500000,-8000000,-52300000,6200000,17700000,40700000,-47400000,32700000,0,900000,0,0,-16500000,21500000,None,None,17700000,17.25,16.11
13,2017-03-31,USD,386100000,176700000,187300000,198800000,22100000,8800000,0,0,11300000,0,158400000,None,22100000,18300000,10800000,None,None,None,0,0,0,2500000,-10800000,0,8800000,8800000,None,USD,4437500000,442200000,None,3492900000,4636800000,-199300000,0,3492900000,600000,-1283500000,79600000,442200000,1783200000,127400000,3643800000,4406300000,4406300000,-50900000,204800000,3620300000,None,-825400000,1461000000,861100000,913400000,0,150900000,0,0,600000,183900000,-1283500000,-73700000,None,170200000,None,817200000,None,913400000,79600000,993000000,None,None,None,1024300000,4437500000,127400000,None,66000000,USD,None,-37100000,-18600000,0,-2500000,-1600000,-8000000,-8600000,8800000,-29800000,-9600000,-3300000,32100000,0,900000,0,0,-10100000,18600000,None,None,-29800000,16.81,17.25
14,2016-12-31,USD,505200000,193800000,288500000,216700000,22600000,7200000,0,0,11400000,0,174100000,-300000,22900000,19700000,11200000,None,None,None,0,0,0,4200000,-35300000,0,7200000,7200000,None,USD,4597400000,447700000,None,3634300000,4805800000,-208400000,1200000,3634300000,600000,-1247600000,87600000,442200000,1870100000,157200000,3803000000,915200000,915200000,-53900000,201000000,3791500000,None,-834500000,1365000000,1004100000,915200000,0,168700000,0,0,600000,183900000,-1247600000,-111700000,None,162700000,None,805900000,None,915200000,87600000,1002800000,None,None,None,1020300000,4597400000,157200000,None,66000000,USD,None,-2500000,-22400000,0,37600000,-27200000,1400000,1000000,7200000,-15900000,33700000,4100000,33900000,0,19200000,0,0,-9000000,22400000,None,None,-15900000,11.81,16.81
15,2016-09-30,USD,412800000,186100000,163800000,212300000,26200000,10100000,0,0,14800000,0,167500000,None,26200000,18600000,11300000,None,None,None,0,0,0,4700000,-100000,0,10200000,10100000,None,USD,4426100000,442200000,None,3440400000,4634600000,-208500000,0,3440400000,600000,-1251700000,86500000,442200000,1831000000,173100000,3610800000,4377700000,4377700000,-47100000,201300000,3613500000,None,-834600000,1373300000,None,937300000,0,170400000,0,0,600000,183900000,-1251700000,-110300000,None,169100000,None,812600000,None,937300000,86500000,1023800000,None,None,None,1016100000,4426100000,173100000,None,66000000,USD,None,2300000,-22300000,0,-2400000,-6000000,-700000,4200000,10100000,24500000,52800000,10300000,32800000,0,-2900000,0,0,-2800000,22300000,None,None,24500000,7.1,11.81
16,2016-06-30,USD,383700000,194000000,173500000,210200000,16200000,3100000,0,0,5000000,0,173500000,None,16200000,20500000,11200000,None,None,None,0,0,0,1900000,100000,0,3100000,3100000,None,USD,4290800000,442200000,None,3320500000,4512000000,-221200000,0,3320500000,600000,-1260000000,91400000,442200000,1846300000,148600000,3481600000,4259500000,4259500000,-48400000,196800000,3469100000,None,-847300000,1340400000,None,939000000,0,161100000,0,0,600000,183900000,-1260000000,-109200000,None,182700000,None,821700000,None,939000000,91400000,1030400000,None,None,None,1011900000,4290800000,148600000,None,66000000,USD,None,-3500000,-20100000,0,-2400000,-5100000,700000,-800000,3100000,7100000,32300000,5600000,34600000,0,-2700000,0,0,-7500000,56100000,None,None,7100000,6.85,7.1
17,2016-03-31,USD,358400000,172500000,162800000,195600000,23100000,-4200000,0,0,11800000,0,151400000,None,23100000,21100000,11300000,None,None,None,0,0,0,16000000,-11300000,0,-4200000,-4200000,None,USD,4280000000,442200000,None,3311200000,4504300000,-224300000,0,3311200000,600000,-1260100000,94000000,442200000,1915400000,141500000,3469500000,None,None,-46700000,195500000,3452700000,None,-850400000,1247800000,None,940800000,0,158300000,0,0,600000,183900000,-1260100000,-109400000,None,189600000,None,827300000,None,940800000,94000000,1034800000,None,None,None,1007400000,4280000000,141500000,None,62000000,USD,None,-30800000,-18000000,0,-2500000,-4400000,None,None,-4200000,-23000000,-600000,5500000,36300000,0,-1900000,0,0,-7400000,18000000,None,None,-23000000,6.12,6.85
18,2015-12-31,USD,376700000,192700000,170400000,206300000,13600000,2600000,0,0,2000000,0,175400000,None,13600000,17300000,11600000,None,None,None,0,0,0,29000000,-36500000,0,-27000000,2600000,None,USD,4505200000,451200000,None,3505600000,4728000000,-222800000,1200000,3505600000,600000,-1226800000,96300000,442200000,1712600000,164500000,3689100000,942600000,942600000,-48700000,199700000,3670100000,None,-848900000,1560700000,867700000,942600000,0,183500000,0,0,600000,183900000,-1226800000,-134200000,None,193200000,None,835100000,None,942600000,96300000,1038900000,None,None,None,1002400000,4505200000,164500000,None,62000000,USD,None,9600000,-20800000,300000,2400000,-2400000,-700000,27200000,2600000,12900000,36100000,7900000,78300000,0,0,0,0,-62300000,198700000,None,None,12900000,6.27,6.12
19,2015-09-30,USD,368600000,183100000,168900000,199700000,16600000,4900000,0,0,5400000,0,166300000,None,16600000,16800000,11200000,None,None,None,0,0,0,500000,200000,0,4900000,4900000,None,USD,4511400000,442100000,None,3508100000,4755600000,-244200000,0,None,600000,-1229000000,112700000,442100000,1638900000,151600000,3686800000,3508100000,None,-62000000,198100000,3659700000,None,-870200000,1637800000,None,956100000,0,178700000,0,0,600000,183900000,-1229000000,-134400000,None,211500000,None,851700000,None,956100000,112700000,1068800000,None,None,None,996700000,4511400000,151600000,None,64000000,USD,None,-8700000,-29000000,100000,2400000,-2800000,None,None,4900000,23000000,54800000,40800000,17500000,0,400000,0,0,300000,29100000,None,None,23000000,8.02,6.27
