,fiscalDateEnding,reportedCurrency_x,totalRevenue,totalOperatingExpense,costOfRevenue,grossProfit,ebit,netIncome_x,researchAndDevelopment,effectOfAccountingCharges,incomeBeforeTax,minorityInterest,sellingGeneralAdministrative,otherNonOperatingIncome,operatingIncome,otherOperatingExpense,interestExpense,taxProvision,interestIncome,netInterestIncome,extraordinaryItems,nonRecurring,otherItems,incomeTaxExpense,totalOtherIncomeExpense,discontinuedOperations,netIncomeFromContinuingOperations,netIncomeApplicableToCommonShares,preferredStockAndOtherAdjustments,reportedCurrency_y,totalAssets,intangibleAssets,earningAssets,otherCurrentAssets,totalLiabilities,totalShareholderEquity,deferredLongTermLiabilities,otherCurrentLiabilities,commonStock,retainedEarnings,otherLiabilities,goodwill,otherAssets,cash,totalCurrentLiabilities,shortTermDebt,currentLongTermDebt,otherShareholderEquity,propertyPlantEquipment,totalCurrentAssets,longTermInvestments,netTangibleAssets,shortTermInvestments,netReceivables,longTermDebt,inventory,accountsPayable,totalPermanentEquity,additionalPaidInCapital,commonStockTotalEquity,preferredStockTotalEquity,retainedEarningsTotalEquity,treasuryStock,accumulatedAmortization,otherNonCurrrentAssets,deferredLongTermAssetCharges,totalNonCurrentAssets,capitalLeaseObligations,totalLongTermDebt,otherNonCurrentLiabilities,totalNonCurrentLiabilities,negativeGoodwill,warrants,preferredStockRedeemable,capitalSurplus,liabilitiesAndShareholderEquity,cashAndShortTermInvestments,accumulatedDepreciation,commonStockSharesOutstanding,reportedCurrency,investments,changeInLiabilities,cashflowFromInvestment,otherCashflowFromInvestment,netBorrowings,cashflowFromFinancing,otherCashflowFromFinancing,changeInOperatingActivities,netIncome_y,changeInCash,operatingCashflow,otherOperatingCashflow,depreciation,dividendPayout,stockSaleAndPurchase,changeInInventory,changeInAccountReceivables,changeInNetIncome,capitalExpenditures,changeInReceivables,changeInExchangeRate,changeInCashAndCashEquivalents,clossingVal,nextClossingVal
0,2020-06-30,USD,86521000,76679000,61728000,24793000,13151000,5737000,1989000,None,8707000,25859000,12962000,None,9842000,None,None,2081000,None,-1135000,None,None,None,2081000,None,None,6626000,5737000,None,USD,404953000,None,None,None,143380000,248133000,None,4687000,248133000,None,24928000,None,11554000,79023000,66992000,None,6577000,None,28501000,193756000,None,76991000,10372000,92913000,18673000,None,11035000,None,None,None,None,None,None,None,None,None,211197000,23471000,None,7181000,76388000,None,None,None,None,None,None,None,None,USD,-6053000,-1167000,-6053000,None,4771000,-7070000,-8146000,829000,5737000,2387000,14952000,None,3309000,-3863000,None,None,5552000,692000,2017000,None,None,None,11.3,
1,2020-03-31,USD,85208000,76462000,60016000,25192000,11757000,5853000,2174000,None,9263000,29209000,14272000,None,8746000,None,None,1988000,517000,517000,None,None,None,1988000,None,None,7275000,5853000,None,USD,387347000,164427000,None,None,125781000,244216000,None,3375000,244216000,None,24962000,None,11433000,76636000,63540000,4941000,4941000,244216000,17911000,193576000,None,79789000,10413000,94088000,14959000,None,11027000,None,None,None,None,None,None,None,193771000,None,193771000,14052000,14959000,8904000,62241000,None,None,None,None,None,87049000,None,49000000,USD,1070000,1342000,1070000,2402000,-1971000,-17934000,-15969000,-512000,5853000,-5279000,13127000,None,3011000,-55000,61000,None,1871000,1562000,1332000,None,None,None,8.04,11.3
2,2019-12-31,USD,90927000,82197000,63059000,27868000,11923000,5121000,1962000,None,8378000,38774000,17176000,None,8730000,None,-352000,1977000,-352000,655000,None,None,None,1977000,-352000,None,6401000,-2350000,None,USD,404606000,51128000,None,None,139909000,247838000,None,3638000,1161000,28354000,24452000,117743000,12080000,81915000,66883000,7079000,7079000,-324000,18304000,205050000,None,78666000,13596000,96694000,15540000,None,10990000,None,None,None,None,None,None,None,199556000,None,199556000,14952000,15540000,8613000,73026000,None,None,None,218647000,None,95511000,None,49000000,USD,2259000,-406000,2259000,-9918000,-5943000,-11048000,-5209000,4951000,5121000,5026000,13253000,None,3988000,0,173000,None,243000,-644000,1337000,None,None,None,9.78,8.04
3,2019-09-30,USD,85843000,77347000,58458000,27385000,12395000,4958000,2235000,None,7874000,36031000,16654000,None,8496000,None,-622000,1380000,-622000,-622000,None,None,None,1380000,-622000,None,6494000,4958000,None,USD,401305000,174115000,None,None,147554000,248016000,None,5307000,248016000,None,27432000,None,10812000,76889000,63261000,7988000,7988000,248016000,13166000,203212000,None,73901000,18939000,96323000,20374000,None,10726000,None,None,None,None,None,None,None,198093000,None,198093000,9462000,20374000,11201000,84293000,None,None,None,None,None,95828000,None,49000000,USD,-15888000,-1754000,-15888000,-13514000,-1087000,-10695000,-2049000,-1449000,4958000,-20459000,6110000,None,3899000,-7628000,0,None,-1163000,1619000,1263000,None,None,None,9.19,9.78
4,2019-06-30,USD,77060000,69022000,52476000,24584000,11326000,4835000,2496000,None,8073000,34771000,14050000,None,8038000,None,-622000,1897000,35000,35000,None,None,None,1897000,35000,None,6176000,4835000,None,USD,398965000,160359000,None,None,144112000,249400000,None,2138000,249400000,None,25312000,None,11267000,97348000,62631000,8899000,8899000,249400000,13898000,213441000,None,89041000,16931000,88732000,19880000,None,11982000,None,None,None,None,None,None,None,185524000,None,185524000,10329000,19880000,9441000,81481000,None,None,None,None,None,114279000,None,49000000,USD,-1892000,-2681000,-1892000,1111000,-5034000,-6181000,-1147000,1138000,4835000,8666000,15893000,None,3288000,0,-21000,None,7980000,1334000,1691000,None,None,None,8.97,9.19
5,2019-03-31,USD,71800000,63412000,49508000,22292000,11238000,5353000,1546000,None,8148000,32689000,12358000,None,8388000,None,-240000,1620000,-240000,-240000,None,None,None,1620000,-240000,None,6528000,5353000,None,USD,387665000,151941000,None,None,144049000,243616000,None,861000,243616000,None,23958000,None,5272000,88682000,59928000,8809000,8809000,243616000,14685000,209598000,None,91675000,18606000,94132000,19622000,None,14571000,None,None,None,None,None,None,None,178067000,None,178067000,11386000,19622000,9317000,79273000,None,None,None,None,None,107288000,None,49000000,USD,81000,2502000,81000,1312000,-682000,-9056000,-1027000,-824000,6528000,1556000,10692000,None,2850000,-7335000,-12000,None,-510000,1321000,1231000,None,None,None,8.36,8.97
6,2018-12-31,USD,72293000,64053000,50203000,22090000,8240000,4540000,1297000,0,8428000,31648000,12553000,None,8240000,0,-4000,2186000,None,None,0,0,0,2186000,188000,0,6242000,2814000,None,USD,362285000,41619000,None,None,86681000,243956000,None,6338000,1159000,30522000,14371000,95006000,11505000,87126000,52922000,6299000,6299000,-6125000,2932000,211223000,None,107331000,25638000,92630000,19388000,None,14036000,None,None,None,None,None,None,None,None,None,None,None,19388000,None,None,None,None,None,218400000,None,113920000,None,47000000,USD,-15047000,-1457000,-13932000,-15025000,-5107000,-8759000,-3723000,3946000,4540000,-19631000,3773000,None,3063000,-2000,34880000,None,-8039000,1720000,248000,None,None,None,7.63,8.36
7,2018-09-30,USD,72135000,64428000,50626000,21509000,7707000,5045000,1281000,0,7421000,30091000,12521000,None,7707000,0,-286000,None,None,None,0,0,0,1475000,-286000,0,5946000,5045000,None,USD,368044000,140155000,None,11268000,94724000,243229000,None,8000000,243229000,None,14912000,None,11401000,106757000,54608000,None,None,None,3132000,213356000,None,103074000,11919000,94680000,25204000,None,13737000,None,None,None,None,None,None,None,None,None,None,None,None,None,None,None,None,None,None,None,None,None,49000000,USD,-393000,-907000,-1478000,None,-934000,25577000,-730000,-4771000,5045000,28537000,4191000,None,3155000,-7564000,None,None,536000,1133000,215000,None,None,None,8.5,7.63
8,2018-06-30,USD,70221000,62340000,48216000,22005000,7881000,5719000,1597000,0,8234000,29575000,12527000,None,7881000,0,-286000,None,None,None,0,0,0,1434000,353000,0,6800000,5484000,None,USD,338991000,45901000,None,10874000,99140000,210276000,None,10162000,1040000,29993000,14901000,95897000,10725000,78220000,58748000,34807000,34807000,-4212000,3191000,183277000,None,68478000,11852000,92039000,25491000,None,13026000,None,None,None,None,None,None,None,None,None,None,None,None,None,None,None,None,None,None,None,None,None,45000000,USD,1750000,-959000,8000,None,-1016000,-1744000,-707000,-94000,5719000,5479000,8813000,None,3183000,-21000,None,None,-242000,1206000,143000,None,None,None,8.3,8.5
9,2018-03-31,USD,69726000,62056000,46512000,23214000,7670000,4579000,1521000,0,7764000,29957000,14023000,None,7670000,0,-286000,None,None,None,0,0,0,1976000,94000,0,5788000,4579000,None,USD,340411000,146510000,None,9183000,101536000,208918000,None,10912000,208918000,None,15534000,None,10815000,72741000,59040000,37097000,37097000,None,3398000,179688000,None,62408000,14892000,92055000,26962000,None,13862000,None,None,None,None,None,None,None,None,None,None,None,None,None,None,None,None,None,None,None,None,None,45000000,USD,-117000,5678000,-4152000,None,12000,-6648000,-706000,-3742000,4579000,-3335000,7273000,None,3163000,-5956000,2000,None,-3622000,1217000,257000,None,None,None,8.5,8.3
10,2017-12-31,USD,66239000,237475000,41752000,83467000,25201000,3796000,1750000,0,5635000,475000,14723000,None,6461000,0,-682000,None,None,None,0,0,0,1364000,-2331000,0,16754000,3796000,None,USD,342539000,149200000,None,8643000,103137000,210281000,11331000,37281000,1040000,25796000,4755000,98189000,157431000,76076000,59237000,6769000,6769000,83000,3468000,181640000,5241000,60847000,14870000,87265000,27814000,None,12185000,None,None,None,None,None,None,None,None,None,None,None,None,None,None,None,None,None,None,None,None,None,45000000,USD,-1541000,3671000,-12419000,1183000,345000,-14312000,-5884000,5862000,3796000,762000,25508000,None,13611000,-9360000,586000,None,-15752000,2674000,1400000,None,None,None,8.38,8.5
11,2017-09-30,USD,65661000,44414000,40910000,18151000,7093000,3799000,1669000,0,6753000,821000,14618000,None,6716000,0,761000,None,None,None,0,0,0,2133000,761000,0,6723000,3799000,None,USD,334584000,147204000,None,7984000,100233000,205114000,None,32664000,205114000,None,4730000,None,156952000,77174000,50418000,42431000,42431000,None,3506000,174126000,None,57910000,11792000,85160000,32697000,None,8020000,None,None,None,None,None,None,None,None,None,None,None,None,None,None,None,None,None,None,None,None,None,45000000,USD,974000,-2535000,-2155000,None,-3313000,-10877000,-1996000,-390000,3799000,-10120000,17789000,None,3417000,-9360000,95000,None,-3011000,1372000,1177000,None,None,None,8.7,8.38
12,2017-06-30,USD,65479000,-104127000,41367000,-38339000,-12677000,3584000,1907000,0,5745000,576000,13977000,None,6784000,0,86000,None,None,None,0,0,0,1585000,86000,0,-10425000,3584000,None,USD,344579000,149773000,None,8323000,108308000,206548000,None,33445000,206548000,None,7287000,None,158519000,87294000,51449000,46027000,46027000,None,3479000,182581000,None,56775000,12781000,82506000,36654000,None,8631000,None,None,None,None,None,None,None,None,None,None,None,None,None,None,None,None,None,None,None,None,None,45000000,USD,-2589000,263000,-4747000,None,1308000,1941000,-367000,1030000,3584000,-2232000,15137000,None,3351000,-3697000,78000,None,-4244000,659000,872000,None,None,None,7.95,8.7
13,2017-03-31,USD,60761000,54422000,37521000,19700000,6339000,4263000,1616000,0,6112000,600000,13361000,None,6339000,0,-227000,None,None,None,0,0,0,1249000,-227000,0,4862000,4263000,None,USD,336393000,149142000,None,7931000,107689000,200253000,None,38227000,200253000,None,6943000,None,157396000,89526000,52847000,43239000,43239000,None,3152000,175845000,None,51111000,10258000,76061000,35226000,None,6607000,None,None,None,None,None,None,None,None,None,None,None,None,None,None,None,None,None,None,None,None,None,45000000,USD,2225000,4197000,-1254000,1183000,5424000,4619000,-1059000,2232000,4263000,14212000,10494000,None,3540000,-3697000,254000,None,-4313000,575000,285000,None,None,None,7.8,7.95
14,2016-12-31,USD,55141000,131549000,34126000,49515000,15622000,126000,1793000,0,4007000,3232000,12497000,None,5366000,0,-121000,None,None,None,0,0,0,649000,-930000,0,16708000,126000,None,USD,316399000,147182000,None,8487000,93760000,196218000,12494000,30650000,1036000,12397000,6822000,91002000,154978000,75314000,44688000,4458000,4458000,-7428000,3065000,158356000,4248000,48638000,12508000,67076000,29756000,None,8393000,None,None,None,None,None,None,None,None,None,None,None,None,None,None,None,None,None,None,None,None,None,45000000,USD,1709000,288000,-35982000,-1232000,32292000,22190000,-2382000,1497000,126000,13126000,27955000,None,11608000,-7761000,41000,None,-2571000,5226000,799000,None,None,None,6.6684,7.8
15,2016-09-30,USD,54475000,6510000,32475000,2749000,965000,4005000,1571000,0,5829000,780000,12784000,None,5965000,0,-136000,None,None,None,0,0,0,1044000,0,0,0,4005000,None,USD,284112000,146196000,None,7255000,60469000,197520000,None,31981000,197520000,20000000,4525000,91000000,152920000,45933000,39388000,4108000,4108000,None,3174000,128018000,None,None,14914000,67171000,3054000,None,6353000,None,None,None,None,None,None,None,None,None,None,None,None,None,None,None,None,None,None,None,None,None,45000000,USD,None,None,-1254000,None,None,4619000,2158000,2232000,4005000,14212000,10494000,None,3540000,None,None,None,-4313000,None,285000,None,None,None,7.132,6.6684
16,2016-06-30,USD,47362000,42000000,28563000,16000000,5000000,4088000,1212000,0,5479000,404000,10889000,None,5323000,0,0,None,None,None,0,0,0,987000,0,0,0,4088000,None,USD,253685000,101409000,None,8962000,48935000,196087000,None,27700000,196000000,20000000,4296000,91000000,107329000,65827000,35196000,4000000,4000000,None,2535000,144000000,None,None,15700000,62000000,3095000,None,6342000,None,None,None,None,None,None,None,None,None,None,None,None,None,None,None,None,None,None,None,None,None,45000000,USD,None,None,-1000000,None,None,5000000,2000000,2000000,4088000,14000000,10000000,None,4000000,None,None,None,-4000000,None,0,None,None,None,6.63,7.132
17,2016-03-31,USD,44668000,0,26610000,0,0,3688000,1263000,0,5342000,385000,10179000,None,5261000,0,0,None,None,None,0,0,0,1269000,0,0,0,3688000,None,USD,249758000,101691000,None,7593000,49212000,192295000,None,28618000,None,None,4712000,None,106742000,65739000,35070000,None,None,None,2454000,None,None,None,15110000,None,3279000,None,6443000,None,None,None,None,None,None,None,None,None,None,None,None,None,None,None,None,None,None,None,None,None,44000000,USD,None,None,None,None,None,None,None,None,3688000,None,None,None,None,None,None,None,None,None,0,None,None,None,6.77,6.63
18,2015-12-31,USD,47856000,154596000,30955000,62809000,21434000,3678000,1163000,0,4877000,49000,11947000,None,4954000,0,-257000,None,None,None,0,0,0,1150000,-677000,0,17076000,3678000,None,USD,239846000,96883000,None,6244000,40995000,191008000,5726000,22013000,1035000,8984000,3655000,63308000,102248000,62188000,28357000,3270000,3270000,-6695000,2296000,135302000,2542000,93700000,14496000,55713000,3257000,None,6331000,None,None,None,None,None,None,None,None,None,None,None,None,None,None,None,None,None,None,None,None,None,44000000,USD,-2499000,2795000,-16632000,5000,-2874000,-11935000,-1692000,-1865000,3678000,-10327000,19618000,None,9885000,-7788000,419000,None,-8756000,1361000,1109000,None,None,None,5.53,6.77
19,2015-09-30,USD,45333000,0,29846000,0,0,4151000,1449000,0,5689000,337000,10195000,None,5292000,0,0,None,None,None,0,0,0,1201000,0,0,0,4151000,None,USD,240355000,98124000,None,7072000,45508000,187614000,None,25733000,None,None,8497000,None,102004000,67686000,33800000,None,None,None,2182000,None,None,None,13164000,None,3211000,None,5245000,None,None,None,None,None,None,None,None,None,None,None,None,None,None,None,None,None,None,None,None,None,44000000,USD,None,None,None,None,None,None,None,None,4151000,None,None,None,None,None,None,None,None,None,0,None,None,None,5.43,5.53
