,fiscalDateEnding,reportedCurrency_x,totalRevenue,totalOperatingExpense,costOfRevenue,grossProfit,ebit,netIncome_x,researchAndDevelopment,effectOfAccountingCharges,incomeBeforeTax,minorityInterest,sellingGeneralAdministrative,otherNonOperatingIncome,operatingIncome,otherOperatingExpense,interestExpense,taxProvision,interestIncome,netInterestIncome,extraordinaryItems,nonRecurring,otherItems,incomeTaxExpense,totalOtherIncomeExpense,discontinuedOperations,netIncomeFromContinuingOperations,netIncomeApplicableToCommonShares,preferredStockAndOtherAdjustments,reportedCurrency_y,totalAssets,intangibleAssets,earningAssets,otherCurrentAssets,totalLiabilities,totalShareholderEquity,deferredLongTermLiabilities,otherCurrentLiabilities,commonStock,retainedEarnings,otherLiabilities,goodwill,otherAssets,cash,totalCurrentLiabilities,shortTermDebt,currentLongTermDebt,otherShareholderEquity,propertyPlantEquipment,totalCurrentAssets,longTermInvestments,netTangibleAssets,shortTermInvestments,netReceivables,longTermDebt,inventory,accountsPayable,totalPermanentEquity,additionalPaidInCapital,commonStockTotalEquity,preferredStockTotalEquity,retainedEarningsTotalEquity,treasuryStock,accumulatedAmortization,otherNonCurrrentAssets,deferredLongTermAssetCharges,totalNonCurrentAssets,capitalLeaseObligations,totalLongTermDebt,otherNonCurrentLiabilities,totalNonCurrentLiabilities,negativeGoodwill,warrants,preferredStockRedeemable,capitalSurplus,liabilitiesAndShareholderEquity,cashAndShortTermInvestments,accumulatedDepreciation,commonStockSharesOutstanding,reportedCurrency,investments,changeInLiabilities,cashflowFromInvestment,otherCashflowFromInvestment,netBorrowings,cashflowFromFinancing,otherCashflowFromFinancing,changeInOperatingActivities,netIncome_y,changeInCash,operatingCashflow,otherOperatingCashflow,depreciation,dividendPayout,stockSaleAndPurchase,changeInInventory,changeInAccountReceivables,changeInNetIncome,capitalExpenditures,changeInReceivables,changeInExchangeRate,changeInCashAndCashEquivalents,clossingVal,nextClossingVal
0,2020-06-30,USD,137673000,30540000,74441000,63232000,32809000,22549000,None,None,30625000,None,30540000,117000,32692000,None,2184000,8076000,None,-2184000,None,None,None,8076000,117000,None,22549000,22549000,None,USD,1312342000,7223000,None,None,668506000,643836000,279532000,None,106010000,537775000,279532000,28197000,969681000,694000,116825000,None,None,51000,133610000,126634000,None,608416000,None,125940000,272149000,None,116825000,None,None,106010000,None,537775000,None,None,46997000,None,216027000,None,272149000,None,551681000,None,None,None,None,1312342000,694000,None,24085000,USD,-14322000,12772000,-14322000,11565000,-19398000,-37143000,-1939000,-2004000,22549000,375000,51840000,-3132000,23803000,-10157000,-5649000,None,-387000,-3765000,25887000,-387000,None,375000,54.01,
1,2020-03-31,USD,129453000,31954000,67797000,61656000,29266000,20159000,None,None,26614000,None,31954000,-436000,29702000,None,2652000,6455000,-3088000,-2652000,None,None,None,6455000,-436000,None,20159000,20159000,None,USD,1314429000,7279000,None,None,676825000,637604000,281276000,None,106957000,530559000,281276000,28197000,975709000,342000,104005000,None,None,88000,132075000,126176000,None,602128000,None,125834000,291544000,None,104005000,None,None,106957000,None,530559000,None,None,44993000,None,212544000,None,291544000,None,572820000,None,None,None,None,1314429000,342000,None,24182000,USD,-28214000,-6383000,-28214000,10356000,-1890000,-19512000,-401000,363000,20159000,-2044000,45682000,7306000,23865000,-9369000,-7852000,None,1713000,-978000,38570000,1713000,None,-2044000,52.38,54.01
2,2019-12-31,USD,147221000,32749000,76224000,70997000,38378000,26401000,None,None,35454000,None,32749000,130000,38248000,None,2924000,9053000,-2794000,-2924000,None,None,None,9053000,130000,None,26401000,26401000,None,USD,1309875000,7334000,None,None,675839000,634036000,273234000,None,106360000,527746000,273234000,28197000,967500000,2342000,109174000,None,None,-70000,131047000,130441000,None,598505000,None,128099000,293431000,None,109174000,None,None,106360000,None,527746000,None,None,45356000,None,211934000,None,293431000,None,566665000,None,None,None,None,1309875000,2342000,None,24296000,USD,-32499000,994000,-32499000,13196000,-8041000,-18617000,-1469000,-1796000,26401000,9000,51125000,-7604000,23519000,-9107000,None,None,9606000,-1791000,45695000,9606000,None,9000,76.54,52.38
3,2019-09-30,USD,173562000,31534000,95280000,78282000,46616000,32468000,None,None,43455000,None,31534000,-132000,46748000,None,3161000,10987000,-3293000,-3161000,None,None,None,10987000,-132000,None,32468000,32468000,None,USD,1306223000,7554000,None,None,689508000,616715000,276719000,400000,106033000,510702000,276719000,28125000,958610000,2290000,111320000,None,None,-20000,127977000,140404000,None,581036000,None,138114000,301469000,None,111320000,None,None,106033000,None,510702000,None,None,43553000,None,207209000,None,301469000,None,578188000,None,None,None,None,1306223000,2290000,None,24285000,USD,-34263000,836000,-34263000,5163000,-412000,-9808000,-301000,9512000,32468000,811000,44882000,3549000,22876000,-9095000,None,None,-16556000,1709000,39426000,-16556000,None,811000,69.59,76.54
4,2019-06-30,USD,127439000,30815000,67558000,59881000,29103000,19488000,None,None,25965000,None,30815000,37000,29066000,None,3138000,6477000,-3101000,-3138000,None,None,None,6477000,37000,None,19488000,19488000,None,USD,1280249000,6807000,None,None,687940000,592309000,276619000,None,104984000,487407000,276619000,27808000,943152000,1496000,109443000,None,None,-82000,126906000,122514000,None,557694000,None,121018000,301878000,None,109443000,None,None,104984000,None,487407000,None,None,53062000,None,214583000,None,301878000,None,578497000,None,None,None,None,1280249000,1496000,None,24253000,USD,-48730000,8520000,-48730000,9047000,12412000,3315000,-8000,-9726000,19488000,66000,45481000,-1295000,21989000,-9089000,None,None,-1830000,-1391000,57777000,-1830000,None,66000,62.15,69.59
5,2019-03-31,USD,122008000,29695000,65003000,57005000,27359000,18449000,None,None,24251000,None,29695000,49000,27310000,None,3108000,5802000,-3059000,-3108000,None,None,None,5802000,49000,None,18449000,18449000,None,USD,1239633000,7030000,None,None,658990000,580643000,266558000,None,103638000,477081000,266558000,27808000,912878000,1442000,102968000,None,None,-76000,127736000,120845000,None,545805000,None,119403000,289464000,None,102968000,None,None,103638000,None,477081000,None,None,43336000,None,205910000,None,289464000,None,556022000,None,None,None,None,1239633000,1442000,None,24222000,USD,-27652000,9948000,-27652000,9233000,-9103000,-18906000,-1555000,-11520000,18449000,-52000,46506000,-3042000,21103000,-8248000,None,None,1457000,-1409000,36885000,1457000,None,-52000,56.57,62.15
6,2018-12-31,USD,-69273000,29937000,68012000,65103000,35182000,24249000,0,0,32018000,0,29937000,16000,35166000,0,3164000,None,None,None,0,0,0,7769000,-3187000,0,24249000,24249000,None,USD,1217316000,7254000,None,None,645781000,571535000,256373000,None,103801000,467783000,256373000,27808000,901015000,1508000,90844000,None,None,-49000,126899000,122524000,None,536473000,None,121016000,298564000,None,90844000,None,None,103801000,None,467783000,None,None,31816000,None,193777000,None,298564000,None,554937000,None,None,None,None,1217316000,1508000,None,24182000,USD,None,-1760000,-29837000,11719000,-10445000,-18918000,-253000,844000,24249000,-2928000,45827000,2361000,21081000,-8220000,None,None,-6211000,6107000,41556000,-6211000,None,-2928000,51.48,56.57
7,2018-09-30,USD,249182000,28226000,79097000,64050000,35695000,24779000,0,0,32553000,0,28226000,-129000,35824000,0,3142000,None,None,None,0,0,0,7774000,-3271000,0,24779000,24779000,None,USD,1201799000,7480000,None,None,647252000,554547000,245803000,None,102753000,451794000,245803000,27808000,888607000,4399000,92443000,None,None,None,125756000,119488000,None,519259000,0,115089000,309006000,0,92443000,0,0,102753000,0,451794000,0,None,32660000,None,193704000,None,309006000,None,554809000,None,None,None,None,1201799000,4399000,None,24176000,USD,None,-4341000,-28788000,3312000,-5856000,-14286000,-212000,4743000,24779000,1000,43075000,13484000,20611000,-8218000,0,0,-10110000,-1348000,32100000,-10110000,None,54000,54.47,51.48
8,2018-06-30,USD,213336000,29479000,63055000,53928000,24105000,15912000,0,0,21106000,0,29479000,-344000,24449000,0,2999000,None,None,None,0,0,0,5194000,-3343000,0,15912000,15912000,None,USD,1180209000,7289000,None,None,643014000,537195000,239090000,None,101983000,435279000,239090000,27808000,876522000,4484000,89064000,314860000,314860000,-67000,121614000,109579000,None,502098000,0,105095000,314860000,0,89064000,0,0,101983000,0,435279000,0,None,37397000,None,194108000,None,314860000,None,553950000,None,None,None,None,1180209000,4484000,None,24170000,USD,None,9490000,-26739000,11505000,14262000,4240000,-1821000,-11635000,15912000,114000,22613000,-11635000,20362000,-8201000,0,0,-7149000,-4367000,38244000,-7149000,None,36000,63.27,54.47
9,2018-03-31,USD,105085000,28128000,54915000,50170000,22010000,14466000,0,0,19018000,0,28128000,-32000,22042000,0,2992000,None,None,None,0,0,0,4552000,-3024000,0,14466000,14466000,None,USD,1148858000,7506000,None,None,618574000,530284000,233313000,38502000,102840000,427634000,233313000,27808000,865338000,4448000,84666000,300595000,300595000,-190000,119904000,102540000,None,494970000,0,98092000,300595000,0,84666000,0,0,102840000,0,427634000,0,None,25762000,None,180980000,None,300595000,None,533908000,None,None,None,None,1148858000,4448000,None,24102000,USD,None,-5001000,-19128000,7707000,-2831000,-10102000,-971000,-3303000,14466000,1922000,31152000,-3303000,19941000,-6300000,0,0,7745000,-2696000,26835000,7745000,25000,1947000,53.69,63.27
10,2017-12-31,USD,122227000,27903000,67538000,54689000,26847000,117724000,0,0,23949000,0,27903000,61000,26786000,0,2898000,None,None,None,0,0,0,-93775000,-12927000,0,117724000,117724000,None,USD,1147854000,7724000,None,None,623670000,524184000,233848000,39219000,102947000,421405000,39219000,27808000,57991000,2501000,86408000,303414000,303414000,-168000,119170000,108373000,None,488652000,0,105872000,303414000,0,86408000,0,0,102947000,0,421405000,0,None,22459000,None,177161000,None,303414000,None,537262000,None,None,None,None,1147854000,2501000,None,24052000,USD,None,966000,-13353000,9866000,-19715000,-26672000,-709000,3124000,117724000,1223000,41248000,4385000,20003000,-6248000,0,0,-10475000,-103046000,23219000,1216000,-91000,1132000,46.98,53.69
11,2017-09-30,USD,135388000,28489000,76613000,58775000,30322000,16762000,0,0,27336000,0,28489000,36000,30286000,0,2986000,None,None,None,0,0,0,10574000,0,0,16762000,16762000,None,USD,1156415000,7942000,None,None,743633000,412782000,338751000,42188000,102703000,310210000,42188000,27808000,62594000,1369000,81765000,323117000,323117000,-131000,119315000,108782000,None,377032000,0,107413000,323117000,0,81765000,0,0,102703000,0,310210000,0,None,26844000,None,181909000,None,323117000,None,661868000,None,None,None,None,1156415000,1369000,None,24032000,USD,None,-945000,-17815000,12421000,-7183000,-14465000,-1044000,7578000,16762000,-537000,31743000,7578000,19686000,-6238000,0,0,11691000,94000,30236000,-11432000,35000,-502000,43.75,46.98
12,2017-06-30,USD,109582000,27365000,60371000,49211000,21857000,11461000,0,0,18908000,0,27365000,11000,21846000,0,2949000,None,None,None,0,0,0,7447000,0,0,11461000,11461000,None,USD,1150123000,8159000,None,None,747758000,402365000,335139000,42533000,103040000,299452000,42533000,27808000,70389000,1871000,82332000,330287000,330287000,-127000,118117000,98410000,None,366398000,0,96539000,330287000,0,82332000,0,0,103040000,0,299452000,0,None,34422000,None,188506000,None,330287000,None,665426000,None,None,None,None,1150123000,1871000,None,23992000,USD,None,7250000,-23440000,10552000,6432000,21000,-176000,-6265000,11461000,149000,23568000,-7303000,19359000,-6235000,0,0,259000,-2904000,33992000,-4295000,42000,191000,34.63,43.75
13,2017-03-31,USD,94837000,27848000,51167000,43670000,16048000,7973000,0,0,13259000,0,27848000,226000,15822000,0,2789000,None,None,None,0,0,0,5286000,0,0,7973000,7973000,None,USD,1130734000,8377000,None,None,734109000,396625000,331455000,39887000,102483000,294250000,39887000,27808000,63304000,1680000,78811000,323843000,323843000,-108000,116217000,94232000,None,360440000,0,92552000,323843000,0,78811000,0,0,102483000,0,294250000,0,None,27119000,None,179521000,None,323843000,None,655298000,None,None,None,None,1130734000,1680000,None,23956000,USD,None,-1536000,-16244000,5505000,-2436000,-8734000,-143000,-1987000,7973000,852000,25830000,-1536000,19418000,-6155000,0,0,4036000,-2525000,21749000,4036000,-24000,828000,33.57,34.63
14,2016-12-31,USD,105283000,26627000,55960000,49323000,22516000,9734000,0,0,19795000,0,26627000,-180000,22696000,0,2721000,None,None,None,0,0,0,10061000,-12328000,0,9734000,9734000,None,USD,1128276000,8595000,None,None,733989000,394287000,329518000,37499000,101821000,292521000,37499000,27808000,61986000,852000,78205000,326266000,326266000,-55000,112190000,97729000,None,357884000,0,96877000,326266000,0,78205000,0,0,101821000,0,292521000,0,None,25583000,None,174176000,None,326266000,None,655784000,None,None,None,None,1128276000,852000,None,23948000,USD,None,3430000,-9840000,5369000,-19032000,-25941000,-810000,3219000,9734000,-251000,35530000,1845000,19702000,-6099000,0,0,-3752000,-5536000,15209000,6355000,11000,-240000,39.19,33.57
15,2016-09-30,USD,121993000,26201000,71560000,50433000,24217000,12872000,0,0,21277000,0,26201000,-15000,24232000,0,2940000,None,None,None,0,0,0,8405000,0,0,12872000,12872000,None,USD,1144923000,8812000,None,None,754323000,390600000,336640000,41479000,101828000,288884000,41479000,27808000,63802000,1092000,72397000,345286000,345286000,-112000,113497000,105096000,None,353980000,0,104004000,345286000,0,72397000,0,0,101828000,0,288884000,0,None,27182000,None,177299000,None,345286000,None,681926000,None,None,None,None,1144923000,1092000,None,23914000,USD,None,1980000,-8986000,10978000,-17848000,-24156000,-212000,9942000,12872000,-141000,33001000,4237000,20111000,-6096000,0,0,10107000,2324000,19964000,-8523000,-5000,-146000,31.71,39.19
16,2016-06-30,USD,103105000,25683000,59349000,43756000,17996000,9079000,0,0,15006000,0,25683000,-77000,18073000,0,2990000,None,None,None,0,0,0,5927000,0,0,9079000,9079000,None,USD,1148018000,9030000,None,None,764705000,383313000,327805000,38349000,101313000,282121000,38349000,27808000,68257000,1238000,73779000,363121000,363121000,-121000,114241000,97098000,None,346475000,0,95860000,363121000,0,73779000,0,0,101313000,0,282121000,0,None,31419000,None,182498000,None,363121000,None,690926000,None,None,None,None,1148018000,1238000,None,23907000,USD,None,11006000,-23757000,6961000,-2664000,-9670000,-889000,-558000,9079000,171000,33598000,-4812000,20557000,-6117000,0,0,1584000,2234000,30718000,-4466000,5000,176000,30.59,31.71
17,2016-03-31,USD,93699000,26397000,53044000,40655000,14409000,6566000,0,0,10853000,0,26397000,151000,14258000,0,3556000,None,None,None,0,0,0,4287000,0,0,6566000,6566000,None,USD,1132355000,9248000,None,None,751843000,380512000,322026000,None,101485000,279152000,36824000,27808000,63663000,1062000,64045000,None,None,-125000,108532000,92945000,None,343456000,0,91883000,365772000,0,64045000,0,0,101485000,0,279152000,0,None,26607000,None,172195000,None,365772000,None,687798000,None,None,None,None,1132355000,1062000,None,23880000,USD,None,-3713000,-17597000,6098000,-15522000,-22063000,-442000,None,6566000,-28000,39632000,12949000,20860000,-6136000,37000,0,2882000,88000,23695000,2882000,-13000,-41000,25.08,30.59
18,2015-12-31,USD,105282000,25289000,58526000,46756000,21433000,11518000,0,0,18523000,0,25289000,-34000,21467000,0,2910000,None,None,None,0,0,0,7005000,-10580000,0,11518000,11518000,None,USD,1152709000,9465000,None,None,773022000,379687000,319639000,36288000,101046000,278641000,36288000,27808000,65989000,1103000,71942000,381281000,381281000,-67000,109753000,107366000,None,342414000,0,106017000,361441000,0,71942000,0,0,101046000,0,278708000,0,None,28716000,None,175742000,None,381441000,None,701080000,None,None,None,None,1152709000,1103000,None,25000000,USD,None,-4349000,-20896000,6533000,-672000,-22672000,-1560000,12910000,11518000,341000,43909000,-11236000,20977000,-6051000,-14477000,0,3882000,15672000,27429000,11327000,None,346000,25.19,25.08
19,2015-09-30,USD,113048000,24996000,62902000,50146000,24949000,13616000,0,0,22505000,0,24996000,-201000,25150000,0,2444000,None,None,None,0,0,0,8889000,0,0,13616000,13616000,None,USD,1149095000,9683000,None,None,759631000,389464000,306555000,None,103642000,285889000,40172000,27808000,65971000,757000,70963000,None,None,-67000,110530000,108317000,None,351973000,0,107560000,382113000,0,70963000,0,0,103642000,0,285889000,0,None,28480000,None,176501000,None,382113000,None,688668000,None,None,None,None,1149095000,757000,None,24355000,USD,None,7676000,-27994000,7866000,44936000,-7378000,-109000,None,13616000,8000,35380000,4937000,21132000,-6552000,-45653000,0,7445000,2094000,35860000,-14075000,10000,18000,26.69,25.19
