,fiscalDateEnding,reportedCurrency_x,totalRevenue,totalOperatingExpense,costOfRevenue,grossProfit,ebit,netIncome_x,researchAndDevelopment,effectOfAccountingCharges,incomeBeforeTax,minorityInterest,sellingGeneralAdministrative,otherNonOperatingIncome,operatingIncome,otherOperatingExpense,interestExpense,taxProvision,interestIncome,netInterestIncome,extraordinaryItems,nonRecurring,otherItems,incomeTaxExpense,totalOtherIncomeExpense,discontinuedOperations,netIncomeFromContinuingOperations,netIncomeApplicableToCommonShares,preferredStockAndOtherAdjustments,reportedCurrency_y,totalAssets,intangibleAssets,earningAssets,otherCurrentAssets,totalLiabilities,totalShareholderEquity,deferredLongTermLiabilities,otherCurrentLiabilities,commonStock,retainedEarnings,otherLiabilities,goodwill,otherAssets,cash,totalCurrentLiabilities,shortTermDebt,currentLongTermDebt,otherShareholderEquity,propertyPlantEquipment,totalCurrentAssets,longTermInvestments,netTangibleAssets,shortTermInvestments,netReceivables,longTermDebt,inventory,accountsPayable,totalPermanentEquity,additionalPaidInCapital,commonStockTotalEquity,preferredStockTotalEquity,retainedEarningsTotalEquity,treasuryStock,accumulatedAmortization,otherNonCurrrentAssets,deferredLongTermAssetCharges,totalNonCurrentAssets,capitalLeaseObligations,totalLongTermDebt,otherNonCurrentLiabilities,totalNonCurrentLiabilities,negativeGoodwill,warrants,preferredStockRedeemable,capitalSurplus,liabilitiesAndShareholderEquity,cashAndShortTermInvestments,accumulatedDepreciation,commonStockSharesOutstanding,reportedCurrency,investments,changeInLiabilities,cashflowFromInvestment,otherCashflowFromInvestment,netBorrowings,cashflowFromFinancing,otherCashflowFromFinancing,changeInOperatingActivities,netIncome_y,changeInCash,operatingCashflow,otherOperatingCashflow,depreciation,dividendPayout,stockSaleAndPurchase,changeInInventory,changeInAccountReceivables,changeInNetIncome,capitalExpenditures,changeInReceivables,changeInExchangeRate,changeInCashAndCashEquivalents,clossingVal,nextClossingVal
0,2020-06-30,USD,42447000,33253000,None,None,None,9212000,None,None,9194000,None,9261000,None,None,None,4830000,-18000,4009000,-4830000,None,None,None,-18000,250000,None,9212000,9044000,None,USD,3213436000,None,None,None,2682697000,530739000,None,None,897000,-665721000,2182762000,None,1302910000,56583000,None,None,None,9201000,2060000,None,1439563000,65739000,1439563000,630764000,255016000,None,None,None,None,None,None,None,None,None,None,None,None,None,None,None,None,None,None,None,None,None,None,None,None,USD,159439000,-17155000,159439000,-1000,None,None,None,-188375000,9212000,-40509000,-200671000,None,2243000,None,None,None,7047000,-5555000,0,None,None,None,1.24,
1,2020-03-31,USD,59119000,38243000,None,59119000,20876000,20861000,None,None,20876000,None,8550000,None,20876000,38243000,4831000,15000,3853000,-4831000,None,None,None,15000,408000,None,20861000,20861000,None,USD,3321757000,None,None,None,2836759000,484998000,None,None,890000,-674933000,2361995000,None,1358132000,177962000,22708000,None,None,-26288000,2060000,360497000,1562529000,19998000,1508544000,182535000,254962000,None,22708000,None,None,890000,465000000,-674933000,-31533000,None,1329622000,None,69109000,2060000,254962000,2559089000,2814051000,None,None,None,751862000,3321757000,177962000,None,83969991,USD,88885000,-34182000,288530000,199645000,None,None,None,-202911000,20861000,70049000,-218481000,-174355000,1761000,None,None,None,-12949000,-19219000,0,-13347000,None,70049000,0.91,1.24
2,2019-12-31,USD,60204000,81451000,55443000,60204000,-21247000,-21527000,None,None,-21247000,None,9884000,None,-21247000,81451000,4830000,66000,-16124000,-4830000,-214000,None,None,66000,783000,-214000,-21313000,-21527000,None,USD,3568196000,77356000,None,1397456000,3060478000,507718000,None,220269000,882000,-695794000,2552857000,None,1624251000,107278000,32444000,None,None,17836000,2342000,287434000,1885597000,42718000,1835518000,180156000,517408000,None,32444000,None,None,882000,465000000,-695794000,-31533000,None,1317809000,None,77356000,None,517408000,2765534000,3282942000,None,None,None,751327000,3568196000,107278000,None,83148458,USD,86761000,-24588000,226783000,140022000,None,0,None,-140857000,-21527000,33465000,-193318000,-192243000,2083000,0,0,None,35576000,9050000,0,33907000,None,33465000,0.75,0.91
3,2019-09-30,USD,121210000,179173000,173623000,121210000,-57963000,-58327000,None,None,-57963000,None,8546000,None,-57963000,179173000,4831000,87000,7044000,-4831000,-277000,None,None,87000,554000,-277000,-58050000,-58327000,None,USD,3791955000,90367000,None,1392857000,3258800000,533155000,None,261130000,881000,-674267000,2730400000,None,1841299000,72926000,12416000,None,None,21936000,2610000,287192000,2109111000,68155000,2059560000,214266000,254854000,None,12416000,None,None,881000,465000000,-674267000,-31533000,None,1305285000,None,90367000,2610000,254854000,2991530000,3246384000,None,None,None,751138000,3791955000,72926000,None,83111180,USD,-1386925000,-62068000,55486000,1442411000,None,-5000,None,-308923000,-58327000,-390145000,-445626000,111175000,1349000,0,-5000,None,-419434000,-20527000,0,-417228000,None,-390145000,0.75,0.75
4,2019-06-30,USD,189948000,187689000,171217000,189948000,2259000,-15413000,None,None,2259000,None,12849000,None,2259000,187689000,4830000,-1026000,7011000,-4830000,-18698000,None,None,-1026000,754000,-18698000,3285000,-15413000,None,USD,4598556000,113630000,None,1218883000,4007984000,590572000,None,388175000,881000,-615940000,3051265000,None,2939849000,464163000,14805000,None,None,21152000,2878000,699763000,3022308000,125572000,2971598000,235600000,254800000,None,14805000,None,None,881000,465000000,-615940000,-31528000,None,762855000,None,113630000,2878000,254800000,3738379000,3993179000,None,None,None,751007000,4598556000,464163000,None,83066135,USD,385816000,-248214000,501127000,115311000,None,-13000,None,-18071000,-15413000,329387000,-171727000,113555000,2326000,0,-13000,None,6007000,-7604000,0,-16377000,None,329387000,0.64,0.75
5,2019-03-31,USD,204773000,238095000,222306000,204773000,-33322000,-36636000,None,None,-33322000,None,86236000,None,-33322000,238095000,4829000,-38000,150000,-4829000,-2734000,None,None,-38000,750000,-3352000,-33284000,-36636000,None,USD,4563356000,161976000,None,974345000,3979067000,584289000,None,614177000,881000,-600527000,2980113000,None,219786000,131855000,12087000,None,None,-220000,2998000,372697000,3184415000,119289000,3131934000,240842000,254747000,None,12087000,None,None,881000,465000000,-600527000,-31515000,None,844268000,None,161976000,2998000,254747000,3712233000,3966980000,None,None,None,750670000,4563356000,131855000,None,83064173,USD,-76551000,-259336000,129781000,206332000,None,0,None,20192000,-36636000,-202149000,-331930000,14266000,2062000,0,0,None,-7198000,8651000,0,-60937000,None,-202149000,0.7427,0.64
6,2018-12-31,USD,163482000,402498000,714332000,163482000,-239016000,-269235000,0,0,-239016000,39000,11097000,None,-239016000,402498000,-4831000,1371000,None,None,-49777000,0,0,7167000,-7732000,-23013000,-246183000,-269235000,None,USD,5287460000,388442000,None,401498000,4732544000,554275000,None,1356380000,879000,-563891000,2200064000,None,4117194000,330989000,65494000,None,None,-65616000,None,566272000,4118789000,89275000,None,235283000,254694000,None,65494000,None,None,879000,465000000,-563891000,-31515000,None,213957000,None,388442000,None,254694000,4412356000,4667050000,None,None,None,749418000,5287460000,330989000,None,82948577,USD,-235981000,-45784000,5748000,241729000,None,-4140000,None,375676000,-269196000,21274000,19666000,235465000,1405000,-4155000,15000,None,None,3255000,0,94521000,-425000,20849000,1.65,0.7427
7,2018-09-30,USD,555662000,792231000,767914000,555662000,-236569000,-300294000,0,0,-236569000,62000,18936000,None,-236569000,792231000,-4829000,None,None,None,0,0,0,-7437000,-5381000,-71100000,-229132000,-308839000,8545000,USD,6536501000,419265000,None,1976576000,5763336000,772554000,None,2638551000,879000,-294656000,2851685000,None,3765146000,264574000,18460000,None,None,-116369000,None,593985000,3866682000,307554000,182815000,329411000,254640000,None,18460000,None,None,879000,465000000,-294656000,-31514000,None,1656569000,None,419265000,None,254640000,5490236000,5744876000,None,None,None,749214000,6536501000,264574000,None,82942737,USD,-114127000,-93295000,4951000,119078000,None,-21685000,None,375676000,-300232000,89785000,106519000,485995000,-837000,-21021000,-664000,None,None,-9032000,0,23920000,-311000,89474000,2.85,1.65
8,2018-08-09,None,1445663000,0,0,0,0,24905000,0,0,262303000,-552000,-18936000,None,231188000,0,4829000,None,None,None,0,0,0,711000,0,71100000,229132000,308847000,None,None,6718188000,0,None,None,5611894000,1105742000,0,None,0,18338000,None,0,0,72102000,0,None,None,None,0,0,None,None,0,None,0,0,0,1106294000,749319000,879000,465000000,18338000,-30835000,None,None,None,None,None,None,None,None,None,None,None,None,None,None,None,None,None,None,None,22200000,9658000,None,-42208000,None,None,24905000,None,56104000,None,5611000,0,0,0,0,None,0,None,None,None,4.4,2.85
9,2018-06-30,USD,713278000,710343000,370677000,713278000,2935000,2633000,0,0,2935000,47000,18936000,None,2935000,710343000,-4829000,None,None,None,0,0,0,255000,0,-71100000,2680000,-5913000,8546000,USD,6718188000,74659000,None,766356000,5611894000,1105742000,None,1603883000,879000,18338000,3653303000,None,4969119000,226779000,100121000,254587000,254587000,-96959000,None,972205000,5046180000,566083000,174788000,745426000,254587000,None,100121000,None,None,879000,465000000,18338000,-30835000,None,152942000,None,472202000,None,254587000,5257186000,5511773000,None,None,None,749319000,6718188000,226779000,None,83143237,USD,691000,-14848000,172000,-519000,None,-21018000,None,375676000,2680000,67399000,88245000,21193000,2084000,-21018000,None,None,None,-4407000,0,81543000,-1657000,65742000,7.75,4.4
10,2018-03-31,USD,732385000,709586000,681938000,732385000,22799000,22272000,0,None,22799000,71000,19950000,None,22799000,709586000,-4829000,None,None,None,None,None,None,456000,-7236000,-71100000,22343000,13727000,8545000,USD,6757309000,75121000,None,786488000,5598865000,1157910000,0,1629870000,879000,36727000,3616610000,0,4966379000,161037000,97851000,254534000,254534000,-62915000,0,991729000,5098530000,617789000,133298000,830692000,254534000,0,97851000,1158444000,749054000,879000,465000000,36727000,-30835000,None,116433000,None,475496000,None,254534000,5246480000,5501014000,None,None,None,749054000,6757309000,161037000,None,83118237,USD,23607000,113942000,22028000,-1579000,None,-21190000,None,-212275000,22343000,-31303000,-32141000,25364000,3527000,-20997000,-193000,0,0,2050000,0,-199367000,837000,-30466000,6.5,7.75
11,2017-12-31,USD,707049000,5322158000,810082000,-59621000,-423432000,-114845000,0,0,-118505000,185000,18841000,None,-132313000,-1066000,4830000,None,None,None,0,0,0,-5262000,-40990000,-94113000,-445041000,-429773000,None,USD,6644189000,75583000,None,621231000,5411563000,1232174000,0,1477038000,877000,35472000,5157081000,57192000,5655477000,191503000,132795000,254482000,254482000,13354000,0,822132000,5183764000,691591000,255171000,630629000,254482000,0,132795000,1232626000,748113000,877000,465000000,35472000,-30642000,None,123113000,None,439597000,None,254482000,5024286000,5278768000,None,None,None,748113000,6644189000,191503000,None,82974895,USD,-354921000,-6529000,-378894000,-23973000,-100000000,-60418000,-5058000,620284000,-169896000,22172000,458534000,None,8887000,-80790000,1081000,0,56210000,5788000,0,None,None,None,6.6,6.5
12,2017-09-30,USD,703036000,757834000,516199000,703036000,-54798000,-55051000,0,0,-54798000,-3000,15439000,None,-54798000,757834000,4829000,None,None,None,0,0,0,256000,0,0,-55054000,-63596000,8545000,USD,6839097000,76116000,None,787246000,5417708000,1421027000,0,1601069000,877000,181510000,5141620000,0,5613122000,314275000,175540000,254430000,254430000,46079000,0,1102351000,5045543000,879911000,219675000,788076000,254430000,0,175540000,1421389000,747464000,877000,465000000,181510000,-19903000,None,145470000,None,469617000,None,254430000,4987738000,5242168000,None,None,None,747464000,6839097000,314275000,None,84624829,USD,-237848000,-22709000,-180377000,57471000,None,-35993000,-5058000,251445000,-55054000,-65103000,151267000,258604000,2992000,-21544000,-14449000,0,0,-2309000,0,-30257000,954000,-64149000,7.95,6.6
13,2017-06-30,USD,754756000,770814000,359582000,754756000,-16058000,-16326000,0,0,-16058000,-9000,4775000,None,-16058000,770814000,6745000,None,None,None,0,0,0,277000,0,0,-16335000,-22359000,6033000,USD,6791229000,76649000,None,813680000,5290477000,1500399000,0,1644704000,877000,257806000,4907596000,0,5488543000,437296000,152684000,254377000,254377000,35575000,0,1192708000,4889003000,958750000,264675000,755412000,254377000,0,152684000,1500752000,746707000,877000,465000000,257806000,-5566000,None,157214000,None,475655000,None,254377000,4883416000,5137793000,None,None,None,746707000,6791229000,437296000,None,86620524,USD,37958000,-38694000,-42866000,-80824000,-100000000,26591000,-5058000,213276000,-16335000,161795000,178070000,80586000,5840000,-19021000,145612000,0,0,5150000,0,141523000,1494000,163289000,11.1,7.95
14,2017-03-31,USD,756307000,729322000,702598000,756307000,26985000,26523000,0,0,26985000,-22000,17947000,None,26985000,729322000,6856000,None,None,None,0,0,0,484000,0,0,26501000,20490000,6033000,USD,6556959000,77183000,None,870209000,5186862000,1369759000,0,1670884000,876000,293164000,4835374000,0,5364921000,193234000,172886000,351488000,351488000,15591000,0,1085542000,4768174000,977576000,180014000,892308000,351488000,0,172886000,1370097000,750694000,876000,315000000,293164000,-5566000,None,153601000,None,472459000,None,351488000,4662488000,5013976000,None,None,None,750694000,6556959000,193234000,None,86553324,USD,17176000,193524000,11190000,-5986000,-100000000,-19038000,-5058000,35434000,26501000,37594000,45442000,35434000,1640000,-18981000,-57000,0,0,1036000,0,-212693000,196000,37790000,14.0,11.1
15,2016-12-31,USD,659284000,-4178010000,708708000,138063000,-192046000,8128000,0,0,8717000,5161000,17861000,None,21454000,4920000,6859000,None,None,None,0,0,0,368000,-18906000,-94113000,206777000,-16612000,None,USD,6252299000,77715000,None,650407000,4891147000,1360797000,0,1475506000,873000,285662000,4539738000,57192000,5326951000,149535000,167736000,351409000,351409000,14997000,0,827612000,4773455000,968082000,165007000,678077000,351409000,0,167736000,1361152000,749256000,873000,315000000,285662000,-4991000,None,148912000,None,424605000,None,351409000,4372002000,4723411000,None,None,None,749256000,6252299000,149535000,None,86271109,USD,-577443000,125775000,-439204000,138239000,-1215000,-76780000,-143000,294302000,48980000,-43894000,470132000,None,16889000,-76883000,1931000,0,0,-15814000,0,None,None,None,17.45,14.0
16,2016-09-30,USD,738189000,9916025000,673457000,0,438364000,40852000,0,0,40995000,-5979000,17568000,None,47164000,-3074000,6856000,None,None,None,0,0,0,199000,0,0,-198526000,31829000,None,USD,6467962000,80135000,None,1032532000,4911603000,1555300000,0,1571435000,872000,497216000,4481694000,0,5079674000,67459000,0,351328000,351328000,123876000,0,0,None,1475165000,486885000,800060000,351328000,0,78581000,1556359000,747203000,872000,315000000,373340000,-4991000,None,None,None,None,None,None,None,None,None,None,None,None,None,None,None,86000000,USD,-233540000,-28964000,-291389000,21314000,-111000,-59665000,-201996000,130752000,40852000,-60000000,326157000,None,16841000,-58785000,666000,0,0,-2587000,0,None,None,None,12.69,17.45
17,2016-06-30,USD,674746000,634639000,612716000,674746000,40107000,39933000,0,0,40107000,-46000,17905000,None,40107000,634639000,7193000,None,None,None,0,0,0,220000,0,0,39887000,30910000,9023000,USD,6270999000,80728000,None,1056000000,4740112000,1529714000,0,1583000000,751000,353576000,4388864000,0,4792765000,505787000,168756000,351000000,351000000,118926000,0,1318636000,4258717000,968986000,505354000,812849000,351248000,0,168756000,1530887000,581452000,751000,480000000,353576000,-4991000,None,157396000,None,455522000,None,351248000,4220108000,4571356000,None,None,None,581452000,6270999000,505787000,None,74016525,USD,140752000,17116000,-89393000,14458000,-965000,-40386000,-93000000,59292000,39933000,42219000,165037000,None,11838000,-39393000,442000,0,0,-5854000,0,None,None,None,12.24,12.69
18,2016-03-31,USD,659414000,615000000,598689000,0,45000000,36893000,0,0,37616000,0,16111000,None,44614000,0,7265000,None,None,None,0,0,0,787000,0,0,0,27216000,None,USD,6119673000,81388000,None,861000000,4659398000,1459043000,0,1571000000,750000,402505000,4309371000,0,4815975000,85240000,0,350000000,350000000,None,0,0,None,None,334891000,None,350027000,0,0,0,0,0,480000000,0,-4991000,None,None,None,None,None,None,None,None,None,None,None,None,None,None,None,86000000,USD,None,None,3128000,7265000,None,-20127000,3000000,-233000000,36893000,-4000000,9004000,None,4780000,-20005000,348000,0,0,None,0,None,None,None,12.94,12.24
19,2015-12-31,USD,620917000,2425479000,569584000,215344000,147632000,30800000,0,0,31126000,1278000,16631000,None,34702000,2840000,7267000,None,None,None,0,0,0,402000,-21310000,-94113000,124284000,24716000,None,USD,5713645000,81920000,None,723713000,4364546000,1347821000,0,1354572000,747000,316184000,4004546000,58936000,4551909000,332500000,139873000,349933000,349933000,-23767000,0,949041000,4160031000,785901000,423266000,616541000,360000000,0,139873000,0,0,747000,480000000,316184000,-4521000,None,125105000,None,397548000,None,360000000,3864673000,4224673000,None,None,None,579178000,5713645000,332500000,None,73721140,USD,-793084000,154642000,-750678000,7426000,-1215000,99751000,-143000,354847000,30800000,-18478000,634298000,None,6778000,-62541000,3318000,0,101699000,-6445000,0,None,None,None,14.91,12.94
