,fiscalDateEnding,reportedCurrency_x,totalRevenue,totalOperatingExpense,costOfRevenue,grossProfit,ebit,netIncome_x,researchAndDevelopment,effectOfAccountingCharges,incomeBeforeTax,minorityInterest,sellingGeneralAdministrative,otherNonOperatingIncome,operatingIncome,otherOperatingExpense,interestExpense,taxProvision,interestIncome,netInterestIncome,extraordinaryItems,nonRecurring,otherItems,incomeTaxExpense,totalOtherIncomeExpense,discontinuedOperations,netIncomeFromContinuingOperations,netIncomeApplicableToCommonShares,preferredStockAndOtherAdjustments,reportedCurrency_y,totalAssets,intangibleAssets,earningAssets,otherCurrentAssets,totalLiabilities,totalShareholderEquity,deferredLongTermLiabilities,otherCurrentLiabilities,commonStock,retainedEarnings,otherLiabilities,goodwill,otherAssets,cash,totalCurrentLiabilities,shortTermDebt,currentLongTermDebt,otherShareholderEquity,propertyPlantEquipment,totalCurrentAssets,longTermInvestments,netTangibleAssets,shortTermInvestments,netReceivables,longTermDebt,inventory,accountsPayable,totalPermanentEquity,additionalPaidInCapital,commonStockTotalEquity,preferredStockTotalEquity,retainedEarningsTotalEquity,treasuryStock,accumulatedAmortization,otherNonCurrrentAssets,deferredLongTermAssetCharges,totalNonCurrentAssets,capitalLeaseObligations,totalLongTermDebt,otherNonCurrentLiabilities,totalNonCurrentLiabilities,negativeGoodwill,warrants,preferredStockRedeemable,capitalSurplus,liabilitiesAndShareholderEquity,cashAndShortTermInvestments,accumulatedDepreciation,commonStockSharesOutstanding,reportedCurrency,investments,changeInLiabilities,cashflowFromInvestment,otherCashflowFromInvestment,netBorrowings,cashflowFromFinancing,otherCashflowFromFinancing,changeInOperatingActivities,netIncome_y,changeInCash,operatingCashflow,otherOperatingCashflow,depreciation,dividendPayout,stockSaleAndPurchase,changeInInventory,changeInAccountReceivables,changeInNetIncome,capitalExpenditures,changeInReceivables,changeInExchangeRate,changeInCashAndCashEquivalents,clossingVal,nextClossingVal
0,2020-06-30,USD,0,668000,0,0,-668000,227000,0,None,232000,2172000,668000,None,-668000,None,None,5000,None,381000,None,None,None,5000,519000,None,227000,227000,None,USD,20000000,2475000,None,None,13481000,4347000,None,1865000,11000,-18382000,984000,2618000,503000,9707000,12395000,None,9337000,164000,999000,13405000,None,-9102000,None,305000,None,1852000,1193000,None,None,None,None,None,None,None,477000,None,6595000,102000,None,477000,1086000,None,None,None,None,None,None,None,None,USD,-249000,0,-249000,None,8141000,8163000,None,-397000,227000,6881000,-1033000,None,0,None,0,0,-215000,-863000,0,None,None,None,1.47,
1,2020-03-31,USD,0,770000,0,0,-770000,-1635000,0,None,-1634000,2172000,770000,None,-770000,None,224000,1000,-864000,-224000,None,None,None,1000,-640000,None,-1635000,-1635000,None,USD,4994000,None,None,1132000,1067000,3927000,None,540000,11000,-18609000,527000,None,611000,2871000,540000,None,None,None,26000,4003000,354000,3922000,None,0,None,0,None,None,None,11000,5000,-18609000,None,None,611000,None,991000,None,None,527000,527000,None,None,None,22520000,4994000,2871000,None,11009532,USD,-125000,241000,-125000,-125000,-15900000,409000,409000,108000,-1635000,-328000,-612000,-723000,3000,None,15900000,0,-195000,62000,0,-195000,None,-328000,0.75,1.47
2,2019-12-31,USD,0,860000,0,0,-860000,-995000,-6000,None,-980000,3000,866000,None,-860000,None,-2000,12000,-120000,-96000,None,None,None,12000,-24000,None,-992000,-995000,None,USD,5917000,None,None,1218000,2673000,3244000,None,290000,11000,-16974000,527000,None,477000,3199000,290000,None,None,70000,29000,4417000,994000,3242000,None,0,1856000,0,0,None,None,11000,2000,-16974000,None,None,477000,None,1500000,None,1856000,527000,2383000,None,None,None,20135000,5917000,3199000,None,11089532,USD,-125000,53000,-125000,-125000,-1778000,-555000,1223000,-806000,-995000,-2549000,-1869000,None,3000,None,6152000,-696000,-827000,-210000,57000,-1052000,-19000,-2549000,0.8903,0.75
3,2019-09-30,USD,0,501000,0,0,-501000,-1210000,0,None,-1213000,2172000,501000,None,-501000,None,-346000,-3000,-712000,-346000,None,None,None,-3000,-366000,None,-1210000,-1210000,None,USD,7628000,None,None,190000,4687000,2941000,None,269000,11000,-15979000,527000,None,477000,5767000,2326000,2057000,2057000,58000,26000,6067000,1058000,2939000,None,110000,1834000,0,269000,None,None,11000,2000,-15979000,None,None,477000,None,1561000,None,1834000,527000,2361000,None,None,None,18849000,7628000,5767000,None,11009532,USD,-250000,248000,-250000,-250000,-251000,6534000,6663000,-46000,-1210000,5711000,-573000,-844000,-1000,None,122000,0,20000,7000,57000,20000,None,5711000,0.54,0.8903
4,2019-06-30,USD,0,670000,0,0,-670000,-1102000,0,0,-1097000,0,670000,0,-670000,0,-22000,5000,-427000,-22000,0,0,0,5000,-405000,0,-1102000,-1102000,0,USD,1994000,0,None,0,2859000,-865000,0,339000,11000,-14769000,526000,0,477000,56000,2333000,1994000,1994000,0,25000,186000,1306000,-865000,0,130000,0,0,339000,0,0,11000,0,-14769000,0,0,477000,0,1808000,0,0,526000,526000,0,0,0,13893000,1994000,56000,0,11009532,USD,0,54000,-250000,-250000,1583000,0,122000,20000,-1102000,-282000,-282000,-697000,1000,0,0,0,-18000,375000,57000,-18000,-9000,-282000,0.76,0.54
5,2019-03-31,USD,477000,1469000,846000,-369000,-1838000,-910000,261000,0,-1463000,-556000,1188000,0,-1838000,20000,-22000,3000,76000,76000,0,0,0,3000,299000,0,-1466000,-910000,0,USD,2671000,0,None,112000,2809000,-138000,0,305000,11000,-13667000,525000,0,477000,347000,2284000,1978000,1978000,0,24000,459000,1711000,-138000,0,0,0,0,306000,0,0,11000,0,-13667000,0,0,477000,0,2212000,0,0,525000,525000,0,0,0,13518000,2671000,347000,0,10734232,USD,-665000,-246000,-665000,-608000,-101000,-101000,122000,-324000,-1466000,-1839000,-1073000,-1765000,85000,0,0,348000,378000,127000,57000,378000,12000,-1839000,1.26,0.76
6,2018-12-31,USD,1265000,4201000,1063000,202000,-3999000,-2620000,449000,0,-4310000,-1730000,1640000,0,-3999000,646000,-311000,40000,None,None,0,1466000,0,40000,-1777000,0,-4350000,-2620000,0,USD,10143000,434000,None,0,9139000,-960000,0,327000,9000,-12757000,587000,0,1614000,2174000,8552000,5810000,3480000,-117000,661000,7868000,0,-1394000,0,1349000,0,4345000,2742000,0,0,9000,0,-12757000,0,0,1180000,0,2275000,0,0,587000,587000,0,0,0,11905000,10143000,2174000,0,9342115,USD,0,570000,144000,-250000,-485000,-439000,72000,156000,-2620000,-238000,57000,-4278000,516000,0,46000,-76000,1811000,1261000,144000,2064000,0,-238000,0.6611,1.26
7,2018-09-30,USD,2216000,3566000,2162000,54000,-3512000,-2636000,425000,0,-3616000,-1542000,2927000,0,-3512000,214000,-104000,None,None,None,0,0,0,562000,-104000,0,-4178000,-2636000,0,USD,14723000,868000,None,365000,9813000,1299000,0,1329000,9000,-10137000,607000,1466000,1208000,2537000,7118000,4077000,1852000,-439000,810000,10371000,0,-1035000,0,3539000,2088000,4295000,3041000,0,0,9000,0,-10137000,0,0,1208000,0,4352000,0,2088000,607000,2695000,0,0,0,11866000,14723000,2537000,0,9342115,USD,0,-871000,-9000,0,1139000,1139000,72000,-1028000,-2636000,-1947000,-3077000,-4178000,310000,0,0,430000,935000,1059000,9000,173000,0,-1947000,1.11,0.6611
8,2018-06-30,USD,4701000,2415000,3169000,1532000,-883000,3496000,505000,0,-1343000,-60000,1694000,0,-883000,216000,-460000,None,None,None,0,0,0,4000,-460000,4783000,-1347000,3496000,0,USD,18155000,1065000,None,564000,9808000,3305000,0,1633000,9000,-7501000,602000,1466000,1028000,4462000,6570000,2585000,1500000,-504000,870000,13726000,0,774000,0,4464000,2636000,4800000,3985000,0,0,9000,0,-7501000,0,0,513000,515000,4429000,0,2636000,602000,3238000,0,0,0,11301000,18155000,4462000,0,9144465,USD,0,-1586000,4188000,4295000,-2425000,-2426000,72000,-1028000,3496000,873000,-889000,-1347000,284000,0,-1000,370000,935000,-6789000,107000,1335000,0,873000,1.14,1.11
9,2018-03-31,USD,5980000,2415000,4258000,1722000,-693000,-850000,527000,0,-1085000,-124000,1666000,None,-693000,222000,392000,None,None,None,0,0,0,0,-392000,111000,-1085000,-850000,None,USD,30341000,1282000,None,11730000,24649000,529000,0,11319000,9000,-10998000,130000,1466000,572000,3616000,20815000,3956000,1268000,154000,883000,26138000,None,-2219000,237000,5693000,3704000,5099000,5540000,0,0,9000,0,-10998000,0,None,37000,535000,4203000,None,3704000,130000,3834000,None,None,None,11364000,30341000,3616000,None,9144465,USD,None,-1432000,-72000,0,2212000,2720000,-331000,-714000,-850000,1242000,-1406000,-1085000,308000,0,508000,-190000,310000,484000,72000,509000,-24000,1242000,1.32,1.14
10,2017-12-31,USD,6429000,37821000,4718000,4272000,22739000,-8157000,534000,0,-5070000,-76368000,2126000,None,-4669000,-2579000,-401000,None,None,None,0,0,0,-17000,-401000,68836000,14708000,13325000,None,USD,29732000,1494000,None,11656000,23758000,379000,0,11338000,8000,-10147000,133000,1466000,3514000,2398000,22246000,3789000,2838000,-363000,910000,25308000,None,-2581000,284000,6275000,1379000,4979000,7119000,0,10881000,8000,0,-10147000,0,None,12000,542000,4424000,None,1379000,133000,1512000,None,None,None,10881000,29732000,2398000,None,8645656,USD,3049000,1815000,3171000,4295000,-2311000,2387000,2577000,1277000,-8157000,1265000,-4073000,None,1322000,0,0,-1040000,-2474000,3259000,189000,None,None,None,1.12,1.32
11,2017-09-30,USD,6931000,2809000,5370000,1561000,-1248000,-1295000,676000,0,-1464000,-257000,1866000,None,-1248000,267000,0,None,None,None,0,0,0,88000,0,-108155000,-1552000,-1295000,None,USD,32935000,3102000,None,1057000,23610000,3703000,400000,3272000,8000,-6228000,489000,1466000,4600000,9201000,21969000,13524000,3571000,-204000,1644000,26691000,None,-865000,4556000,11059000,1152000,6431000,8445000,0,0,8000,0,-6228000,0,None,32000,None,6244000,None,1152000,89000,1641000,None,None,None,10127000,32935000,9201000,None,7706307,USD,None,269000,119000,164000,-125000,598000,2577000,581000,-1552000,1747000,1030000,121000,399000,0,723000,-438000,871000,126000,45000,2105000,-158000,1747000,0.89,1.12
12,2017-06-30,USD,5920000,2579000,5076000,844000,-1735000,-1331000,618000,0,-2032000,-657000,1743000,None,-1735000,218000,0,None,None,None,0,0,0,-44000,0,39319000,-1988000,-1331000,None,USD,32687000,2622000,None,967000,22551000,4298000,2000,2207000,7000,-4933000,91000,1466000,4124000,7776000,20417000,12732000,14773000,-223000,1750000,26813000,None,210000,4720000,13103000,2041000,5934000,7685000,0,0,7000,0,-4933000,0,None,36000,None,5874000,None,2041000,91000,2134000,None,None,None,9447000,32687000,7776000,None,6919513,USD,1000,2250000,-204000,-95000,-168000,401000,2529000,-57000,-1988000,539000,342000,28000,347000,0,569000,-300000,0,-31000,110000,36000,52000,539000,1.08,0.89
13,2017-03-31,USD,5259000,2778000,4572000,687000,-2091000,-1612000,533000,0,-2229000,-690000,2010000,None,-2091000,235000,0,None,None,None,0,0,0,73000,0,-4901000,-2302000,-1612000,None,USD,31842000,2707000,None,853000,20437000,5148000,4000,2197000,6000,-3602000,32000,1466000,4256000,7090000,19244000,13363000,13363000,-167000,1700000,25886000,None,975000,4625000,13150000,1157000,5646000,5881000,0,0,6000,0,-3602000,0,None,83000,None,5956000,None,1157000,32000,1193000,None,None,None,8911000,31842000,7090000,None,6490660,USD,3048000,-46000,2840000,-137000,-586000,2018000,2474000,-739000,-2302000,1791000,-3067000,110000,334000,0,130000,112000,0,-5000,71000,-1270000,6000,1791000,1.17,1.08
14,2016-12-31,USD,4191000,19272000,4617000,2627000,-5988000,-5807000,461000,0,-6307000,4183000,2984000,None,-5988000,926000,260000,None,None,None,0,0,0,35000,-319000,-1251000,-6262000,-5807000,None,USD,31923000,2381000,None,708000,20965000,6775000,7000,2383000,6000,-1990000,57000,1466000,3933000,5156000,19620000,13107000,3025000,11000,1641000,26349000,None,2928000,2978000,12457000,1281000,5758000,6513000,0,8748000,6000,0,-1990000,0,None,86000,None,5574000,None,1281000,57000,1345000,None,None,None,8748000,31923000,8134000,None,6385092,USD,2637000,-2281000,2044000,119000,-161000,353000,62000,484000,-5807000,-1650000,-4615000,None,1268000,0,0,1767000,1635000,645000,241000,None,None,None,1.33,1.17
15,2016-09-30,USD,5354000,2571000,4299000,1055000,-1516000,-1283000,476000,0,-1667000,-240000,1861000,None,-1516000,234000,151000,None,None,None,0,0,0,-144000,0,0,-1523000,-1283000,None,USD,37358000,2674000,None,1616000,22491000,9520000,9000,1830000,6000,977000,104000,1466000,4172000,6510000,21104000,15056000,None,53000,1691000,31495000,None,5380000,3852000,14942000,1274000,6191000,6048000,0,0,6000,0,977000,0,None,32000,None,5863000,None,1274000,104000,1387000,None,None,None,8484000,37358000,10362000,None,6170151,USD,1214000,357000,1236000,76000,-680000,-406000,-106000,None,-1523000,60000,-770000,None,334000,0,380000,-150000,0,-123000,54000,335000,36000,60000,1.67,1.33
16,2016-06-30,USD,6721000,2911000,5163000,1558000,-1353000,-1219000,683000,0,-1484000,-214000,1996000,None,-1353000,232000,131000,None,None,None,0,0,0,-51000,0,0,-1433000,-1219000,None,USD,38709000,2826000,None,1536000,22930000,10276000,12000,2471000,6000,2260000,83000,1466000,4324000,6489000,21001000,14920000,None,8000,1710000,32675000,None,5984000,4974000,15205000,1826000,6007000,6081000,0,0,6000,0,2260000,0,None,32000,None,6034000,8000,1834000,83000,1929000,None,None,None,8002000,38709000,11463000,None,5878721,USD,688000,-870000,670000,50000,1150000,1150000,None,None,-1433000,914000,-906000,None,350000,0,0,1210000,0,112000,68000,-275000,-5000,914000,2.24,1.67
17,2016-03-31,USD,6482000,2422000,4403000,2079000,-343000,-339000,700000,0,-473000,-165000,1494000,None,-343000,228000,130000,None,None,None,0,0,0,31000,0,0,-504000,-339000,None,USD,39930000,3017000,None,1653000,22669000,11464000,14000,2284000,6000,3478000,55000,1466000,4512000,5631000,20536000,13845000,None,86000,1790000,33628000,None,6981000,5770000,14969000,2049000,7258000,6691000,0,0,6000,0,3478000,0,None,29000,None,6302000,15000,2064000,55000,2133000,None,None,None,7894000,39930000,11401000,None,5865221,USD,-22000,-988000,-586000,-532000,986000,986000,None,None,-504000,-1446000,-1846000,None,337000,0,0,240000,0,-76000,32000,-855000,49000,-1446000,2.0,2.24
18,2015-12-31,USD,6605000,26108000,3869000,7303000,-2521000,90000,502000,0,40000,6017000,2134000,None,233000,1118000,193000,None,None,None,0,0,0,83000,-610000,-1251000,-3050000,90000,None,USD,40143000,3297000,None,793000,22687000,11439000,17000,2484000,6000,3817000,52000,1466000,4793000,6496000,20243000,12049000,2348000,-196000,1816000,33534000,None,6676000,5643000,13938000,2353000,7457000,8194000,0,0,6000,0,3817000,0,None,30000,None,6609000,22000,2375000,52000,2444000,None,None,None,7812000,40143000,12139000,None,5865221,USD,586000,-1878000,465000,246000,84000,32000,-52000,-283000,90000,-1850000,-2322000,None,1599000,0,0,-799000,1652000,-292000,367000,None,None,None,2.1001,2.0
19,2015-09-30,USD,5556000,2331000,4434000,1122000,-1209000,-1263000,485000,0,-1365000,-105000,1564000,None,-1209000,282000,156000,None,None,None,0,0,0,3000,0,0,-1368000,-1263000,None,USD,37304000,3666000,None,None,19930000,11224000,19000,2088000,6000,3728000,49000,1466000,5178000,5131000,17172000,10937000,None,-269000,1857000,30269000,None,6092000,5539000,14093000,2665000,5506000,6235000,0,0,6000,0,3728000,0,None,46000,None,7035000,25000,2690000,49000,2758000,None,None,None,7759000,37304000,10670000,None,5865221,USD,749000,-2130000,652000,0,158000,158000,None,None,-1368000,-529000,-1339000,-11000,383000,0,0,997000,1524000,325000,97000,465000,-418000,-529000,2.62,2.1001
