,fiscalDateEnding,reportedCurrency_x,totalRevenue,totalOperatingExpense,costOfRevenue,grossProfit,ebit,netIncome_x,researchAndDevelopment,effectOfAccountingCharges,incomeBeforeTax,minorityInterest,sellingGeneralAdministrative,otherNonOperatingIncome,operatingIncome,otherOperatingExpense,interestExpense,taxProvision,interestIncome,netInterestIncome,extraordinaryItems,nonRecurring,otherItems,incomeTaxExpense,totalOtherIncomeExpense,discontinuedOperations,netIncomeFromContinuingOperations,netIncomeApplicableToCommonShares,preferredStockAndOtherAdjustments,reportedCurrency_y,totalAssets,intangibleAssets,earningAssets,otherCurrentAssets,totalLiabilities,totalShareholderEquity,deferredLongTermLiabilities,otherCurrentLiabilities,commonStock,retainedEarnings,otherLiabilities,goodwill,otherAssets,cash,totalCurrentLiabilities,shortTermDebt,currentLongTermDebt,otherShareholderEquity,propertyPlantEquipment,totalCurrentAssets,longTermInvestments,netTangibleAssets,shortTermInvestments,netReceivables,longTermDebt,inventory,accountsPayable,totalPermanentEquity,additionalPaidInCapital,commonStockTotalEquity,preferredStockTotalEquity,retainedEarningsTotalEquity,treasuryStock,accumulatedAmortization,otherNonCurrrentAssets,deferredLongTermAssetCharges,totalNonCurrentAssets,capitalLeaseObligations,totalLongTermDebt,otherNonCurrentLiabilities,totalNonCurrentLiabilities,negativeGoodwill,warrants,preferredStockRedeemable,capitalSurplus,liabilitiesAndShareholderEquity,cashAndShortTermInvestments,accumulatedDepreciation,commonStockSharesOutstanding,reportedCurrency,investments,changeInLiabilities,cashflowFromInvestment,otherCashflowFromInvestment,netBorrowings,cashflowFromFinancing,otherCashflowFromFinancing,changeInOperatingActivities,netIncome_y,changeInCash,operatingCashflow,otherOperatingCashflow,depreciation,dividendPayout,stockSaleAndPurchase,changeInInventory,changeInAccountReceivables,changeInNetIncome,capitalExpenditures,changeInReceivables,changeInExchangeRate,changeInCashAndCashEquivalents,clossingVal,nextClossingVal
0,2020-05-31,USD,799888000,282500000,578066000,221822000,-57756000,-63505000,None,None,-95878000,None,281341000,2922000,-60678000,None,38122000,-32373000,None,-38122000,None,1159000,None,-32373000,2922000,None,-63505000,-63505000,None,USD,4307575000,64511000,None,51438000,5822998000,-1515423000,None,347068000,9890000,-1501862000,87106000,94290000,39269000,926830000,1764461000,624900000,624900000,-37167000,420263000,2112365000,None,-1674224000,None,23337000,2639051000,1110760000,792493000,None,None,9890000,None,-1501862000,None,None,1593330000,None,22816000,1675065000,2639051000,1419486000,4058537000,None,None,None,13716000,4307575000,926830000,1292966000,147343000,USD,-20981000,-82633000,-20981000,875000,593775000,593374000,None,-38317000,-63505000,516866000,-55527000,57453000,33849000,None,-401000,-12857000,6593000,5573000,21856000,6593000,None,516866000,3.86,
1,2020-02-29,USD,1722607000,371039000,1076610000,645997000,276629000,181652000,None,None,238813000,None,370802000,1671000,274958000,6956000,37816000,-32373000,None,-38122000,None,-6719000,None,57161000,2922000,None,181652000,181652000,None,USD,3838095000,66417000,None,62287000,5284559000,-1446464000,None,306796000,9852000,-1438357000,82357000,94290000,37141000,409964000,1196366000,24900000,624900000,-22831000,430432000,1599802000,None,-1607171000,None,30442000,2644460000,1097109000,864670000,None,None,9852000,None,-1438357000,None,None,1628953000,None,18201000,1675065000,2644460000,1443733000,4088193000,None,None,None,4872000,3838095000,409964000,None,146803000,USD,-20981000,-177494000,-88913000,-58000000,-6229000,-6318000,-4000,-116227000,181652000,291577000,386808000,1927000,32482000,0,-89000,325724000,6593000,23685000,210177000,-1168000,None,291577000,4.29,3.86
2,2019-11-30,USD,1222021000,365585000,780387000,441634000,75810000,28705000,None,None,37029000,None,322807000,-239000,76049000,41376000,38781000,57161000,None,-37816000,None,1402000,None,8324000,1671000,None,28705000,28705000,None,USD,3845079000,5043000,None,73223000,5476909000,-1631830000,None,303023000,9850000,-1620009000,63558000,94290000,58342000,118387000,1382745000,24900000,24900000,-22916000,431932000,1641945000,None,-1731163000,None,26968000,2649756000,1423367000,1054822000,None,None,9850000,None,-1620009000,None,None,1633794000,None,38075000,1664617000,2649756000,1444408000,4094164000,None,None,None,1245000,3845079000,118387000,-1301785000,146770000,USD,-88913000,187432000,-32099000,None,-8351000,-88970000,-2126000,-30926000,28705000,-12594000,108475000,45065000,32332000,0,-80619000,-167909000,-1168000,-10160000,32099000,-6990000,None,-12594000,8.18,4.29
3,2019-08-31,USD,1033689000,295686000,666703000,366986000,70397000,24547000,None,None,30263000,None,290074000,-903000,71300000,None,40134000,8324000,None,-38781000,None,5612000,None,5716000,-41615000,None,24547000,24547000,None,USD,3707149000,14082000,None,69672000,5294719000,-1587570000,None,298993000,10419000,-1573843000,62200000,112069000,51419000,130981000,1191187000,24900000,24900000,-24146000,437491000,1481059000,None,-1713721000,None,23941000,2655391000,1256465000,867294000,None,None,10419000,None,-1573843000,None,None,1634306000,None,28142000,1677578000,2655391000,1448141000,4103532000,None,None,None,None,3707149000,130981000,-1266421000,155199000,USD,-32099000,41517000,-32432000,None,-22257000,-47408000,-6032000,-121853000,24547000,-115746000,-35906000,-2751000,32411000,0,-25151000,-155277000,-6990000,9678000,32432000,13969000,None,-115746000,5.67,8.18
4,2019-05-31,USD,1093720000,324910000,676080000,417640000,89625000,37691000,None,None,52266000,None,320597000,-3105000,92730000,None,37359000,5716000,None,-40134000,None,4313000,None,14575000,-4772000,None,37691000,37691000,None,USD,3679258000,16960000,None,65304000,5266616000,-1587358000,None,300489000,10620000,-1590494000,63358000,112069000,52645000,246727000,1142073000,24900000,24900000,-19384000,433882000,1449983000,None,-1716387000,None,36223000,2675602000,1101729000,816684000,None,None,10620000,None,-1590494000,None,None,1640787000,25577000,2229275000,1676032000,2675602000,1448941000,4124543000,None,None,None,11900000,3679258000,246727000,-1242869000,158126000,USD,-32432000,-87826000,-25101000,None,-6225000,-7857000,-6032000,-95126000,37691000,840000,33798000,5152000,32596000,0,-1632000,6966000,13969000,15514000,25101000,23705000,None,840000,9.11,5.67
5,2019-02-28,USD,1789108000,441591000,1074286000,714822000,272947000,181403000,None,None,235355000,None,381210000,-284000,273231000,None,37592000,None,None,None,None,60381000,None,53952000,None,None,181403000,181403000,None,USD,2128336000,17238000,None,98659000,3754531000,-1626195000,None,None,10594000,-1628185000,None,112069000,None,245887000,932553000,24900000,None,-14558000,439077000,1515524000,None,-1755502000,None,62263000,2681000000,1108715000,907653000,None,None,10594000,None,-1628185000,None,None,19423000,25005000,612812000,None,2681000000,140978000,2821978000,None,None,None,5954000,2128336000,245887000,None,157774000,USD,None,-149905000,-25834000,None,-225544000,-249391000,None,None,181403000,143217000,418442000,6279000,35443000,None,-23847000,274370000,None,66683000,25834000,4169000,None,143217000,14.14,9.11
6,2019-01-31,USD,1789109000,381632000,1074286000,714823000,307285000,181403000,0,0,235355000,0,381632000,-284000,273231000,0,37592000,53952000,None,None,0,60381000,0,53952000,-60244000,0,181403000,181093000,None,USD,2128336000,17238000,None,98659000,3754531000,-1626195000,None,61684000,10594000,-1628185000,137178000,112069000,44428000,245887000,932553000,24900000,24900000,-14558000,439077000,1515524000,None,-1851802000,None,57328000,2681000000,1108715000,485004000,None,None,10594000,None,-1628185000,None,None,612812000,25005000,19423000,None,2681000000,140978000,2821978000,None,None,None,5954000,2128336000,245887000,None,171000000,USD,-25834000,-160549000,-145387000,None,-225544000,-478878000,-1117000,-17803000,319545000,-180009000,444256000,6279000,124271000,-317000,-452544000,274370000,4169000,66550000,145387000,4169000,None,143217000,13.86,14.14
7,2018-11-30,USD,1274058000,341789000,795104000,478954000,137286000,83769000,0,0,99488000,0,340593000,121000,137165000,0,37798000,None,None,None,0,1196000,0,15719000,-37677000,0,83769000,83769000,None,USD,2339035000,20591000,None,100791000,4128886000,-1789851000,0,49914000,10700000,-1781493000,144694000,119074000,47069000,102670000,1293890000,240261000,240861000,-19058000,453396000,1693877000,5028000,-1929516000,0,49541000,2690302000,1440875000,1053629000,0,0,10700000,0,-1781493000,-12168000,None,28730000,23367000,645158000,None,2690302000,144694000,2834996000,None,None,None,None,2339035000,102670000,-1189442000,158616000,USD,None,159063000,-49645000,0,94386000,-83252000,-48000,50463000,83769000,-20521000,112376000,-5252000,31987000,-317000,-177638000,-160674000,-11903000,15386000,49645000,-11903000,None,-20521000,16.97,13.86
8,2018-08-31,USD,1053267000,299056000,679938000,373329000,73270000,27488000,0,0,36169000,0,300981000,-1003000,74273000,0,37101000,None,None,None,0,-1925000,0,8681000,-34884000,0,27488000,27488000,None,USD,2192545000,20983000,None,98742000,3891925000,-1699380000,0,50940000,11504000,-1700978000,148893000,119074000,55412000,123191000,1047945000,140261000,143461000,-9906000,445130000,1549646000,2300000,-1839437000,0,47618000,2695087000,1280095000,907684000,0,0,11504000,0,-1700978000,0,None,26180000,31532000,642899000,None,2695087000,148893000,2843980000,None,None,None,None,2192545000,123191000,-1167985000,171375000,USD,None,-19503000,-42084000,0,111366000,-138114000,-1069000,-21564000,27488000,-299263000,-119065000,371000,30714000,-317000,-249480000,-158831000,-1474000,2170000,42084000,-1474000,None,-299263000,16.99,16.97
9,2018-05-31,USD,1155511000,377620000,698948000,456563000,80636000,26885000,0,0,46042000,0,328617000,1693000,78943000,0,34594000,None,None,None,0,49003000,0,19157000,-80399000,0,26885000,26885000,None,USD,2313538000,21376000,None,108481000,3797459000,-1483921000,0,133732000,12225000,-1512896000,159615000,119074000,61734000,422454000,941436000,24900000,29800000,-10713000,424905000,1685349000,1100000,-1624371000,0,32851000,2696408000,1121563000,916536000,0,0,12225000,0,-1512896000,0,None,29496000,33338000,628189000,None,2696408000,159615000,2856023000,None,None,None,27463000,2313538000,422454000,-1144815000,182055000,USD,None,-59069000,-27824000,0,-6225000,-8121000,-1069000,-23438000,26885000,-3442000,32503000,681000,30606000,-317000,-1579000,-18755000,-4892000,57047000,27824000,-4892000,None,-3442000,18.36,16.99
10,2018-02-28,USD,1890608000,420246000,1116072000,774536000,354706000,202968000,0,0,319896000,0,419839000,416000,354290000,0,34810000,None,None,None,0,407000,0,116928000,-131031000,0,202968000,202968000,None,USD,2300215000,21769000,None,97830000,3809710000,-1509495000,0,370457000,12206000,-1539781000,146943000,119074000,203213000,425896000,957945000,24900000,24900000,-3660000,420020000,1676982000,None,-1650338000,0,29968000,2701764000,1123288000,933045000,0,0,12206000,0,-1539781000,0,None,27832000,34538000,623233000,None,2701764000,150001000,2851765000,None,None,None,21740000,2300215000,425896000,None,181919000,USD,None,-114839000,-55190000,0,-121450000,-112868000,-1117000,-11657000,202968000,249125000,417183000,278000,33829000,-408000,8582000,280367000,-2992000,9851000,55190000,4729000,None,249125000,23.01,18.36
11,2017-08-31,USD,1240196000,330250000,756088000,484108000,154218000,79760000,0,0,121400000,0,329298000,360000,153858000,0,32818000,None,None,None,0,952000,0,41640000,0,0,79760000,79760000,None,USD,2306096000,22253000,None,95993000,4038934000,-1732838000,0,400138000,12159000,-1742749000,100656000,119074000,190506000,176771000,1231158000,140125000,140125000,-9970000,401892000,1713698000,None,-1874165000,0,36728000,2707120000,1404206000,1091033000,0,0,12159000,0,-1742749000,0,None,12233000,36946000,592398000,None,2707120000,100656000,2807776000,None,None,None,7722000,2306096000,176771000,-1143112000,181263000,USD,None,215937000,-29520000,0,21775000,-38290000,-1069000,13879000,79760000,42652000,110462000,-9127000,29956000,-408000,-60065000,-207868000,0,8429000,29520000,-6625000,None,42652000,22.45,23.01
12,2017-05-31,USD,1072593000,314529000,670082000,402511000,86629000,35562000,0,0,55578000,0,313867000,-1353000,87982000,0,31051000,None,None,None,0,662000,0,20016000,0,0,35562000,35562000,None,USD,2060029000,22736000,None,87176000,3828022000,-1767993000,0,391784000,12330000,-1822509000,99997000,119074000,191149000,134119000,1015550000,112125000,2824600000,-16913000,407694000,1461186000,None,-1909803000,0,44396000,2712475000,1195495000,903425000,0,0,12330000,0,-1822509000,-11361000,None,12202000,37137000,598843000,None,2712475000,99997000,2812472000,None,None,None,59099000,2060029000,134119000,-1122928000,183414000,USD,None,-4468000,-27430000,0,81000000,-9334000,None,37240000,35562000,-63744000,-26980000,-2579000,30021000,-91000,-90243000,-92734000,0,5148000,27430000,2070000,None,-63744000,19.33,22.45
13,2017-02-28,USD,1158563000,328374000,690929000,467634000,139304000,72208000,0,0,108867000,0,327396000,44000,139260000,0,30437000,None,None,None,0,978000,0,36659000,0,0,72208000,72208000,None,USD,2009781000,23219000,None,84865000,3731706000,-1721925000,0,348807000,12656000,-1858071000,101562000,119074000,191883000,197863000,912313000,24900000,2742731000,-19496000,403049000,1414849000,None,-1864218000,0,29775000,2717831000,1102346000,887413000,0,0,12656000,0,-1858071000,0,None,12214000,37376000,594932000,None,2717831000,101562000,2819393000,None,None,None,142986000,2009781000,197863000,-1094767000,188849000,USD,None,-108374000,-15690000,0,-12450000,-108205000,None,-47171000,72208000,-100950000,22945000,1878000,29699000,-317000,-95438000,25516000,0,5184000,15690000,-3166000,None,-100950000,20.09,19.33
14,2016-11-30,USD,1750853000,369206000,1045093000,705760000,336799000,195318000,0,0,306240000,0,368960000,245000,336554000,0,30559000,None,None,None,0,246000,0,110922000,-147774000,0,195318000,195318000,None,USD,2147640000,23702000,None,87175000,3846066000,-1698426000,0,397497000,12948000,-1930279000,97650000,119074000,191671000,298813000,1024224000,31125000,31125000,-14224000,413164000,1542805000,None,-1841202000,0,29040000,2723187000,1127777000,993099000,0,0,12948000,0,-1930279000,0,None,12061000,36834000,604835000,None,2723187000,98655000,2821842000,None,None,None,233129000,2147640000,298813000,None,193311000,USD,-1325000,-98947000,-32299000,0,-6009000,-246759000,2542000,2075000,195318000,148843000,427901000,24805000,30280000,-415000,-243292000,266125000,8948000,-3392000,32299000,13712000,None,148843000,24.38,20.09
15,2016-08-31,USD,1227206000,320284000,760598000,466608000,139178000,76459000,0,0,107640000,0,318580000,-7146000,146324000,0,31538000,None,None,None,0,1704000,0,31181000,0,0,76459000,76459000,None,USD,2291469000,24457000,None,85681000,3950992000,-1659523000,0,378270000,13703000,-2125597000,98866000,119074000,185840000,149970000,1117368000,24900000,24900000,-16256000,412202000,1693427000,None,-1803054000,0,63684000,2734758000,1394092000,714198000,0,0,13703000,0,-2125597000,0,None,12016000,30293000,598042000,None,2734758000,98866000,2833624000,None,None,None,468627000,2291469000,149970000,-1347027000,204584000,USD,-1325000,282898000,-45093000,0,-50494000,-80726000,214000,-8101000,76459000,35121000,160940000,8377000,29666000,-415000,-30446000,-248313000,0,21475000,43768000,-9622000,None,35121000,23.96,24.38
16,2016-05-31,USD,1060353000,303620000,669656000,390697000,87187000,35617000,0,0,55233000,0,302712000,110000,87077000,0,31954000,None,None,None,0,908000,0,19616000,0,0,35617000,35617000,None,USD,2000971000,23703000,None,77472000,3708767000,-1707796000,0,347349000,13770000,-2202056000,97232000,119074000,194944000,114849000,876348000,66900000,66900000,-12606000,398688000,1407339000,None,-1850573000,0,69596000,2735187000,1145422000,462099000,0,0,13770000,0,-2202056000,0,None,12387000,39780000,593632000,None,2735187000,97232000,2832419000,None,None,None,493096000,2000971000,114849000,-1325603000,205824000,USD,-1325000,9056000,-30231000,-6500000,32864000,-26229000,2672000,-953000,35617000,-57021000,-561000,7861000,30722000,-98000,-61667000,-87594000,4858000,5807000,23731000,-2030000,None,-57021000,29.31,23.96
17,2016-02-29,USD,1158880000,319426000,694129000,464751000,144879000,70765000,0,0,112660000,0,317800000,-446000,145325000,0,32219000,None,None,None,0,1626000,0,41895000,0,0,70765000,70765000,None,USD,1938683000,24251000,None,76696000,3622041000,-1683358000,0,351805000,13898000,-2237673000,95378000,119074000,197673000,171870000,786599000,24900000,24900000,-7847000,402762000,1338248000,None,-1826683000,0,32040000,2740064000,1057642000,409894000,0,0,13898000,0,-2237673000,-860000,None,9958000,44390000,600435000,None,2740064000,95378000,2835442000,None,None,None,549124000,1938683000,171870000,-1309312000,207725000,USD,-1325000,-113693000,-159264000,-144600000,-6362000,-54394000,4599000,1147000,70765000,-237521000,-23863000,-42758000,31382000,-317000,-52314000,28982000,6888000,-5429000,14664000,6888000,None,-237521000,23.3,29.31
18,2015-11-30,USD,1682489000,363447000,994854000,687635000,321352000,183666000,0,0,287914000,0,366327000,-2836000,324188000,0,109070000,None,None,None,0,460000,0,104248000,-150430000,0,183666000,183666000,None,USD,2023277000,94290000,None,86484000,3747372000,-1724095000,0,377606000,13979000,-2308438000,97580000,94290000,145057000,409391000,904850000,24900000,24900000,-22056000,378507000,1499713000,None,-1818385000,0,1231000,2744942000,1002607000,502344000,0,0,13979000,0,-2308438000,0,None,10368000,40399000,523564000,None,2744942000,97580000,2842522000,None,None,None,592420000,2023277000,409391000,None,208996000,USD,-5000000,-21195000,-34194000,0,-153869000,-167715000,468000,-28236000,362912000,294645000,496554000,-159208000,31334000,-492000,-14314000,274152000,3725000,8559000,34194000,None,None,294645000,22.21,23.3
19,2015-10-31,USD,1168423000,309746000,673392000,465598000,155740000,76797000,0,0,121900000,0,309746000,-112000,155852000,0,33840000,None,None,None,0,1042000,0,45103000,0,0,76797000,76797000,None,USD,2083139000,94290000,None,95046000,3993064000,-1909925000,17222000,370671000,13970000,-2492104000,92065000,94290000,152847000,114746000,959026000,24900000,None,-14624000,385407000,1544885000,None,-2004215000,0,58040000,2924751000,1277053000,557170000,0,0,13970000,0,-2492104000,0,None,6641000,20205000,31711000,None,2924751000,92065000,3034038000,None,None,None,582833000,2083139000,114746000,-1259921000,210000000,USD,-5000000,178999000,-31485000,0,-22106000,-18775000,1087000,None,76797000,44378000,94638000,84106000,31490000,-49000,2293000,-203167000,0,3210000,26485000,None,None,44378000,23.38,22.21
