,fiscalDateEnding,reportedCurrency_x,totalRevenue,totalOperatingExpense,costOfRevenue,grossProfit,ebit,netIncome_x,researchAndDevelopment,effectOfAccountingCharges,incomeBeforeTax,minorityInterest,sellingGeneralAdministrative,otherNonOperatingIncome,operatingIncome,otherOperatingExpense,interestExpense,taxProvision,interestIncome,netInterestIncome,extraordinaryItems,nonRecurring,otherItems,incomeTaxExpense,totalOtherIncomeExpense,discontinuedOperations,netIncomeFromContinuingOperations,netIncomeApplicableToCommonShares,preferredStockAndOtherAdjustments,reportedCurrency_y,totalAssets,intangibleAssets,earningAssets,otherCurrentAssets,totalLiabilities,totalShareholderEquity,deferredLongTermLiabilities,otherCurrentLiabilities,commonStock,retainedEarnings,otherLiabilities,goodwill,otherAssets,cash,totalCurrentLiabilities,shortTermDebt,currentLongTermDebt,otherShareholderEquity,propertyPlantEquipment,totalCurrentAssets,longTermInvestments,netTangibleAssets,shortTermInvestments,netReceivables,longTermDebt,inventory,accountsPayable,totalPermanentEquity,additionalPaidInCapital,commonStockTotalEquity,preferredStockTotalEquity,retainedEarningsTotalEquity,treasuryStock,accumulatedAmortization,otherNonCurrrentAssets,deferredLongTermAssetCharges,totalNonCurrentAssets,capitalLeaseObligations,totalLongTermDebt,otherNonCurrentLiabilities,totalNonCurrentLiabilities,negativeGoodwill,warrants,preferredStockRedeemable,capitalSurplus,liabilitiesAndShareholderEquity,cashAndShortTermInvestments,accumulatedDepreciation,commonStockSharesOutstanding,reportedCurrency,investments,changeInLiabilities,cashflowFromInvestment,otherCashflowFromInvestment,netBorrowings,cashflowFromFinancing,otherCashflowFromFinancing,changeInOperatingActivities,netIncome_y,changeInCash,operatingCashflow,otherOperatingCashflow,depreciation,dividendPayout,stockSaleAndPurchase,changeInInventory,changeInAccountReceivables,changeInNetIncome,capitalExpenditures,changeInReceivables,changeInExchangeRate,changeInCashAndCashEquivalents,clossingVal,nextClossingVal
0,2020-04-30,USD,7375000,8369000,5186000,2189000,-6110000,-6642000,410000,None,-6121000,None,4654000,70000,-6180000,774000,11000,521000,-11000,-11000,None,2531000,None,521000,-2461000,None,-6642000,-7201000,559000,USD,51203000,7703000,None,10511000,10653000,40550000,200000,1568000,141000,-84511000,1111000,0,12544000,4705000,8551000,None,None,-4518000,12002000,28999000,535000,10743000,None,7996000,None,13783000,6983000,None,None,141000,22104000,-84511000,-16860000,None,1964000,None,22204000,1957000,None,1902000,2102000,None,None,None,124194000,51203000,4705000,None,None,USD,1239000,724000,1239000,1414000,None,-559000,None,201000,-6642000,1609000,929000,61000,1701000,-559000,None,-554000,3728000,1911000,175000,3728000,None,1609000,0.965,
1,2020-01-31,USD,13257000,8875000,7310000,5947000,-2981000,-3708000,408000,None,-2953000,None,4984000,-53000,-2928000,723000,12000,715000,-12000,-12000,None,2760000,None,715000,-813000,None,-3668000,-4266000,558000,USD,58228000,8161000,None,14132000,10576000,47652000,200000,2104000,141000,-77310000,1167000,2531000,14609000,3234000,8448000,None,None,-4387000,13777000,30627000,403000,14856000,None,11921000,None,13261000,6344000,None,None,141000,22104000,-77310000,-16860000,None,2729000,None,27601000,2300000,None,1928000,2128000,None,None,None,123964000,58228000,3234000,None,12000000,USD,-910000,214000,-910000,249000,None,1005000,None,-746000,-3708000,-1474000,-1569000,-520000,1962000,-558000,1563000,25000,-703000,1161000,1159000,-703000,None,-1474000,2.84,0.965
2,2019-10-31,USD,10663000,5980000,6612000,4051000,-1956000,-2028000,629000,None,-1968000,None,4705000,-27000,-1929000,646000,12000,60000,-12000,-12000,None,None,None,60000,-27000,None,-2028000,-2550000,522000,USD,62496000,9453000,None,14468000,12418000,50078000,None,577000,141000,-73044000,1031000,2531000,15231000,4799000,9299000,None,None,-4420000,14021000,32826000,None,17554000,None,12947000,None,13559000,8722000,None,None,141000,20540000,-73044000,-16860000,None,3597000,None,68000,2455000,None,3119000,3119000,None,None,None,123721000,62496000,4799000,None,12000000,USD,-1800000,1005000,-1800000,1654000,None,-292000,None,251000,-2028000,-2840000,-745000,1934000,1846000,-522000,2236000,-463000,-1120000,22000,2029000,-1120000,None,-2837000,2.3,2.84
3,2019-07-31,USD,8898000,5944000,6016000,2882000,-3077000,-3136000,498000,None,-3088000,None,4795000,-15000,-3062000,651000,11000,48000,-11000,-11000,None,None,None,48000,-15000,None,-3136000,-3635000,499000,USD,63047000,9909000,None,13972000,11033000,52014000,None,1125000,141000,-70494000,1086000,2531000,13143000,7639000,7929000,None,None,-4535000,11841000,34726000,90000,19264000,None,10649000,None,13115000,6804000,None,None,141000,20310000,-70494000,-16860000,None,4144000,None,68000,2738000,None,3104000,3104000,None,None,None,123452000,63047000,7639000,None,12000000,USD,19000,987000,19000,1425000,None,1098000,None,661000,-3136000,-500000,-1652000,785000,1829000,-499000,2006000,-1871000,24000,-95000,437000,24000,None,-535000,4.16,2.3
4,2019-04-30,USD,9857000,12313000,6116000,3741000,-325000,-2415000,315000,None,-2360000,None,5232000,107000,-2456000,650000,11000,55000,-11000,-11000,None,None,None,55000,107000,None,-2415000,-2886000,471000,USD,64333000,10140000,None,153000,10410000,53923000,None,1469000,140000,-66859000,1141000,2531000,1200000,7986000,7108000,853000,853000,14245000,15851000,34146000,465000,22513000,None,12288000,2161000,11243000,2177000,None,None,140000,18739000,-66859000,-16860000,None,1132000,None,30187000,3014000,None,1141000,3302000,None,None,None,123257000,64333000,7986000,None,12000000,USD,603000,-405000,603000,969000,None,-62000,None,-672000,-2415000,-1410000,-1851000,-706000,2131000,-471000,409000,-501000,76000,-56000,366000,76000,None,-1310000,3.73,4.16
5,2019-01-31,USD,12328000,5934000,8917000,3411000,-4201000,-4155000,302000,0,-4176000,0,4952000,-1678000,-2523000,680000,-25000,-21000,None,None,0,0,0,-21000,-1678000,0,-4155000,-4618000,463000,USD,65301000,10495000,None,16019000,8623000,56678000,None,1932000,140000,-63973000,1195000,2531000,15933000,9549000,7428000,None,None,-4044000,14155000,36342000,840000,25322000,None,12082000,None,10774000,5496000,None,None,140000,18330000,-63973000,-16860000,None,870000,None,68000,None,None,1195000,1195000,None,None,None,123085000,65301000,9549000,None,12000000,USD,1128000,-96000,1128000,1539000,None,255000,None,-224000,-4155000,3886000,2503000,1255000,2630000,-463000,718000,523000,2170000,176000,411000,2170000,None,3886000,3.98,3.73
6,2018-10-31,USD,14651000,5573000,9427000,5224000,-5452000,-5191000,175000,0,-5440000,0,4819000,-5103000,-349000,579000,-12000,None,None,None,0,0,0,-249000,-5091000,0,-5191000,-5640000,449000,USD,68539000,10911000,None,19043000,8285000,60254000,0,156000,140000,-59355000,None,2531000,18756000,5619000,8285000,None,None,-4162000,16655000,36341000,1434000,29200000,213000,17440000,0,11679000,8129000,0,0,140000,17612000,-59355000,-16860000,None,609000,None,58000,None,None,None,None,None,None,None,122879000,68539000,5619000,None,12000000,USD,None,260000,938000,1185000,None,236000,None,277000,-5191000,-987000,-2161000,-1804000,2785000,-449000,685000,102000,-5199000,4451000,247000,-2764000,None,-987000,4.0,3.98
7,2018-07-31,USD,8350000,6436000,6490000,1860000,-4521000,-4589000,312000,0,-4504000,0,5504000,55000,-4576000,620000,-17000,None,None,None,0,-200000,0,85000,72000,0,-4589000,-5000000,411000,USD,68114000,11037000,None,13468000,8160000,59954000,0,460000,140000,-53715000,None,2531000,22114000,7109000,8160000,None,None,-9233000,19765000,32432000,1768000,29436000,223000,11498000,0,11855000,7700000,0,0,140000,16950000,-53715000,-16860000,None,611000,None,35712000,None,None,None,None,None,None,None,122672000,68114000,7109000,None,12000000,USD,None,-1481000,-398000,1172000,None,1227000,None,85000,-4589000,-1604000,-2433000,2207000,3096000,-411000,1638000,-562000,398000,-572000,1570000,-532000,None,-1604000,3.86,4.0
8,2018-04-30,USD,7613000,6817000,6368000,1245000,-5486000,-5905000,370000,0,-5468000,0,5630000,86000,-5572000,617000,-18000,None,None,None,0,200000,0,437000,104000,0,-5905000,-6290000,385000,USD,72724000,11484000,None,14465000,9508000,63216000,105000,723000,140000,-48715000,105000,2531000,23966000,8846000,9403000,None,None,-9091000,21046000,34743000,2309000,33889000,233000,12333000,0,11432000,8680000,0,0,140000,15312000,-48715000,-16860000,None,611000,None,37981000,None,None,None,105000,None,None,None,122430000,72724000,8846000,None,12000000,USD,None,595000,-1683000,-1380000,None,3427000,None,-1520000,-5905000,-1622000,-3366000,-2321000,3303000,-385000,3812000,-844000,1488000,-612000,303000,2418000,None,-1622000,3.25,3.86
9,2018-01-31,USD,10363000,84147000,6131000,2539000,-5791000,-13123000,865000,0,-13028000,0,7033000,None,-10610000,-1553000,0,None,None,None,0,-12395000,0,324000,-2418000,0,-7861000,-7593000,None,USD,73679000,8015000,None,12044000,7830000,65849000,307000,741000,140000,-42425000,307000,2531000,17733000,10146000,7523000,None,None,-8854000,22900000,33046000,6261000,43759000,244000,10494000,0,10856000,6782000,0,0,140000,11544000,-42425000,-16860000,None,926000,None,40633000,None,None,None,307000,None,None,None,122304000,73679000,10146000,None,12000000,USD,None,-455000,8997000,0,-6307000,-3038000,None,1002000,-21069000,6635000,719000,None,2267000,-905000,0,685000,4405000,-486000,1316000,None,None,None,3.76,3.25
10,2017-10-31,USD,8644000,5694000,7743000,901000,-4747000,-5281000,299000,0,-4695000,0,5178000,46000,-4793000,516000,-52000,None,None,None,0,24790000,0,586000,-161000,0,-5281000,-5510000,229000,USD,76797000,8151000,None,14300000,6648000,70149000,296000,236000,140000,-34391000,296000,3997000,17415000,6770000,6352000,None,None,-9973000,26372000,33010000,5271000,48857000,229000,12165000,0,11940000,6116000,0,0,140000,9144000,-34391000,-16858000,None,29000,None,43820000,None,None,None,296000,None,None,None,122087000,76797000,6770000,None,12000000,USD,None,-31000,435000,670000,None,844000,None,6000,-5281000,-633000,-1912000,-184000,4124000,-229000,1073000,186000,5129000,22000,235000,-748000,251000,-382000,3.14,3.76
11,2017-07-31,USD,10836000,5590000,10218000,618000,-5024000,-5364000,240000,0,-5007000,0,5065000,-52000,-4972000,525000,-17000,None,None,None,0,-12395000,0,357000,259000,0,-5364000,-5571000,207000,USD,81594000,8536000,None,14373000,6918000,74676000,275000,455000,140000,-28881000,275000,3997000,17762000,7152000,6643000,None,None,-9719000,29842000,33990000,5200000,54010000,236000,12439000,0,12465000,6188000,0,0,140000,8133000,-28881000,-16858000,None,29000,None,47604000,None,None,None,275000,None,None,None,121861000,81594000,7152000,None,12000000,USD,None,-696000,1348000,1524000,None,540000,None,-348000,-5364000,4862000,2974000,-312000,4304000,-207000,747000,1296000,5877000,44000,176000,3702000,-166000,4696000,3.97,3.14
12,2017-04-30,USD,18433000,5483000,15239000,3194000,-2390000,-2665000,98000,0,-2436000,0,4902000,-101000,-2289000,581000,46000,None,None,None,0,2479000,0,229000,-147000,0,-2665000,-2859000,194000,USD,85750000,8720000,None,18001000,7327000,78423000,296000,560000,140000,-23310000,296000,3997000,18425000,2456000,7031000,None,None,-10565000,33380000,33945000,5680000,58315000,403000,16028000,0,13488000,6471000,0,0,140000,7391000,-23310000,-16858000,None,28000,None,51805000,None,None,None,296000,None,None,None,121625000,85750000,2456000,None,12000000,USD,None,197000,4310000,4496000,-6307000,-6474000,None,549000,-2665000,-1052000,1112000,509000,4791000,-194000,27000,-1403000,2175000,-2492000,186000,2175000,-3000,-1055000,4.66,3.97
13,2017-01-31,USD,12548000,72289000,9440000,-7519000,-31290000,-35349000,356000,0,-32872000,0,5699000,None,-31871000,2399000,104000,None,None,None,0,750000,0,1308000,-1001000,0,-33153000,-33639000,None,USD,94714000,9012000,None,19588000,13782000,80932000,317000,651000,140000,-20451000,317000,3997000,15817000,3511000,13465000,6371000,6371000,-10594000,43838000,35059000,2780000,60629000,609000,15830000,0,11960000,6443000,0,0,140000,7294000,-20451000,-16858000,None,28000,None,59655000,None,None,None,317000,None,None,None,121401000,94714000,3511000,None,12000000,USD,None,-2189000,4412000,0,-14117000,-7313000,None,-1327000,-33153000,-258000,3154000,None,2522000,-486000,0,850000,7345000,2878000,919000,None,None,None,4.855,4.66
14,2016-10-31,USD,8057000,5597000,10194000,-2137000,-7447000,-7330000,0,0,-7558000,0,5039000,287000,-7734000,558000,111000,None,None,None,0,0,0,-228000,1915000,0,-7330000,-7510000,180000,USD,104342000,9442000,None,14756000,13664000,90678000,0,178000,140000,-10405000,None,3997000,19641000,3232000,13664000,8676000,None,-10425000,54192000,30509000,4968000,70264000,0,None,0,12521000,4810000,0,0,140000,6975000,-10405000,-16858000,None,28000,1206000,73833000,None,None,None,None,None,None,None,121251000,104342000,3232000,None,12000000,USD,None,-502000,26000,87000,-802000,-1126000,None,None,-7330000,-497000,603000,-394000,7017000,-180000,-144000,290000,10308000,-17000,61000,1539000,233000,-264000,2.96,4.855
15,2016-07-31,USD,8663000,6073000,10905000,-2242000,-8927000,-9526000,0,0,-9091000,0,5426000,-612000,-8315000,647000,164000,None,None,None,0,0,0,435000,-1150000,0,-9526000,-9640000,114000,USD,113851000,10083000,None,16047000,14925000,98926000,0,351000,140000,-2895000,None,4155000,20252000,3496000,8663000,3220000,None,-9677000,60965000,32634000,4967000,77571000,0,None,6262000,13091000,5092000,0,0,140000,7117000,-2895000,-16856000,None,1047000,None,81217000,None,6262000,None,6262000,None,None,None,121097000,113851000,3496000,None,12000000,USD,None,-1952000,1207000,1263000,-8258000,-1255000,None,None,-9526000,1286000,1334000,273000,7352000,-114000,7117000,-116000,8769000,-657000,56000,5960000,-150000,1136000,3.36,2.96
16,2016-04-30,USD,11731000,5965000,12097000,-366000,-5880000,-6443000,0,0,-6144000,0,5313000,451000,-6331000,652000,264000,None,None,None,0,0,0,299000,187000,0,-6443000,-6443000,None,USD,126500000,10501000,None,21652000,25233000,101267000,0,486000,140000,6745000,None,4226000,20878000,2360000,10717000,3219000,None,-9440000,68594000,37028000,4968000,86540000,0,None,14516000,13016000,7012000,0,0,140000,0,6745000,-16854000,None,275000,908000,89472000,None,14516000,None,14516000,None,None,None,120676000,126500000,2360000,None,12000000,USD,None,-1404000,302000,906000,-2754000,-2754000,None,None,-6443000,-702000,1750000,-326000,7558000,0,0,297000,2809000,-741000,604000,2809000,-707000,-1409000,3.72,3.36
17,2016-01-31,USD,11442000,72828000,5461000,946000,-21009000,-32923000,931000,0,-21200000,0,5388000,None,-15031000,2511000,202000,None,None,None,0,5810000,0,14675000,-6169000,0,-38736000,-38736000,None,USD,134759000,14621000,None,4208000,29722000,105037000,0,5695000,140000,1087000,None,4155000,20547000,3769000,12456000,3218000,3218000,-12101000,73516000,42884000,None,90416000,0,21963000,17266000,12944000,3543000,0,0,0,0,0,-16854000,None,None,None,None,None,None,None,None,None,None,None,None,None,None,None,12000000,USD,None,1241000,-10269000,0,-5817000,-5638000,182000,4807000,-38736000,-1406000,15047000,None,2520000,-486000,0,677000,-238000,16901000,2509000,None,None,None,2.73,3.72
18,2015-10-31,USD,15681000,7701000,13958000,1723000,-6423000,-5813000,0,0,-6559000,0,4359000,-445000,-5978000,2742000,136000,None,None,None,0,600000,0,-746000,-740000,0,-5813000,-5813000,None,USD,153425000,9377000,None,3342000,19899000,133526000,0,370000,140000,40026000,None,5552000,29294000,4566000,10708000,3218000,None,-10533000,78578000,45553000,None,118597000,0,25879000,9191000,11766000,7120000,0,0,140000,0,40026000,-16854000,None,465000,13900000,107872000,None,9191000,None,9191000,None,None,None,120747000,153425000,4566000,None,12000000,USD,None,4366000,857000,1167000,-1804000,-1685000,122000,None,-5813000,1421000,2249000,1121000,7877000,0,-3000,2367000,268000,-2599000,310000,-5070000,345000,1766000,4.44,2.73
19,2015-07-31,USD,7554000,6195000,10163000,-2609000,-8479000,-5848000,0,0,-8645000,0,4964000,325000,-8804000,631000,166000,None,None,None,0,600000,0,-2797000,-406000,0,-5848000,-5848000,None,USD,159710000,9975000,None,4478000,20520000,139190000,0,481000,140000,45839000,None,5579000,27595000,2871000,9363000,3117000,None,-10172000,86542000,45573000,None,123636000,71000,23747000,11157000,14477000,5765000,0,0,140000,0,45839000,-16851000,None,27000,12014000,114137000,None,11157000,None,11157000,None,None,None,120234000,159710000,2871000,None,12000000,USD,None,-1021000,-1712000,172000,-6157000,-6168000,-11000,None,-5848000,-2668000,5212000,973000,8248000,0,0,-2499000,5338000,-2818000,1884000,8177000,-759000,-3427000,4.13,4.44
