,fiscalDateEnding,reportedCurrency_x,totalRevenue,totalOperatingExpense,costOfRevenue,grossProfit,ebit,netIncome_x,researchAndDevelopment,effectOfAccountingCharges,incomeBeforeTax,minorityInterest,sellingGeneralAdministrative,otherNonOperatingIncome,operatingIncome,otherOperatingExpense,interestExpense,taxProvision,interestIncome,netInterestIncome,extraordinaryItems,nonRecurring,otherItems,incomeTaxExpense,totalOtherIncomeExpense,discontinuedOperations,netIncomeFromContinuingOperations,netIncomeApplicableToCommonShares,preferredStockAndOtherAdjustments,reportedCurrency_y,totalAssets,intangibleAssets,earningAssets,otherCurrentAssets,totalLiabilities,totalShareholderEquity,deferredLongTermLiabilities,otherCurrentLiabilities,commonStock,retainedEarnings,otherLiabilities,goodwill,otherAssets,cash,totalCurrentLiabilities,shortTermDebt,currentLongTermDebt,otherShareholderEquity,propertyPlantEquipment,totalCurrentAssets,longTermInvestments,netTangibleAssets,shortTermInvestments,netReceivables,longTermDebt,inventory,accountsPayable,totalPermanentEquity,additionalPaidInCapital,commonStockTotalEquity,preferredStockTotalEquity,retainedEarningsTotalEquity,treasuryStock,accumulatedAmortization,otherNonCurrrentAssets,deferredLongTermAssetCharges,totalNonCurrentAssets,capitalLeaseObligations,totalLongTermDebt,otherNonCurrentLiabilities,totalNonCurrentLiabilities,negativeGoodwill,warrants,preferredStockRedeemable,capitalSurplus,liabilitiesAndShareholderEquity,cashAndShortTermInvestments,accumulatedDepreciation,commonStockSharesOutstanding,reportedCurrency,investments,changeInLiabilities,cashflowFromInvestment,otherCashflowFromInvestment,netBorrowings,cashflowFromFinancing,otherCashflowFromFinancing,changeInOperatingActivities,netIncome_y,changeInCash,operatingCashflow,otherOperatingCashflow,depreciation,dividendPayout,stockSaleAndPurchase,changeInInventory,changeInAccountReceivables,changeInNetIncome,capitalExpenditures,changeInReceivables,changeInExchangeRate,changeInCashAndCashEquivalents,clossingVal,nextClossingVal
0,2020-06-30,USD,12587000,14689000,None,12587000,-2102000,-3508000,None,None,-1548000,None,3414000,None,-2102000,2303000,-554000,1960000,601000,-1864000,None,8972000,None,1960000,None,None,-3508000,-3508000,None,USD,526936000,None,None,None,252449000,274487000,2590000,None,267078000,None,143000,None,463940000,41854000,4168000,None,114429000,7409000,None,41854000,406479000,274487000,None,172000,245532000,None,4168000,None,None,267078000,None,None,None,None,21267000,None,57336000,None,245532000,2749000,248281000,None,None,None,None,526936000,41854000,None,5704314,USD,12585000,0,-13127000,None,21847000,21847000,-271000,None,-3508000,11681000,2961000,2696000,155000,None,0,None,None,3618000,25712000,None,None,11681000,23.12,
1,2020-03-31,USD,2429000,7237000,None,2429000,-4808000,-3058000,None,None,-4249000,None,3337000,None,-4808000,3900000,-559000,-1191000,559000,-1710000,None,None,None,-1191000,None,None,-3058000,-3058000,None,USD,508072000,None,None,None,230403000,277669000,2879000,None,270489000,None,138000,None,426211000,30173000,4300000,None,2206000,7180000,14341000,30173000,399514000,277669000,None,612000,223653000,None,4300000,None,None,270489000,None,None,None,None,18991000,None,59394000,None,223653000,2450000,226103000,None,None,None,None,508072000,30173000,None,5702423,USD,80122000,0,-8817000,-8817000,22812000,22771000,-452000,None,-3058000,17368000,3414000,562000,122000,None,-41000,None,None,5788000,88939000,None,None,17368000,24.73,23.12
2,2019-12-31,USD,10666000,4213000,44000,10666000,6453000,69300000,None,None,8729000,None,3256000,None,6453000,957000,-2276000,-60571000,2320000,115000,None,None,None,-60571000,-2128000,None,69300000,69300000,None,USD,485642000,None,None,4250000,204517000,281125000,2675000,117000,273492000,None,57000,None,366100000,12805000,2527000,2862000,2862000,7633000,8397000,12805000,402142000,281125000,None,853000,201816000,None,2527000,None,None,273492000,None,None,None,None,12984000,None,57711000,None,201816000,174000,201990000,None,None,None,None,485642000,12805000,None,5701946,USD,23453000,0,-54407000,2080000,49332000,46602000,-726000,None,69300000,-4147000,3658000,-59883000,-896000,None,-2730000,None,None,-5759000,79940000,None,None,-4147000,31.8,24.73
3,2019-09-30,USD,7581000,4110000,51000,7581000,3471000,5576000,None,None,5602000,None,2052000,None,3471000,2058000,-2131000,26000,2182000,924000,None,None,None,26000,457000,None,5576000,5576000,None,USD,373957000,None,None,6384000,154362000,219595000,2190000,None,206854000,None,9000,None,213154000,16952000,2689000,3313000,3313000,12741000,8376000,16952000,343955000,219595000,None,1468000,151340000,None,2689000,None,None,206854000,None,None,None,None,13050000,None,357005000,None,151340000,333000,151673000,None,None,None,None,373957000,16952000,None,5778883,USD,34441000,0,-38589000,-60255000,41810000,41810000,-2205000,None,5576000,3859000,638000,-3089000,-933000,None,None,None,None,-1849000,73030000,None,None,3859000,30.0,31.8
4,2019-06-30,USD,24460000,3820000,247000,24460000,20640000,23219000,None,None,23270000,None,1752000,None,20640000,2068000,-2630000,50000,2877000,1433000,-1000,None,None,50000,13364000,-1000,23220000,23219000,None,USD,325761000,None,None,2511000,111135000,214626000,None,None,201212000,None,None,None,8816000,13093000,3267000,3764000,3764000,13414000,8369000,13093000,301793000,214626000,None,1051000,107868000,None,3267000,None,None,201212000,None,None,None,None,10875000,None,312668000,None,107868000,None,107868000,None,None,None,None,325761000,13093000,None,5778294,USD,15419000,0,-24075000,-21666000,-2527000,-2527000,-2205000,None,23219000,-21348000,5254000,-24795000,-531000,None,None,None,None,6830000,39494000,None,None,-21348000,33.47,30.0
5,2019-03-31,USD,6111000,4888000,299000,6111000,1223000,2882000,None,None,2902000,None,2490000,None,1223000,2398000,-1679000,13000,6105000,470000,-7000,None,None,13000,2052000,-7000,2889000,2882000,None,USD,356341000,None,None,6623000,143874000,212467000,None,None,177910000,None,6000,None,5668000,34441000,3629000,1723000,1723000,34557000,8216000,34441000,307546000,212467000,None,1888000,140239000,None,3629000,None,None,177910000,None,None,None,None,14354000,None,321900000,None,140239000,6000,140245000,None,None,None,None,356341000,34441000,None,5777776,USD,58856000,0,2409000,2409000,-1197000,-1197000,-2205000,None,2882000,563000,-649000,-96000,96000,None,None,None,None,-3435000,56447000,None,None,563000,30.29,33.47
6,2018-12-31,USD,1806000,2411000,-19000,1806000,-605000,31276000,0,0,17076000,0,2783000,None,-605000,-372000,-3118000,-54000,None,None,13384000,0,0,-54000,17681000,14146000,17130000,31276000,None,USD,364386000,None,None,6952000,151476000,212910000,None,None,175213000,None,None,None,89636000,33878000,2289000,4049000,4049000,37697000,None,33878000,319568000,212910000,None,68153000,149187000,None,2289000,None,None,175213000,None,None,None,None,10940000,None,330508000,None,149187000,None,149187000,None,None,None,None,364386000,33878000,None,5777216,USD,16023000,0,-500000,-46449000,-1018000,-5187000,-2359000,-275000,31276000,7378000,13065000,7150000,-375000,None,-1810000,None,None,-30550000,16570000,None,None,7378000,25.2,30.29
7,2018-09-30,USD,1296000,4607000,19000,1296000,-2209000,8624000,0,0,8733000,0,3529000,1102000,-3311000,772000,-2603000,None,None,None,0,0,0,122000,8737000,13000,8611000,8624000,None,USD,403898000,0,None,22709000,210351000,193547000,0,None,142562000,0,19928000,0,127417000,26500000,3166000,37351000,37351000,50985000,9000000,26500000,293912000,193547000,10944000,60227000,187172000,156808000,3166000,0,0,142562000,0,0,0,None,16187000,None,319099000,None,187172000,20013000,207185000,None,None,None,None,403898000,26500000,None,5728838,USD,3310000,0,-18641000,1615000,-465000,-2988000,-1751000,-275000,8624000,-16461000,5168000,564000,-104000,0,-772000,0,275000,-38080000,23566000,None,None,-16461000,26.18,25.2
8,2018-06-30,USD,293000,4213000,24000,293000,-1867000,2762000,0,0,2897000,0,2005000,2053000,-3920000,120000,-3209000,None,None,None,0,-858000,0,754000,1884000,619000,2143000,2762000,None,USD,417312000,0,None,27770000,230630000,186682000,0,None,132322000,0,24036000,0,141603000,42961000,3405000,42334000,42334000,54360000,9000000,42961000,290467000,186682000,15916000,59654000,203087000,171261000,3405000,0,0,132322000,0,0,0,None,17585000,None,317052000,None,203087000,24138000,227225000,None,None,None,None,417312000,42961000,None,5671794,USD,24751000,35850000,-47727000,63000,-5055000,-336000,-315000,275000,21102000,-57225000,-9162000,-9275000,-412000,0,5034000,0,275000,18260000,26045000,None,None,-57225000,26.6,26.18
9,2018-03-31,USD,3726000,7855000,19000,3707000,-4129000,18340000,0,0,-3028000,0,7385000,None,-4129000,451000,-1647000,None,None,None,0,858000,0,-790000,1101000,20578000,-2238000,18340000,None,USD,413366000,0,None,27120000,234953000,178413000,0,502000,128100000,0,25115000,0,136873000,33444000,47122000,42483000,42483000,50313000,3527000,127053000,149440000,178413000,15870000,60024000,162716000,166824000,4137000,0,0,128100000,0,0,0,None,None,None,None,None,None,None,None,None,None,None,None,None,None,None,6000000,USD,6346000,0,-40087000,1036000,-4586000,-461000,None,275000,18340000,-50872000,-10324000,None,-189000,0,0,0,0,-28475000,0,None,None,None,27.2,26.6
10,2017-12-31,USD,1382000,13222000,11553000,1382000,-16068000,5508000,0,0,-7169000,11497000,-18590000,-4228000,-11840000,8826000,-1809000,None,None,None,0,-26019000,0,-1165000,-22025000,15000,-6004000,5508000,None,USD,531886000,0,None,63186000,304784000,137573000,0,347000,96420000,0,70785000,0,249935000,100186000,9551000,60438000,60438000,41153000,27391000,100186000,381472000,137573000,60839000,5320000,224448000,149054000,9551000,0,0,96420000,0,0,0,None,50228000,None,431700000,None,224448000,70785000,295233000,None,None,None,None,531886000,100186000,None,5525687,USD,-1105000,3467000,4024000,15946000,-924000,-6852000,1323000,3467000,-5989000,7006000,9834000,-11005000,690000,0,-5694000,0,0,8686000,10817000,None,None,7006000,24.3,27.2
11,2017-09-30,USD,11597000,25153000,9015000,11597000,-12547000,9921000,0,0,-3157000,13182000,25153000,1009000,-13556000,-15142000,-1943000,None,None,None,0,3703000,0,384000,0,280000,-3541000,9921000,None,USD,535496000,0,None,62830000,298718000,135726000,0,None,96727000,0,66411000,0,252178000,91181000,7581000,27857000,27857000,38999000,27624000,91181000,375195000,135726000,58840000,9571000,224726000,154942000,7581000,0,0,96727000,0,0,0,None,69120000,None,444315000,None,224726000,66411000,291137000,None,None,None,None,535496000,91181000,None,5746587,USD,21728000,1269000,-11521000,-9180000,1556000,-762000,-1156000,-2128000,-3261000,-5141000,7142000,3755000,671000,0,-1162000,0,0,4537000,24069000,None,None,-5141000,25.05,24.3
12,2017-06-30,USD,8912000,16665000,4533000,8912000,-3924000,7417000,0,0,-3777000,11523000,16665000,3829000,-7753000,9924000,-2230000,None,None,None,0,-11352000,0,424000,0,95000,-4201000,7417000,None,USD,536039000,0,None,49531000,294183000,127547000,0,None,88609000,0,64955000,0,249649000,83608000,4132000,225559000,225559000,38938000,27920000,83608000,379338000,127547000,46126000,11193000,225096000,163669000,4132000,0,0,88609000,0,0,0,None,73093000,None,452431000,None,225096000,64955000,290051000,None,None,None,None,536039000,83608000,None,5795543,USD,12185000,447000,17668000,6274000,-11643000,-12624000,-1156000,-2676000,-4106000,7503000,2459000,-2118000,722000,0,-981000,0,0,4497000,791000,None,None,7503000,22.85,25.05
13,2017-03-31,USD,6337000,17025000,7434000,6337000,-12108000,-3444000,0,0,-12881000,9137000,17025000,-1420000,-10688000,0,-2523000,None,None,None,0,7528000,0,-258000,0,42000,-12623000,-3444000,None,USD,557710000,0,None,None,311549000,120299000,0,None,82129000,0,66758000,0,264288000,82595000,4272000,None,None,38170000,39745000,82595000,392309000,120299000,52616000,None,240519000,152385000,4272000,0,0,82129000,0,0,0,None,82806000,None,475115000,None,240519000,66758000,307277000,None,None,None,None,557710000,82595000,None,5837643,USD,-12950000,None,-6390000,7897000,-1160000,-3137000,-207000,None,-12581000,-15546000,-6019000,None,567000,0,-1770000,0,0,-4278000,1337000,None,None,-15546000,23.25,22.85
14,2016-12-31,USD,3967000,17529000,9379000,3967000,-20572000,16442000,0,0,8092000,8799000,17529000,-7010000,-13562000,-22182000,-2804000,None,None,None,0,34671000,0,530000,-23425000,81000,7562000,16442000,None,USD,574199000,0,None,59831000,313876000,125324000,0,300000,87506000,0,62984000,0,266798000,103029000,7821000,8701000,8701000,37818000,40209000,103029000,400172000,125324000,57504000,8037000,243071000,156126000,7821000,0,0,87506000,0,0,0,None,70998000,None,471170000,None,243071000,62984000,306055000,None,None,None,None,574199000,103029000,None,5925743,USD,22252000,3544000,23298000,4835000,-734000,-3055000,-1476000,3544000,7643000,23784000,3541000,4583000,940000,0,-2321000,0,0,11133000,3789000,None,None,23784000,19.0,23.25
15,2016-09-30,USD,6240000,17556000,7792000,6240000,-11316000,4175000,0,0,-10166000,13099000,17556000,None,-11316000,0,-3840000,None,None,None,0,6063000,0,43000,0,1285000,-10209000,4175000,None,USD,588904000,0,None,None,313334000,132059000,0,None,73340000,0,61173000,0,250805000,81010000,5333000,None,None,58719000,28693000,81010000,406352000,132059000,59269000,None,231781000,182655000,5333000,0,0,73340000,0,0,0,None,101542000,None,507894000,None,246828000,61173000,308001000,None,None,None,None,588904000,81010000,None,7000000,USD,-9567000,2555000,-18299000,-8028000,19256000,18005000,-61000,None,-8924000,3458000,3752000,None,-120000,0,-1190000,0,0,4623000,704000,None,None,3458000,18.22,19.0
16,2016-06-30,USD,3941000,16403000,8138000,3941000,-13060000,5130000,0,0,-7175000,12256000,16403000,-598000,-12462000,0,-3039000,None,None,None,0,-15499000,0,34000,0,83000,-7209000,5130000,None,USD,568046000,0,None,None,290126000,122114000,0,None,70325000,0,59941000,0,259971000,60343000,3907000,None,None,51789000,30457000,60343000,420305000,122114000,42060000,None,226278000,188782000,3907000,0,0,70325000,0,0,0,None,87398000,None,507703000,None,226278000,59941000,286219000,None,None,None,None,568046000,60343000,None,6516275,USD,-13732000,1693000,-12964000,1698000,-1024000,-7215000,-1415000,None,-7126000,-18658000,1521000,-8410000,344000,0,-4776000,0,0,4195000,930000,None,None,-18658000,18.15,18.22
17,2016-03-31,USD,3474000,15673000,8057000,3474000,-13424000,16605000,0,0,4137000,12457000,15673000,-1225000,-12199000,0,-3142000,None,None,None,0,8416000,0,72000,0,83000,4065000,16605000,None,USD,579035000,0,None,None,289938000,121503000,0,None,69979000,0,58279000,0,273416000,80550000,3516000,None,None,51524000,15298000,80550000,443425000,121503000,43609000,None,228143000,199998000,3516000,0,0,69979000,0,0,0,None,55060000,None,498485000,None,228143000,58279000,286422000,None,None,None,None,579035000,80550000,None,6516275,USD,10653000,833000,23577000,13609000,-9232000,-11000000,None,None,4148000,15098000,2521000,-22884000,329000,0,-1768000,0,0,3429000,685000,None,None,15098000,16.27,18.15
18,2015-12-31,USD,4548000,58628000,12007000,40455000,-33054000,7678000,0,0,-5151000,12731000,58628000,-14881000,-18173000,7987000,-2708000,None,None,None,0,44133000,0,-15000,-30527000,83000,-5136000,7678000,None,USD,599071000,0,None,50108000,302850000,116170000,0,None,47755000,0,55754000,0,282385000,61876000,5001000,20285000,20285000,68415000,18490000,61876000,478880000,116170000,40033000,11164000,242095000,224856000,5001000,0,0,47755000,0,0,0,None,58315000,None,537195000,None,242095000,55754000,297849000,None,None,None,None,599071000,61876000,None,6516275,USD,-434000,0,-31933000,3244000,-1558000,-2754000,167000,-4020000,-5053000,-35051000,-364000,-11879000,696000,0,-1196000,0,0,6530000,34743000,None,None,-35051000,14.45,16.27
19,2015-09-30,USD,8411000,20126000,9612000,8411000,-11715000,3417000,0,0,-10300000,13780000,20126000,None,-11715000,0,-2904000,None,None,None,0,0,0,146000,0,83000,-10446000,3417000,None,USD,624536000,0,None,None,331328000,104880000,0,None,38575000,0,50530000,0,290731000,87371000,5276000,None,None,66305000,2619000,87371000,489309000,104880000,30477000,None,275522000,230098000,5276000,0,0,38575000,0,0,0,None,47856000,None,537165000,None,275522000,50530000,326052000,None,None,None,None,624536000,87371000,None,6607051,USD,-2960000,None,-245000,28597000,58000,-2070000,326000,None,-10363000,-1229000,1086000,None,659000,0,-2454000,0,0,-13185000,25882000,None,None,-1229000,13.07,14.45
