,fiscalDateEnding,reportedCurrency_x,totalRevenue,totalOperatingExpense,costOfRevenue,grossProfit,ebit,netIncome_x,researchAndDevelopment,effectOfAccountingCharges,incomeBeforeTax,minorityInterest,sellingGeneralAdministrative,otherNonOperatingIncome,operatingIncome,otherOperatingExpense,interestExpense,taxProvision,interestIncome,netInterestIncome,extraordinaryItems,nonRecurring,otherItems,incomeTaxExpense,totalOtherIncomeExpense,discontinuedOperations,netIncomeFromContinuingOperations,netIncomeApplicableToCommonShares,preferredStockAndOtherAdjustments,reportedCurrency_y,totalAssets,intangibleAssets,earningAssets,otherCurrentAssets,totalLiabilities,totalShareholderEquity,deferredLongTermLiabilities,otherCurrentLiabilities,commonStock,retainedEarnings,otherLiabilities,goodwill,otherAssets,cash,totalCurrentLiabilities,shortTermDebt,currentLongTermDebt,otherShareholderEquity,propertyPlantEquipment,totalCurrentAssets,longTermInvestments,netTangibleAssets,shortTermInvestments,netReceivables,longTermDebt,inventory,accountsPayable,totalPermanentEquity,additionalPaidInCapital,commonStockTotalEquity,preferredStockTotalEquity,retainedEarningsTotalEquity,treasuryStock,accumulatedAmortization,otherNonCurrrentAssets,deferredLongTermAssetCharges,totalNonCurrentAssets,capitalLeaseObligations,totalLongTermDebt,otherNonCurrentLiabilities,totalNonCurrentLiabilities,negativeGoodwill,warrants,preferredStockRedeemable,capitalSurplus,liabilitiesAndShareholderEquity,cashAndShortTermInvestments,accumulatedDepreciation,commonStockSharesOutstanding,reportedCurrency,investments,changeInLiabilities,cashflowFromInvestment,otherCashflowFromInvestment,netBorrowings,cashflowFromFinancing,otherCashflowFromFinancing,changeInOperatingActivities,netIncome_y,changeInCash,operatingCashflow,otherOperatingCashflow,depreciation,dividendPayout,stockSaleAndPurchase,changeInInventory,changeInAccountReceivables,changeInNetIncome,capitalExpenditures,changeInReceivables,changeInExchangeRate,changeInCashAndCashEquivalents,clossingVal,nextClossingVal
0,2020-06-30,USD,15114000,20794000,5660000,9454000,-7026000,-10252000,1464000,None,-10252000,None,13670000,-1253000,-5680000,1867000,2365000,0,14000,-2351000,None,368000,None,None,-2221000,None,-10252000,-10252000,None,USD,102781000,None,None,2172000,282491000,-179710000,None,11772000,2289000,-3011477000,96351000,None,4011000,63222000,67939000,5387000,5387000,None,26187000,72583000,None,-179710000,0,3366000,116358000,3823000,5821000,None,None,2289000,None,-3011477000,None,None,4011000,None,30198000,1843000,5000000,86953000,214552000,None,None,None,2829478000,102781000,63222000,None,228927505,USD,-150000,3522000,-150000,None,4873000,28188000,-311000,-4730000,-10252000,24354000,-3684000,4498000,861000,None,23191000,-592000,1808000,5699000,150000,1808000,None,24354000,1.75,
1,2020-03-31,USD,16235000,23631000,7526000,8709000,-6172000,-9322000,1755000,None,-9322000,None,14350000,-1130000,-7396000,-1796000,2330000,0,133000,-2197000,None,1521000,None,None,271000,None,-9322000,-9322000,None,USD,80212000,None,None,2217000,278262000,-198050000,None,9450000,2131000,-3001225000,93944000,None,4347000,38868000,68248000,5101000,5101000,None,26517000,49348000,None,-198050000,0,5032000,113915000,3231000,6731000,None,None,2131000,None,-3001225000,None,None,4347000,None,30864000,2155000,5000000,88913000,210014000,None,None,None,2801044000,80212000,38868000,None,213137684,USD,19850000,-6293000,19850000,20000000,4873000,331000,-20000,2184000,-9322000,8962000,-11219000,-6392000,820000,None,656000,428000,-1661000,2625000,150000,-1661000,None,8962000,1.03,1.75
2,2019-12-31,USD,15993000,24763000,7021000,8972000,-11147000,-14263000,2021000,None,-14263000,None,15721000,-4079000,-8770000,2582000,2272000,0,203000,-2069000,None,None,None,None,-3424000,None,-14263000,-14263000,None,USD,93725000,None,None,3205000,284251000,-190526000,None,8692000,2118000,-2991903000,102248000,None,2180000,29906000,65618000,5028000,5028000,-19000,30788000,60757000,None,-190526000,19978000,3513000,113871000,4155000,4789000,None,None,2118000,None,-2991903000,None,None,6190000,None,32968000,2514000,5000000,91902000,218633000,None,None,None,2799278000,93725000,49884000,None,211787573,USD,-202000,-871000,-202000,-20278000,4873000,5042000,-2089000,3526000,-14263000,-267000,-5107000,8240000,844000,None,6685000,-463000,580000,5540000,109000,580000,None,-267000,1.29,1.03
3,2019-09-30,USD,14595000,27181000,8935000,5660000,-5082000,-10370000,1580000,None,-10370000,None,16666000,2535000,-12586000,-3807000,5288000,0,220000,-5068000,None,None,None,None,7284000,None,-10370000,-10370000,None,USD,95140000,None,None,3900000,279846000,-184706000,None,3965000,2064000,-2977640000,96559000,None,1982000,30173000,64287000,2520000,2520000,-20000,31415000,61743000,None,-184706000,19885000,4093000,116254000,3692000,11664000,None,None,2064000,None,-2977640000,None,None,6271000,None,33397000,2746000,7437000,93121000,215559000,None,None,None,2790890000,95140000,50058000,None,206407551,USD,3761000,-1798000,3761000,-20185000,66196000,65495000,-925000,-3793000,-10370000,17205000,-52051000,-40442000,-47000,None,218000,271000,881000,-37195000,963000,881000,None,17205000,1.25,1.29
4,2019-06-30,USD,15002000,24707000,6466000,8536000,-10119000,-12387000,1632000,None,-12387000,None,16609000,238000,-9705000,1247000,1673000,0,255000,-1418000,None,None,None,None,-1264000,None,-12387000,-12387000,None,USD,81795000,None,None,8020000,277794000,-195999000,None,14862000,1894000,-2967270000,106710000,None,241000,7968000,76978000,8974000,8974000,-19000,27146000,49834000,None,-195999000,24909000,4974000,91012000,3963000,7533000,None,None,1894000,None,-2967270000,None,None,4815000,None,31961000,3094000,19031000,89179000,200816000,None,None,None,2769396000,81795000,32877000,None,189447055,USD,-1369000,-1321000,-1369000,-24909000,-2500000,-676000,-44000,-4531000,-12387000,-21773000,-19728000,-8750000,595000,None,1827000,-243000,-1215000,3816000,1224000,-1215000,None,-21773000,1.15,1.25
5,2019-03-31,USD,17448000,25405000,5557000,11891000,-13210000,-14883000,1667000,None,-14883000,None,25673000,304000,-13514000,-1935000,1673000,0,-1355000,-1355000,None,None,None,None,1921000,None,-14883000,-14883000,None,USD,100961000,None,None,2919000,288965000,-188004000,None,41441000,1878000,-2954883000,116381000,None,722000,34530000,77868000,11385000,11385000,-19000,25750000,69692000,None,-188004000,24764000,3759000,19065000,3720000,25042000,None,None,1878000,None,-2954883000,None,None,5519000,None,31269000,3615000,19065000,192032000,211097000,None,None,None,2765020000,100961000,59294000,None,187778236,USD,-24764000,3935000,-25033000,-24764000,-2500000,3000,3000,-198000,-14883000,-36627000,-11597000,-319000,367000,None,None,-123000,258000,-832000,269000,258000,None,-36627000,1.97,1.15
6,2018-12-31,USD,16032000,17685000,6073000,9959000,-8038000,-9747000,1083000,0,-9747000,0,17973000,-312000,-7726000,-1371000,1709000,None,None,None,0,0,0,240000,-2650000,0,-9747000,-9747000,None,USD,107705000,None,None,3083000,282787000,-175082000,None,43542000,1870000,-2940000000,116358000,None,249000,71157000,75241000,11298000,None,-19000,25602000,81854000,None,-175082000,None,4017000,19099000,3597000,20401000,None,None,1870000,None,-2940000000,None,None,249000,None,25851000,None,19099000,188447000,207546000,None,None,None,2763067000,107705000,71157000,None,187029967,USD,-24764000,-10730000,-244000,110000,-3000000,35967000,191000,36205000,-9751000,60711000,24988000,47632000,368000,None,38776000,-1232000,-1265000,-34000,354000,-1265000,None,60711000,1.06,1.97
7,2018-09-30,USD,4469000,20709000,5303000,-834000,-22101000,-24168000,2043000,0,-24168000,0,19394000,-558000,-21543000,-728000,2067000,None,None,None,0,0,0,-240000,-1897000,0,-24168000,-24168000,None,USD,45356000,0,None,3542000,250797000,-205441000,0,26176000,1594000,-2930249000,99894000,0,199000,10446000,59627000,14202000,None,-18000,25632000,19525000,None,-205441000,527000,2752000,19133000,2785000,19249000,0,0,1594000,0,-2930249000,0,None,199000,None,25831000,None,19133000,172037000,191170000,None,None,None,2723232000,45356000,10446000,None,159497573,USD,-24764000,6254000,10000,10000,-2000000,-1823000,-8000,8987000,-24164000,-15732000,-13919000,437000,1030000,0,177000,-122000,96000,2550000,354000,96000,None,-15732000,1.83,1.06
8,2018-06-30,USD,3893000,19335000,5095000,-1202000,-19680000,-22675000,2967000,0,-22435000,0,21731000,857000,-20537000,-5363000,2755000,None,None,None,0,0,0,240000,3465000,0,-22675000,-22675000,None,USD,62155000,0,None,3097000,268774000,-206619000,0,13587000,1456000,-2906085000,102516000,0,320000,26178000,74901000,38002000,129359000,-18000,26036000,35799000,None,-206619000,527000,2848000,19161000,3676000,23312000,0,0,1456000,0,-2906085000,0,None,320000,None,26356000,None,19161000,174712000,193873000,None,None,None,2698028000,62155000,26178000,None,145619293,USD,-24764000,4516000,10000,3503000,-1610000,26622000,-103000,-5573000,-22675000,-528000,-27150000,-4731000,753000,0,28335000,38000,-1298000,-3753000,354000,-1298000,None,-528000,1.9,1.83
9,2018-03-31,USD,3465000,26246000,4008000,-543000,-27477000,-30385000,2644000,0,-30385000,0,20618000,-688000,-26789000,2984000,2908000,None,None,None,0,0,0,0,-6580000,0,-30385000,-30385000,None,USD,61877000,0,None,2881000,285085000,-223208000,0,16109000,1260000,-2883410000,107801000,0,368000,26706000,80669000,43654000,140269000,-15000,26481000,35028000,None,-223208000,527000,1550000,24368000,3891000,20906000,0,0,1260000,0,-2883410000,0,None,368000,None,26849000,None,24368000,180048000,204416000,None,None,None,2658957000,61877000,26706000,None,126013051,USD,None,604000,10000,1794000,-2000000,528000,-81000,3159000,-30385000,-21122000,-21650000,1669000,706000,0,609000,-1836000,1128000,6464000,354000,1128000,None,-21122000,2.28,1.9
10,2017-12-31,USD,4530000,28348000,5019000,-489000,-29503000,-32784000,3505000,0,-32733000,0,23279000,-666000,-28837000,1564000,3230000,None,None,None,0,-111000,0,51000,-20693000,0,-32784000,-32784000,None,USD,84575000,0,None,7824000,299307000,-214732000,0,15419000,1192000,-2854898000,107633000,0,437000,43946000,87597000,52745000,156822000,-18000,26922000,57216000,None,-214732000,4809000,2789000,24411000,2657000,19433000,0,0,1192000,0,-2854898000,0,None,437000,None,27359000,None,24411000,187299000,211710000,None,None,None,2638992000,84575000,43946000,None,119053414,USD,None,1698000,16675000,16651000,-3310000,58244000,7000,29940000,-32784000,28263000,-29981000,-2712000,821000,0,61547000,-2499000,28070000,6480000,354000,-985000,None,28263000,2.32,2.28
11,2017-09-30,USD,2043000,25647000,4575000,-2532000,-29403000,-32886000,4361000,0,-32886000,0,17725000,-1224000,-28179000,3469000,3483000,None,None,None,0,92000,0,0,5617000,0,-32886000,-32886000,None,USD,56483000,0,None,3604000,307498000,-251015000,0,15751000,1047000,-2822114000,108707000,0,480000,20092000,91468000,57942000,165265000,-20000,27374000,28629000,None,-251015000,0,1804000,27657000,3129000,17775000,0,0,1047000,0,-2822114000,0,None,480000,None,27854000,None,27657000,188373000,216030000,None,None,None,2570072000,56483000,20092000,None,104707116,USD,None,2481000,16675000,16651000,None,-22000,-22000,2663000,-32886000,-23292000,-23270000,1599000,920000,0,0,43000,29055000,5065000,0,-492000,None,-23292000,2.17,2.32
12,2017-06-30,USD,2163000,28648000,5086000,-2923000,-32196000,-35339000,3123000,0,-35339000,0,18566000,-625000,-31571000,6848000,3143000,None,None,None,0,111000,0,0,-10324000,0,-35339000,-35339000,None,USD,79374000,0,None,3063000,300617000,-221243000,605000,12768000,1046000,-2789228000,107433000,0,523000,43384000,85869000,57484000,164799000,-21000,27920000,50931000,None,-221243000,0,1312000,27649000,3172000,15617000,0,0,1046000,0,-2789228000,0,None,523000,None,28443000,None,27649000,186494000,214748000,None,None,None,2566960000,79374000,43384000,None,104615982,USD,10716000,4148000,24000,24000,15429000,15416000,-13000,-586000,-35339000,-4594000,-20034000,1610000,879000,0,0,526000,29547000,9016000,0,-874000,None,-4594000,1.41,2.17
13,2017-03-31,USD,3009000,20063000,2548000,461000,-12904000,-16324000,3129000,0,-16324000,0,15389000,6698000,-19602000,1545000,3420000,None,None,None,0,111000,0,0,3278000,0,-16324000,-16324000,None,USD,85185000,0,None,3980000,283910000,-198725000,752000,9078000,958000,-2753889000,113698000,0,609000,47978000,93049000,71795000,None,-24000,28482000,56094000,None,-198725000,0,438000,27642000,3698000,12176000,0,0,958000,0,-2753889000,0,None,609000,None,29091000,None,27642000,162467000,190861000,None,None,None,2554230000,85185000,47978000,None,95776297,USD,None,-2226000,16651000,16651000,19429000,-75000,-75000,135000,-16324000,25083000,8507000,-5717000,908000,0,0,-1367000,30421000,2812000,0,30421000,None,25083000,1.48,1.41
14,2016-12-31,USD,12404000,13700000,9086000,3318000,57714000,53976000,1560000,0,53255000,0,5629000,69546000,-11832000,4531000,5909000,None,None,None,0,1259000,0,0,62843000,0,53255000,53976000,None,USD,107063000,0,None,21403000,290656000,-183593000,7381000,9512000,4784000,-2737565000,121449000,0,648000,22895000,92051000,71339000,148495000,-24000,28927000,77488000,None,-183593000,350000,30859000,27635000,2331000,11200000,0,0,4784000,0,-2737565000,0,None,648000,None,29575000,None,27635000,163589000,198605000,None,None,None,2549212000,107063000,22895000,None,95680831,USD,None,-5652000,-1127000,0,-5000000,117000,-4000,-127934000,53974000,-12635000,-12752000,31488000,1061000,0,121000,2793000,-302000,-68694000,1144000,-27722000,None,-12635000,0.6367,1.48
15,2016-09-30,USD,162354000,40523000,4331000,158023000,131415000,126520000,3917000,0,126520000,0,13864000,13186000,118229000,22742000,4166000,None,None,None,0,0,0,0,0,0,126520000,126520000,None,USD,96131000,0,None,4813000,334818000,-238687000,0,10816000,4784000,-2791540000,80626000,0,702000,35530000,105832000,75759000,None,-21000,46825000,48604000,None,-238687000,0,3137000,27629000,5124000,19257000,0,0,4784000,0,-2791540000,0,None,702000,None,47527000,None,27629000,201357000,228986000,None,None,None,2548090000,96131000,35530000,None,478362548,USD,None,-136265000,-1127000,4166000,-5012000,-5132000,-158000,None,126521000,-28203000,-23071000,179000,1039000,0,38000,-2258000,3114000,-9150000,1144000,-3137000,None,-28203000,0.62,0.6367
16,2016-06-30,USD,0,16141000,3704000,-3704000,-25057000,-29959000,4310000,0,-29238000,0,11831000,-5933000,-19124000,0,4181000,None,None,None,0,0,0,0,0,0,-29238000,-29959000,None,USD,139434000,0,None,24165000,506011000,-366577000,0,183097000,4777000,-2918060000,69183000,0,1248000,63733000,289706000,93508000,None,-21000,47422000,90764000,None,-366577000,0,None,27623000,2866000,13101000,0,0,4777000,0,-2918060000,0,None,1248000,None,48670000,None,27623000,188682000,216305000,None,None,None,2546727000,139434000,63733000,None,477741850,USD,None,12923000,-1127000,4181000,-2678000,47589000,None,None,-29958000,36080000,-11509000,-1217000,1035000,0,50267000,-2866000,23000,8430000,1144000,144000,None,36080000,1.16,0.62
17,2016-03-31,USD,0,20013000,17059000,0,-19931000,-24873000,5130000,0,-24873000,0,15604000,82000,-20013000,0,4221000,None,None,None,0,0,0,0,0,0,-24873000,-24873000,None,USD,93272000,0,None,16346000,466736000,-373464000,0,165542000,4290000,-2888102000,71551000,0,1096000,27653000,249211000,75010000,None,-19000,48033000,44143000,None,-373464000,0,144000,27618000,0,8659000,0,0,4290000,0,-2888102000,0,None,1096000,None,49129000,None,27618000,189907000,217525000,None,None,None,2510367000,93272000,27653000,None,429138685,USD,None,-13413000,-1127000,17000,None,464000,-3000,None,-24873000,-31421000,-30758000,1125000,1023000,0,467000,0,0,5501000,1144000,-121000,None,-31421000,1.61,1.16
18,2015-12-31,USD,0,272863000,60866000,-64745000,-272957000,-277020000,6219000,0,-277020000,0,60795000,-94000,-272863000,66167000,3333000,None,None,None,0,140412000,0,0,-233066000,0,-277020000,-277020000,None,USD,126412000,0,None,17557000,476741000,-350329000,0,170209000,4287000,-2863229000,68917000,0,1009000,59074000,268319000,74582000,214087000,-20000,48749000,76654000,None,-350329000,0,23000,27613000,0,23528000,0,0,4287000,0,-2863229000,0,None,1009000,None,49758000,None,27613000,180809000,208422000,None,None,None,2508633000,126412000,59074000,None,428670943,USD,None,6279000,-312000,4000,-64287000,49009000,-25000,56088000,-277019000,26146000,-22551000,147910000,3182000,0,14324000,-12702000,50413000,108147000,316000,1656000,None,26146000,1.45,1.61
19,2015-09-30,USD,0,26003000,19637000,0,-26983000,-31857000,6341000,0,-31857000,0,20391000,-980000,-26003000,0,4145000,None,None,None,0,0,0,0,0,0,-31857000,-31857000,None,USD,278014000,0,None,13227000,402583000,-124569000,0,174619000,4182000,-2586214000,14495000,0,15370000,32928000,267307000,74163000,None,-19000,191408000,71236000,None,-124569000,0,1679000,27607000,23402000,18525000,0,0,4182000,0,-2586214000,0,None,1831000,13539000,206778000,None,27607000,107669000,135276000,None,None,None,2457482000,278014000,32928000,None,418263814,USD,None,6214000,-1154000,78000,-65118000,-53213000,-1014000,None,-31857000,-74259000,-19892000,-1665000,3470000,0,12919000,-3586000,48757000,4463000,18706000,3069000,None,-74259000,3.21,1.45
