,fiscalDateEnding,reportedCurrency_x,totalRevenue,totalOperatingExpense,costOfRevenue,grossProfit,ebit,netIncome_x,researchAndDevelopment,effectOfAccountingCharges,incomeBeforeTax,minorityInterest,sellingGeneralAdministrative,otherNonOperatingIncome,operatingIncome,otherOperatingExpense,interestExpense,taxProvision,interestIncome,netInterestIncome,extraordinaryItems,nonRecurring,otherItems,incomeTaxExpense,totalOtherIncomeExpense,discontinuedOperations,netIncomeFromContinuingOperations,netIncomeApplicableToCommonShares,preferredStockAndOtherAdjustments,reportedCurrency_y,totalAssets,intangibleAssets,earningAssets,otherCurrentAssets,totalLiabilities,totalShareholderEquity,deferredLongTermLiabilities,otherCurrentLiabilities,commonStock,retainedEarnings,otherLiabilities,goodwill,otherAssets,cash,totalCurrentLiabilities,shortTermDebt,currentLongTermDebt,otherShareholderEquity,propertyPlantEquipment,totalCurrentAssets,longTermInvestments,netTangibleAssets,shortTermInvestments,netReceivables,longTermDebt,inventory,accountsPayable,totalPermanentEquity,additionalPaidInCapital,commonStockTotalEquity,preferredStockTotalEquity,retainedEarningsTotalEquity,treasuryStock,accumulatedAmortization,otherNonCurrrentAssets,deferredLongTermAssetCharges,totalNonCurrentAssets,capitalLeaseObligations,totalLongTermDebt,otherNonCurrentLiabilities,totalNonCurrentLiabilities,negativeGoodwill,warrants,preferredStockRedeemable,capitalSurplus,liabilitiesAndShareholderEquity,cashAndShortTermInvestments,accumulatedDepreciation,commonStockSharesOutstanding,reportedCurrency,investments,changeInLiabilities,cashflowFromInvestment,otherCashflowFromInvestment,netBorrowings,cashflowFromFinancing,otherCashflowFromFinancing,changeInOperatingActivities,netIncome_y,changeInCash,operatingCashflow,otherOperatingCashflow,depreciation,dividendPayout,stockSaleAndPurchase,changeInInventory,changeInAccountReceivables,changeInNetIncome,capitalExpenditures,changeInReceivables,changeInExchangeRate,changeInCashAndCashEquivalents,clossingVal,nextClossingVal
0,2020-06-30,USD,1093896000,252205000,434427000,659469000,407264000,311369000,None,None,405468000,None,None,None,407264000,None,1796000,94099000,None,-1796000,None,None,None,94099000,None,None,311369000,311369000,None,USD,5193813000,1055544000,None,98402000,699347000,4221540000,None,44894000,3190000,5612684000,279274000,1331643000,105693000,921326000,674865000,None,None,-53438000,301946000,2371450000,2077000,2107279000,250753000,760433000,None,340536000,629971000,None,None,3190000,None,5612684000,-5815275000,None,46376000,None,84777000,None,None,24482000,24482000,None,None,None,4474379000,5193813000,1172079000,None,527361000,USD,-5194000,-11147000,-29282000,-6091000,-947000,-7640000,None,-190000,311369000,212404000,249326000,-12256000,15511000,None,-6693000,13144000,-84110000,16815000,17997000,-84110000,7086000,219490000,69.32,
1,2020-03-31,USD,1062097000,272208000,424901000,637196000,365860000,278835000,None,None,365860000,None,56814000,872000,364988000,None,None,87025000,872000,872000,None,None,None,87025000,None,None,278835000,278835000,None,USD,4881497000,1053107000,None,90498000,732158000,3870946000,None,44844000,3186000,5301315000,283726000,1331643000,106058000,701836000,701541000,None,None,-62682000,295570000,2048722000,13922000,1764589000,233513000,670570000,None,352305000,656697000,None,None,3186000,None,5301315000,-5799453000,None,53756000,None,84777000,30323000,None,30617000,30617000,None,None,None,4428580000,4881497000,935349000,None,526839000,USD,298837000,36434000,279976000,-7742000,-733000,-545968000,None,577000,278835000,-74860000,191132000,-14276000,16546000,None,-545235000,1037000,-147484000,20040000,11119000,-147484000,-21261000,-96121000,56.26,69.32
2,2019-12-31,USD,1017206000,293723000,406438000,610768000,321232000,254954000,None,None,321232000,None,67442000,4187000,317045000,None,None,66279000,4188000,4188000,None,None,None,66278000,3888000,None,254954000,254954000,None,USD,5150352000,1052105000,None,84228000,691602000,4171281000,None,44237000,3182000,5022480000,292323000,1331643000,105508000,797957000,661097000,None,None,-32387000,298640000,2316309000,12905000,2075002000,533063000,540330000,None,360731000,616860000,None,None,3182000,None,5022480000,-5219505000,None,53973000,None,84777000,None,None,30505000,30505000,None,None,None,4397511000,5150352000,1331020000,None,536698000,USD,61536000,-70412000,1461000,-2806000,-728000,-223189000,None,-25211000,254954000,70965000,292693000,427000,16971000,None,-222461000,-40275000,114084000,16944000,57269000,114084000,9375000,80340000,63.55,56.26
3,2019-09-30,USD,1133577000,277559000,460575000,673002000,398564000,298923000,None,None,398564000,None,49784000,3121000,395443000,None,-179000,99641000,3121000,3121000,None,None,None,99641000,-10979000,None,298923000,298923000,None,USD,5137366000,1047473000,None,90059000,737287000,4107978000,None,43805000,3181000,4767526000,296538000,1331643000,101495000,717617000,714216000,None,None,-43083000,251760000,2360760000,14370000,2020963000,587356000,647983000,None,317745000,670411000,None,None,3181000,None,4767526000,-4989926000,None,46212000,None,85148000,None,None,23071000,23071000,None,None,None,4370280000,5137366000,1304973000,None,540591000,USD,-243449000,37757000,-272143000,-5379000,-3766000,-253963000,None,458000,298923000,-159822000,366284000,-2910000,15399000,None,-250197000,-23442000,25841000,14716000,23315000,25841000,-10808000,-170630000,58.06,63.55
4,2019-06-30,USD,1104045000,282293000,442762000,661283000,381963000,292473000,None,None,381963000,None,55157000,2973000,378990000,None,-227000,89490000,2973000,2973000,None,None,None,89490000,2673000,None,292473000,292473000,None,USD,5084332000,1045810000,None,92807000,728371000,4057586000,None,43839000,3180000,4468603000,302480000,1331643000,105748000,888247000,705500000,None,None,-28756000,240165000,2326768000,7006000,1978508000,357988000,688197000,None,299529000,661661000,None,None,3180000,None,4468603000,-4735618000,None,47792000,None,85148000,None,None,22871000,22871000,None,None,None,4350177000,5084332000,1246235000,None,544825000,USD,-91460000,68132000,-102821000,1231000,-8682000,36668000,None,35975000,292473000,265236000,331389000,20048000,17574000,None,45350000,2499000,-86363000,17026000,12592000,-86363000,4667000,269903000,63.83,58.06
5,2019-03-31,USD,945991000,262071000,372459000,573532000,314203000,261485000,None,None,314203000,None,54962000,2742000,311461000,None,-358000,52718000,2742000,2742000,None,None,None,52718000,-7958000,None,261485000,261485000,None,USD,4655851000,1042839000,None,127818000,957031000,3698820000,303241000,43591000,3174000,4176130000,306976000,1331643000,105356000,618344000,630972000,3028000,3028000,-34125000,241232000,1907300000,1900000,1324338000,263697000,596661000,19083000,300780000,587381000,None,None,3174000,None,4176130000,-4734997000,None,47622000,85215000,2748551000,None,None,22818000,326059000,None,None,None,4288638000,4655851000,882041000,None,543547000,USD,57073000,15583000,46779000,-1809000,-393000,-188022000,None,-10873000,261485000,-17847000,123396000,-46716000,14870000,None,-187629000,-24004000,-113503000,15681000,8485000,-113503000,-1322000,-19169000,54.58,63.83
6,2018-12-31,USD,924229000,245691000,372028000,552201000,310894000,239105000,0,0,310894000,0,245691000,4384000,306510000,0,-358000,None,None,None,-1800000,0,0,71789000,4384000,0,239105000,239105000,None,USD,4526891000,1045878000,None,83740000,915990000,3610901000,312224000,44045000,3155000,3914645000,314845000,1331643000,102149000,637513000,601145000,None,None,-32864000,243051000,1804170000,None,1233380000,320650000,484562000,None,277705000,557100000,None,None,3155000,None,3914645000,-4512205000,None,16462000,85687000,2722721000,None,None,2621000,314845000,None,None,None,4238170000,4526891000,958163000,None,543676000,USD,138999000,-58885000,118808000,-8112000,-404000,-533961000,None,-16613000,239107000,-74632000,340521000,12037000,14510000,None,-533557000,-15808000,135468000,14092000,12079000,135468000,-1569000,-76201000,49.22,54.58
7,2018-09-30,USD,1016160000,268086000,408501000,607659000,342561000,267733000,0,0,342561000,0,253986000,2988000,339573000,0,-112000,None,None,None,0,0,0,74828000,-11112000,0,267733000,267733000,None,USD,4871359000,1042248000,None,98813000,978092000,3893267000,319007000,44232000,3154000,3675538000,321730000,1331643000,100333000,713714000,656362000,None,None,-29777000,242854000,2152671000,1610000,1519376000,457898000,620162000,0,262084000,612130000,0,0,3154000,0,3675538000,-3975278000,None,15080000,85253000,2718688000,None,None,2723000,321730000,None,None,None,4219630000,4871359000,1171612000,None,552952000,USD,-248532000,46196000,-272030000,-8255000,-510000,10355000,None,41776000,267732000,58385000,320060000,-8995000,14284000,0,10865000,12415000,-25337000,13765000,15243000,-25337000,-4358000,54027000,58.28,49.22
8,2018-06-30,USD,1015873000,262637000,395615000,620258000,358097000,270116000,0,0,358097000,0,257137000,476000,357621000,0,-324000,None,None,None,0,0,0,87981000,-5024000,0,270116000,270116000,None,USD,4542070000,1039401000,None,89765000,936910000,3605160000,320259000,43888000,3152000,3407806000,322698000,1331643000,101689000,659687000,614212000,None,None,-25196000,240658000,1828679000,None,1234116000,211093000,592568000,0,275566000,570324000,0,0,3152000,0,3407806000,-3975278000,None,16436000,85253000,2713391000,None,None,2439000,322698000,None,None,None,4194676000,4542070000,870780000,None,552457000,USD,378138000,87745000,350304000,-6264000,-429000,-546513000,None,40762000,270115000,156180000,352389000,56228000,14194000,0,-546084000,-11479000,-79123000,14709000,21570000,-79123000,-7853000,148327000,57.3,58.28
9,2018-03-31,USD,850921000,235342000,335664000,515257000,281720000,216050000,0,0,281720000,0,228342000,1805000,279915000,0,-324000,None,None,None,0,0,0,65670000,-5195000,0,216050000,216050000,None,USD,4740132000,1036661000,None,147896000,864525000,3875607000,328300000,44325000,3150000,3137691000,330503000,1331643000,98584000,511360000,534022000,None,None,-13721000,231199000,2038548000,3497000,1507303000,585222000,525463000,0,268607000,489697000,0,0,3150000,0,3137691000,-3422078000,None,12836000,85748000,2701584000,None,None,2203000,330503000,None,None,None,4170565000,4740132000,1096582000,None,562605000,USD,86795000,-46452000,75874000,2128000,-543000,-245992000,None,-35831000,216050000,-21207000,148911000,32764000,13991000,0,-245449000,-11274000,-69420000,13252000,13049000,-69420000,3945000,-17262000,57.21,57.3
10,2017-12-31,USD,809770000,236498000,292962000,503610000,267845000,201322000,0,0,267845000,0,236498000,733000,266527000,0,-80000,None,None,None,0,0,0,66523000,-32564000,0,201321000,201322000,None,USD,4791012000,1034085000,None,179601000,895800000,3895212000,334354000,43236000,3146000,2928226000,335449000,1331643000,2474359000,528622000,560351000,None,None,-16659000,230276000,2086377000,2366000,1529484000,672933000,449476000,0,255745000,517115000,0,0,3146000,0,2928226000,-3170129000,None,13932000,92333000,2704635000,None,None,1095000,335449000,None,None,None,4150628000,4791012000,1201555000,None,566298000,USD,-28461000,-50819000,-48136000,-3978000,-705000,-86860000,None,136654000,820678000,62678000,197674000,-708042000,13783000,0,-86155000,-42167000,141538000,78443000,15697000,85798000,385000,63063000,63.29,57.21
11,2017-09-30,USD,909476000,252337000,339767000,569709000,321368000,218744000,0,0,321368000,0,252337000,3996000,317372000,0,0,None,None,None,0,0,0,102624000,0,0,218744000,218744000,None,USD,4708906000,1033481000,None,89713000,940752000,3768154000,342249000,43566000,3126000,2726904000,343068000,1331643000,2549188000,465559000,597684000,None,None,-15533000,225421000,1934297000,7003000,1403030000,630348000,535336000,0,213341000,554118000,0,0,3126000,0,2726904000,-3058124000,None,18322000,158739000,2774609000,None,None,819000,343068000,None,None,None,4111781000,4708906000,1095907000,None,563959000,USD,-295839000,64637000,-328725000,-5625000,-544000,-241732000,None,51861000,218743000,-313622000,256835000,181136000,12329000,0,-241188000,-21841000,55740000,13204000,27261000,7370000,1526000,-312096000,55.25,63.29
12,2017-06-30,USD,907068000,233456000,323571000,583497000,347490000,222633000,0,0,347490000,0,233456000,-2551000,350041000,0,0,None,None,None,0,0,0,124857000,0,0,222633000,222633000,None,USD,4684131000,1032874000,None,50891000,908114000,3776017000,346943000,43946000,3124000,2508161000,346943000,1331643000,2592497000,777655000,561171000,None,None,-16833000,211555000,1880079000,48639000,1411500000,323851000,537082000,0,190600000,517225000,0,0,3124000,0,2508161000,-2809253000,None,20602000,158739000,2804052000,None,None,None,346943000,None,None,None,4090818000,4684131000,1101506000,None,568121000,USD,-127569000,30214000,-148378000,575000,-634000,4600000,None,132821000,222633000,196480000,340258000,260965000,11592000,0,5234000,-17066000,48370000,12673000,21384000,41880000,4838000,201318000,49.68,55.25
13,2017-03-31,USD,742146000,216612000,261272000,480874000,264920000,177980000,0,0,264920000,0,216612000,658000,264262000,0,0,None,None,None,0,0,0,86940000,0,0,177980000,177980000,None,USD,4349747000,1032886000,None,150346000,819521000,3530226000,349697000,42625000,3122000,2285528000,349697000,1331643000,2543300000,576337000,469824000,None,None,-21917000,189631000,1616816000,477000,1165697000,209366000,509477000,0,171290000,427199000,0,0,3122000,0,2285528000,-2809015000,None,19555000,158739000,2732931000,None,None,None,349697000,None,None,None,4072508000,4349747000,785703000,None,567769000,USD,13239000,-23865000,-6302000,-448000,-700000,12857000,None,14233000,177980000,199519000,192964000,192213000,11183000,0,13557000,-7793000,6490000,14736000,19093000,6490000,-764000,198755000,46.17,49.68
14,2016-12-31,USD,753765000,246386000,255652000,498113000,246725000,172946000,0,0,246725000,0,246385000,-5002000,251727000,0,-70000,None,None,None,0,0,0,73779000,-85453000,0,172946000,172946000,None,USD,4153471000,1032635000,None,224112000,823762000,3329709000,353173000,41672000,3116000,2107548000,353173000,1331643000,2547858000,377582000,470589000,None,None,-23249000,173343000,1432270000,2394000,965431000,220554000,448051000,0,161971000,428917000,0,0,3116000,0,2107548000,-2808951000,None,21630000,159556000,2721201000,None,None,None,353173000,None,None,None,4051245000,4153471000,598136000,None,566566000,USD,44028000,-6328000,10526000,-1210000,-628000,-244834000,None,-8750000,172947000,46345000,280653000,263946000,10971000,0,-244206000,2520000,-106363000,-5360000,32292000,14904000,-10289000,36056000,44.34,46.17
15,2016-09-30,USD,787954000,212600000,284979000,502975000,289338000,191643000,0,0,289338000,0,212602000,-1037000,290375000,0,0,None,None,None,0,0,0,97695000,0,0,191643000,191643000,None,USD,4236431000,1080813000,None,315657000,838031000,3398400000,365389000,34407000,1037000,1934601000,365389000,1283643000,2541782000,341526000,472642000,None,None,-14534000,144625000,1550024000,9519000,1033944000,257653000,467348000,0,167840000,438235000,0,0,1037000,0,1934601000,-2558908000,None,25691000,142116000,2686407000,None,None,None,365389000,None,None,None,4036204000,4236431000,599179000,None,190426000,USD,-222853000,94507000,-266719000,3223000,-632000,1629000,None,-124495000,191641000,-93243000,173147000,67146000,10545000,0,2261000,6742000,100233000,10455000,49714000,-16248000,1325000,-93243000,146.81,44.34
16,2016-06-30,USD,822525000,229291000,299369000,517814000,288301000,184220000,0,0,288302000,0,224197000,-222000,288654000,0,0,None,None,None,0,0,0,104082000,0,0,184219000,184220000,None,USD,4038056000,1082151000,None,173628000,845645000,3192411000,348289000,33053000,1036000,1728483000,348289000,1283643000,2642669000,434769000,497356000,None,None,-14477000,102562000,1292825000,None,826617000,44319000,465708000,0,174401000,464303000,0,0,1036000,0,1742960000,-2558721000,None,15556000,261319000,2745231000,None,None,None,348289000,None,None,None,4021613000,4038056000,479088000,None,190341000,USD,471344000,-44475000,-231647000,-693383000,-577000,-1995186000,None,2167000,184220000,-2093340000,137996000,186387000,10305000,0,-1996149000,19252000,103303000,11340000,9608000,-44813000,-2963000,-2093340000,160.71,146.81
17,2016-03-31,USD,680186000,168385000,257088000,423098000,255321000,163877000,0,0,255321000,0,167439000,608000,254713000,0,0,None,None,None,0,0,0,91444000,0,0,163877000,163877000,None,USD,5883484000,428578000,None,173887000,891638000,4991846000,350983000,36226000,1036000,1558740000,350983000,1279715000,1991355000,2528109000,540655000,None,None,-15443000,99257000,3792872000,7419000,3283553000,508243000,416704000,0,165929000,504429000,0,0,1036000,0,1558740000,-558483000,None,14346000,261297000,2090612000,None,None,None,350983000,None,None,None,4005996000,5883484000,3036352000,None,203041000,USD,244296000,17762000,234272000,-1819000,-522000,1540000,None,-23376000,163877000,345371000,109559000,140501000,9024000,0,2062000,-7639000,58550000,10117000,8205000,-60206000,7321000,352692000,133.38,160.71
18,2015-12-31,USD,645432000,174913000,242072000,403360000,229486000,138741000,0,0,229486000,0,171501000,1039000,228447000,0,-30000,None,None,None,0,0,0,90745000,-80131000,0,138741000,138741000,None,USD,5675189000,427986000,None,153499000,865779000,4809410000,351590000,32271000,1035000,1394863000,351590000,1279715000,1995233000,2175417000,514189000,800000,800000,-21878000,97354000,3582602000,15348000,3101709000,744610000,352955000,0,156121000,481918000,0,0,1035000,0,1394863000,-556467000,None,10874000,261310000,2092587000,None,None,None,351590000,None,None,None,3991857000,5675189000,2920027000,None,202900000,USD,819155000,57190000,808724000,-453000,-276000,-32836000,10823000,56311000,138742000,936054000,160166000,225339000,9103000,0,-43383000,2008000,-76731000,-188964000,9978000,55490000,-1354000,934700000,148.96,133.38
19,2015-09-30,USD,756619000,174038000,282635000,465476000,288076000,174574000,0,0,288076000,0,171275000,-3362000,294201000,0,0,None,None,None,0,0,0,113502000,0,0,174574000,174574000,None,USD,5603738000,428201000,None,241675000,949181000,4654557000,444575000,31413000,1034000,1235270000,355128000,1287777000,1758364000,1240717000,504606000,None,None,-20851000,94727000,3750647000,34355000,2938579000,1544710000,563854000,0,159691000,473193000,0,0,1034000,0,1256121000,-548142000,None,8031000,None,1853091000,None,None,None,444575000,None,None,None,3966395000,5603738000,2785427000,None,624000000,USD,-291703000,290920000,-302791000,-1288000,-277000,-341520000,3583000,None,174574000,-456956000,187355000,171904000,8508000,0,-344826000,19843000,132614000,-589583000,9800000,-37177000,1378000,-455578000,135.14,148.96
