,fiscalDateEnding,reportedCurrency_x,totalRevenue,totalOperatingExpense,costOfRevenue,grossProfit,ebit,netIncome_x,researchAndDevelopment,effectOfAccountingCharges,incomeBeforeTax,minorityInterest,sellingGeneralAdministrative,otherNonOperatingIncome,operatingIncome,otherOperatingExpense,interestExpense,taxProvision,interestIncome,netInterestIncome,extraordinaryItems,nonRecurring,otherItems,incomeTaxExpense,totalOtherIncomeExpense,discontinuedOperations,netIncomeFromContinuingOperations,netIncomeApplicableToCommonShares,preferredStockAndOtherAdjustments,reportedCurrency_y,totalAssets,intangibleAssets,earningAssets,otherCurrentAssets,totalLiabilities,totalShareholderEquity,deferredLongTermLiabilities,otherCurrentLiabilities,commonStock,retainedEarnings,otherLiabilities,goodwill,otherAssets,cash,totalCurrentLiabilities,shortTermDebt,currentLongTermDebt,otherShareholderEquity,propertyPlantEquipment,totalCurrentAssets,longTermInvestments,netTangibleAssets,shortTermInvestments,netReceivables,longTermDebt,inventory,accountsPayable,totalPermanentEquity,additionalPaidInCapital,commonStockTotalEquity,preferredStockTotalEquity,retainedEarningsTotalEquity,treasuryStock,accumulatedAmortization,otherNonCurrrentAssets,deferredLongTermAssetCharges,totalNonCurrentAssets,capitalLeaseObligations,totalLongTermDebt,otherNonCurrentLiabilities,totalNonCurrentLiabilities,negativeGoodwill,warrants,preferredStockRedeemable,capitalSurplus,liabilitiesAndShareholderEquity,cashAndShortTermInvestments,accumulatedDepreciation,commonStockSharesOutstanding,reportedCurrency,investments,changeInLiabilities,cashflowFromInvestment,otherCashflowFromInvestment,netBorrowings,cashflowFromFinancing,otherCashflowFromFinancing,changeInOperatingActivities,netIncome_y,changeInCash,operatingCashflow,otherOperatingCashflow,depreciation,dividendPayout,stockSaleAndPurchase,changeInInventory,changeInAccountReceivables,changeInNetIncome,capitalExpenditures,changeInReceivables,changeInExchangeRate,changeInCashAndCashEquivalents,clossingVal,nextClossingVal
0,2020-06-30,CAD,10559000.0,7293000.0,987000.0,9572000.0,4431000,-1550000.0,3329000,None,-1550000.0,None,4309000.0,None,3266000.0,None,3694000.0,None,None,-3694000,None,None,None,None,-1122000.0,None,-1550000.0,-1550000.0,None,CAD,103040000.0,20192000.0,None,None,109297000.0,-6257000.0,None,None,96810000.0,-113224000.0,None,None,None,7485000.0,8336000.0,None,None,None,5337000.0,59746000.0,17765000,-26449000.0,None,None,96348000.0,None,None,None,None,None,None,None,None,None,None,None,43294000,4613000,None,None,100961000,None,None,None,None,None,None,None,None,CAD,-882000,-3181000.0,-882000.0,None,-6386000.0,-6386000.0,None,5276000.0,-1550000.0,961000.0,8229000.0,None,2287000.0,None,None,None,None,5397000.0,882000.0,None,None,None,0.942,
1,2020-03-31,CAD,13910000.0,15560000.0,5515000.0,8395000.0,-3181000,-10065000.0,3799000,None,-10065000.0,None,6246000.0,None,-1650000.0,None,4659000.0,None,-7109000,-4659000,None,None,None,None,-3756000.0,None,-10065000.0,-10065000.0,None,CAD,111797000.0,21244000.0,None,None,119262000.0,-7465000.0,None,None,95530000.0,-111674000.0,None,None,None,6525000.0,11259000.0,None,None,None,6204000.0,65373000.0,18976000,-28709000.0,None,None,102954000.0,None,None,None,None,None,None,None,None,None,None,None,46424000,5049000,108003000,None,108003000,None,None,None,8679000,None,6525000,None,None,CAD,-1871000,-50000.0,-1871000.0,None,-31225000.0,-31210000.0,None,29349000.0,-10065000.0,-3892000.0,29189000.0,None,2225000.0,None,15000,None,None,7730000.0,1871000.0,None,None,None,1.13,0.942
2,2019-12-31,CAD,10491000.0,11283000.0,594000.0,9897000.0,-73000,-7288000.0,2658000,None,-7288000.0,None,8031000.0,None,-792000.0,None,5378000.0,None,-5159000,-5378000,None,None,None,None,-1118000.0,None,-7288000.0,-7288000.0,None,CAD,151098000.0,21257000.0,None,3248000,149346000.0,1752000.0,137000,None,94500000.0,-101609000.0,None,None,137000,10417000.0,11254000.0,None,None,None,6594000.0,102320000.0,20790000,-19505000.0,None,88655000,132884000.0,None,7128000,None,None,None,None,None,None,None,48778000,None,48778000,5208000,138092000,None,138092000,None,None,None,8861000,None,10417000,None,26000000,CAD,-2265000,-1943000.0,-2265000.0,None,-1095000.0,-976000.0,12360000,-633000.0,-7288000.0,-3228000.0,13000.0,None,1837000.0,None,770000,None,None,8409000.0,2265000.0,None,None,None,2.5664,1.13
3,2019-09-30,CAD,16585000.0,17681000.0,6496000.0,10089000.0,873000,-6033000.0,3599000,None,-6033000.0,None,7586000.0,None,-1096000.0,None,4894000.0,None,-4706000,-4894000,None,None,None,None,-43000.0,None,-6033000.0,-6033000.0,None,CAD,159857000.0,20667000.0,None,4779000,151780000.0,8077000.0,171000,None,93544000.0,-94321000.0,None,None,171000,13645000.0,13694000.0,78151000,78151000,None,6960000.0,110269000.0,21790000,-12590000.0,None,91845000,132728000.0,None,13694000,None,None,None,None,None,None,None,49588000,None,49588000,5358000,132728000,None,138086000,None,None,None,8854000,None,13645000,None,27000000,CAD,-2085000,-731000.0,-2085000.0,None,757000.0,817000.0,14000,-6224000.0,-6033000.0,-6413000.0,-5145000.0,None,2012000.0,None,651000,None,None,5707000.0,2085000.0,None,None,None,3.88,2.5664
4,2019-06-30,CAD,16378000.0,17932000.0,6006000.0,10372000.0,14260000,7501000.0,4382000,None,7501000.0,None,7544000.0,None,-1554000.0,None,4818000.0,None,-5194000,-4818000,None,None,None,None,13873000.0,None,7501000.0,7501000.0,None,CAD,166342000.0,20150000.0,None,4286000,152490000.0,13852000.0,205000,None,93483000.0,-88288000.0,None,None,205000,20058000.0,14393000.0,77021000,77021000,None,8481000.0,115702000.0,21804000,-6298000.0,None,91358000,131381000.0,None,14393000,None,None,None,None,None,None,None,50640000,None,50640000,6716000,131381000,None,138097000,None,None,None,8657000,None,20058000,None,24000000,CAD,-2563000,1281000.0,-2563000.0,None,-448000.0,11942000.0,12346000,-7286000.0,7501000.0,3783000.0,-5596000.0,None,1941000.0,None,605000,None,None,-9224000.0,2563000.0,None,None,None,3.4,3.88
5,2019-03-31,CAD,14891000.0,16563000.0,168000.0,14723000.0,1883000,-5005000.0,4350000,None,-5005000.0,None,8987000.0,None,-397000.0,None,4697000.0,None,-4608000,-4697000,None,None,None,None,-96000.0,None,-5005000.0,-5005000.0,None,CAD,138214000.0,19492000.0,None,4064000,151058000.0,-12844000.0,239000,None,76043000.0,-95789000.0,None,None,239000,3393000.0,11441000.0,78010000,78010000,None,8975000.0,109508000.0,None,-32336000.0,None,23000,131675000.0,None,11441000,None,None,None,None,None,None,None,28706000,None,28706000,6939000,None,None,139617000,None,None,None,None,None,None,None,23000000,CAD,-2172000,1070000.0,-2172000.0,None,1929000.0,2490000.0,12346000,-7825000.0,-5005000.0,-4164000.0,-4482000.0,None,2123000.0,None,561000,None,None,4965000.0,2172000.0,None,None,None,2.5,3.4
6,2018-12-31,CAD,2705589.73,4708270.15,1641961.42,1063628.31,0,-1959709.53,0,0,-1959709.53,0,3066308.73,0,-2002680.43,0,-1755104.97,None,None,None,0,0,0,0,42970.9,0,-1959709.53,-1959709.53,0,CAD,71095442.73,10031450.09,None,1882308.22,75769760.83,-4674318.1,146778.11,523132.22,40347849.27,-48809902.7,0,0,146778.11,10989002.48,6230273.54,0,0,0,1621548.58,59295665.96,0,-14705768.18,0,46424355.26,69539487.3,0,5188847.93,0,0,0,0,0,0,0,0,0,0,0,0,0,0,0,0,0,0,0,0,0,23000000,CAD,0,-186864.28,-1292675.03,0,3069856.79,3116375.74,4867144.21,-4494204.11,-1959709.53,-1816210.38,-3639911.1,0,320901.94,0,-6599.21,0,0,2169439.06,339036.45,0,0,0,2.33,2.5
7,2018-09-30,USD,5282547.61,9863409.3,2791913.83,2490633.78,0,-5498751.17,0,0,-5498751.17,0,7071495.47,0,-4580861.69,0,3474867.31,None,None,None,0,0,0,0,-917889.48,0,-5498751.17,-5498751.17,0,USD,130209000.0,17407000.0,None,2866000,135097000.0,-4888000.0,307000,None,74234000.0,-85813000.0,252000,None,307000,25046000.0,26244000.0,12344000,12344000,None,3871000.0,108624000.0,None,-22295000.0,None,80712000,108601000.0,None,11744000,None,None,None,None,None,None,None,None,None,None,None,None,None,None,None,None,None,None,None,None,None,23000000,USD,0,2135497.97,-2505463.63,0,3360911.65,3438182.95,9636278.49,-8608335.94,-5498751.17,-4346706.21,-5279425.54,0,1633624.73,0,0,0,0,4978926.01,1006088.04,0,0,0,3.11,2.33
8,2018-06-30,USD,7268000.0,12773000.0,3405000.0,3863000.0,0,-6056000.0,0,0,-6056000.0,0,9368000.0,None,-5505000.0,0,4096000.0,None,None,None,0,0,0,0,-551000.0,0,-6056000.0,-6056000.0,None,USD,130623000.0,16485000.0,None,2382000,128948000.0,1675000.0,342000,None,74026000.0,-78768000.0,281000,None,342000,30615000.0,27890000.0,15699000,15699000,None,5889000.0,107907000.0,None,-14810000.0,None,74910000,100777000.0,None,10185000,None,None,None,None,None,None,None,None,None,None,None,None,None,None,None,None,None,None,None,None,None,23000000,USD,None,1565000.0,-3072000.0,None,3924000.0,4012000.0,None,-8841000.0,-6056000.0,-5085000.0,-6025000.0,None,1872000.0,None,None,None,None,5333000.0,1200000.0,None,None,None,2.77,3.11
9,2018-03-31,USD,6622000.0,11785000.0,3295000.0,3327000.0,0,-3950000.0,0,0,-3950000.0,0,8490000.0,None,-5163000.0,0,4083000.0,None,None,None,0,0,0,0,1213000.0,0,-3950000.0,-3950000.0,None,USD,127701000.0,15581000.0,None,1895000,120985000.0,6716000.0,307000,None,73225000.0,-72712000.0,310000,None,307000,35700000.0,26018000.0,17531000,17531000,None,3039000.0,108774000.0,None,-8865000.0,None,71179000,94657000.0,None,6594000,None,None,None,None,None,None,None,None,None,None,None,None,None,None,None,None,None,None,None,None,None,23000000,USD,None,-567000.0,-1492000.0,None,3807000.0,3813000.0,None,-7098000.0,-3950000.0,-4860000.0,-7181000.0,None,227000.0,None,6000,None,None,3253000.0,60000.0,None,None,None,2.688,2.77
10,2017-12-31,USD,10626544.44,24030443.2,1029095.26,6099651.65,0,-12763265.05,0,0,-12763265.05,0,9473096.85,None,-10578295.74,0,3198884.02,None,None,None,0,0,0,0,-2184969.31,0,-12763265.05,-12763265.05,None,USD,107375846.95,11874850.54,None,1456357.11,96379434.04,10996412.91,326823.44,868074.93,56906337.19,-50719011.56,3017935.43,0,13658031.09,32331606.22,8970904.74,13553607.01,13553607.01,0,2555599.84,92618573.14,0,-878437.62,0,58830609.80,87408529.29,0,5952969.31,0,0,0,0,0,0,None,None,None,None,None,None,None,None,None,None,None,None,None,None,None,None,USD,0,1984057.39,-4321243.52,0,19266640.1,38832204.07,-167397.37,-20330809.09,-15726584.3,17485850.94,-17025109.61,None,1226783.58,0,0,0,0,13553607.01,322040.65,None,None,None,4.85,2.688
11,2017-09-30,USD,10055959.71,248318.01,934527.14,341504.52,0,1295054.76,0,0,1289059.08,0,8566632.02,None,145332.16,0,3213686.15,None,None,None,0,0,0,-5595.97,1143726.92,0,1295054.76,1295054.76,None,USD,85501638.82,11431769.13,None,1395450.48,90378127.75,-4876561.68,409557.92,273737.31,36839875.29,-45988018.23,2063314.41,0,13236869.45,15283395.95,7492672.48,83760604.36,83760604.36,0,2758813.65,70901255.9,0,-16308561.84,0,54222384.68,82590934.53,0,5723878.81,0,0,0,0,0,0,None,None,None,None,None,None,None,None,None,None,None,None,None,None,None,18000000,USD,0,1156767.13,-969713.81,0,3004664.64,14492765.21,-194570.31,-6762127.27,-2971847.47,-4702867.54,-6567365.9,None,767569.75,0,24117.84,0,0,2428416.34,321368.61,None,None,None,3.28,4.85
12,2017-06-30,USD,8862321.64,7498795.22,785962.21,1840184.34,0,-4116828.38,0,0,-4111043.58,0,8202853.84,None,-3470361.74,0,2678750.48,None,None,None,0,0,0,5399.15,-640681.84,0,-4116828.38,-4116828.38,None,USD,82960277.67,10664095.64,None,1264400.31,84988044.74,-2027575.01,474182.80,401034.32,35492479.75,-41503222.52,2326263.02,0,12402622.45,19283455.46,7802551.48,78319807.94,78319807.94,0,2832240.65,68989271.89,0,-12691941.38,0,48441533.36,76878519.09,0,5783262.63,0,0,0,0,0,0,None,None,None,None,None,None,None,None,None,None,None,None,None,None,None,18000000,USD,0,1376783.65,-1046621.67,0,12603676.05,11248746.63,-1218216.74,-4006304.67,-4116828.38,7026520.63,-3352782.11,None,652978.79,0,40465.10,0,0,3374710.37,254531.43,None,None,None,3.6475,3.28
13,2017-03-31,USD,8473672.35,0.0,739127.17,0.0,0,0.0,0,0,0.0,0,7832194.1,None,0.0,0,2384886.95,None,None,None,0,0,0,0,0.0,0,0.0,0.0,None,USD,72243671.6,9870802.97,None,0,71183054.16,1060617.44,0,0,34420491.25,0.0,1615713.96,0,11649515.51,11936453.09,0.0,0,0,0,2888905.58,0.0,0,0.0,0,0,64497859.24,0,5069480.96,0,0,0,0,0,0,None,None,None,None,None,None,None,None,None,None,None,None,None,None,None,18000000,USD,0,778186.73,0.0,0,0.0,0.0,0,0.0,0.0,0.0,0.0,None,0.0,0,0,0,0,0.0,138961.92,None,None,None,2.268,3.6475
14,2016-12-31,USD,8800416.73,28189462.72,619139.75,8259413.6,0,-12719154.64,0,0,-12718410.48,0,7824080.96,None,-11961601.43,0,2342610.51,None,None,None,0,0,0,744.16,-756809.05,0,-12719154.64,-12719154.64,None,USD,73691769.61,9114451.56,None,1026938.53,69448578.66,4243190.95,610209.85,463610.66,33974549.78,-32667063.55,1262092.57,0,10751599.94,13859205.24,5085578.21,64388301.83,64388301.83,0,2918589.08,61047774.97,0,-4872004.76,0,46161631.20,64023664.24,0,4162821.85,0,0,0,0,0,0,None,None,None,None,None,None,None,None,None,None,None,None,None,None,None,18000000,USD,0,765738.95,-5459145.71,0,4242446.79,5177109.69,762762.32,-13971573.15,-12719154.64,-9748474.48,-9478344.99,None,773180.53,0,183807.11,0,0,14261794.91,695788.06,None,None,None,nan,2.268
15,2016-09-30,USD,9606976.92,0.0,625333.23,0.0,0,0.0,0,0,0.0,0,8873486.18,None,0.0,0,2397745.45,None,None,None,0,0,0,0,0.0,0,0.0,0.0,None,USD,78850636.0,8491888.19,None,0,72278162.85,6572473.15,0,0,34774164.06,0.0,964277.55,0,10203366.59,16831441.85,0.0,0,0,0,3125142.81,0.0,0,0.0,0,0,66275420.82,0,5038464.47,0,0,0,0,0,0,None,None,None,None,None,None,None,None,None,None,None,None,None,None,None,None,USD,0,450148.53,0.0,0,0.0,5880112.73,914007.16,0.0,0.0,0.0,0.0,None,0.0,0,0,0,0,0.0,658846.83,None,None,None,nan,nan
16,2016-06-30,USD,9825145.07,0.0,714119.92,0.0,0,0.0,0,0,0.0,0,9921856.87,None,0.0,0,2369052.22,None,None,None,0,0,0,-773.69,0.0,0,0.0,0.0,None,USD,80819342.36,7545841.39,None,0,71579110.25,9240232.11,0,0,35323017.41,0.0,1020502.90,0,9089361.70,18670793.04,0.0,0,0,0,3326112.19,0.0,0,0.0,0,0,65364796.91,0,5193810.44,0,0,0,0,0,0,None,None,None,None,None,None,None,None,None,None,None,None,None,None,None,None,USD,0,533075.44,0.0,0,0.0,4157833.66,928433.27,0.0,0.0,0.0,0.0,None,0.0,0,0,0,0,0.0,605802.71,None,None,None,nan,nan
17,2016-03-31,USD,9789328.0,0.0,693526.06,0.0,0,0.0,0,0,0.0,0,10037674.92,None,0.0,0,2323542.98,None,None,None,0,0,0,768.88,0.0,0,0.0,0.0,None,USD,82746424.73,6339381.82,None,0,70331385.51,12415039.21,0,0,35103029.37,0.0,1121021.07,0,7964785.48,22006766.11,0.0,0,0,0,3324619.41,0.0,0,0.0,0,0,46921420.88,0,5675841.92,0,0,0,0,0,0,None,None,None,None,None,None,None,None,None,None,None,None,None,None,None,None,USD,0,1044133.48,0.0,0,0.0,2821774.57,922651.08,0.0,0.0,0.0,0.0,None,0.0,0,0,0,0,0.0,414424.11,None,None,None,nan,nan
18,2015-12-31,USD,9038364.28,29206827.54,595332.71,6227465.5,0,-15426246.66,0,0,-15423824.87,0,9950148.11,None,-14666540.71,0,2026587.67,None,None,None,0,0,0,-468.17,-757284.16,0,-15426246.66,-15426246.66,None,USD,77553644.97,4949786.87,None,826086.99,63085037.21,14468607.76,0,105569.68,32738963.95,-19367459.72,1119138.79,0,5775594.25,22920309.23,4359626.47,58406019.80,58406019.80,0,3062639.98,69541189.22,0,9518379.45,0,45794898.49,58312260.67,0,3653637.74,0,0,0,0,0,0,None,None,None,None,None,None,None,None,None,None,None,None,None,None,None,None,USD,0,1033884.83,-6306939.53,0,20234820.46,53335741.64,-3909010.91,-40242152.3,-15426246.66,5870372.08,-41159025.36,None,323794.52,0,36124557.47,0,0,12089425.62,2954266.31,None,None,None,nan,nan
19,2015-09-30,USD,8675929.4,0.0,564776.57,0.0,0,0.0,0,0,0.0,0,10775065.72,None,0.0,0,1797221.18,None,None,None,0,0,0,3004.13,0.0,0,0.0,0.0,None,USD,75568907.25,4153961.7,None,0,56803604.96,18765302.29,0,0,34032294.4,0.0,177243.71,0,5524596.32,29959444.24,0.0,0,0,0,2591813.74,0.0,0,0.0,0,0,51245212.17,0,5381149.08,0,0,0,0,0,0,None,None,None,None,None,None,None,None,None,None,None,None,None,None,None,None,USD,0,2653398.42,0.0,0,0.0,46352234.32,0,0.0,0.0,0.0,0.0,None,0.0,0,0,0,0,0.0,2298159.97,None,None,None,nan,nan
