,fiscalDateEnding,reportedCurrency_x,totalRevenue,totalOperatingExpense,costOfRevenue,grossProfit,ebit,netIncome_x,researchAndDevelopment,effectOfAccountingCharges,incomeBeforeTax,minorityInterest,sellingGeneralAdministrative,otherNonOperatingIncome,operatingIncome,otherOperatingExpense,interestExpense,taxProvision,interestIncome,netInterestIncome,extraordinaryItems,nonRecurring,otherItems,incomeTaxExpense,totalOtherIncomeExpense,discontinuedOperations,netIncomeFromContinuingOperations,netIncomeApplicableToCommonShares,preferredStockAndOtherAdjustments,reportedCurrency_y,totalAssets,intangibleAssets,earningAssets,otherCurrentAssets,totalLiabilities,totalShareholderEquity,deferredLongTermLiabilities,otherCurrentLiabilities,commonStock,retainedEarnings,otherLiabilities,goodwill,otherAssets,cash,totalCurrentLiabilities,shortTermDebt,currentLongTermDebt,otherShareholderEquity,propertyPlantEquipment,totalCurrentAssets,longTermInvestments,netTangibleAssets,shortTermInvestments,netReceivables,longTermDebt,inventory,accountsPayable,totalPermanentEquity,additionalPaidInCapital,commonStockTotalEquity,preferredStockTotalEquity,retainedEarningsTotalEquity,treasuryStock,accumulatedAmortization,otherNonCurrrentAssets,deferredLongTermAssetCharges,totalNonCurrentAssets,capitalLeaseObligations,totalLongTermDebt,otherNonCurrentLiabilities,totalNonCurrentLiabilities,negativeGoodwill,warrants,preferredStockRedeemable,capitalSurplus,liabilitiesAndShareholderEquity,cashAndShortTermInvestments,accumulatedDepreciation,commonStockSharesOutstanding,reportedCurrency,investments,changeInLiabilities,cashflowFromInvestment,otherCashflowFromInvestment,netBorrowings,cashflowFromFinancing,otherCashflowFromFinancing,changeInOperatingActivities,netIncome_y,changeInCash,operatingCashflow,otherOperatingCashflow,depreciation,dividendPayout,stockSaleAndPurchase,changeInInventory,changeInAccountReceivables,changeInNetIncome,capitalExpenditures,changeInReceivables,changeInExchangeRate,changeInCashAndCashEquivalents,clossingVal,nextClossingVal
0,2020-06-30,USD,327900000,-135500000,-131100000,459000000,65300000,48700000,None,None,63900000,None,-101800000,4000000,61300000,-33700000,1900000,15200000,200000,-1900000,None,None,None,15200000,4500000,None,48700000,48700000,None,USD,2350900000,310500000,None,31300000,1264000000,1086900000,14000000,4500000,1086900000,1264300000,154800000,1025300000,38400000,353700000,490200000,None,11000000,-89900000,300400000,613500000,62800000,-248900000,29500000,181400000,476700000,None,None,None,None,None,None,None,None,None,13900000,None,1737400000,179400000,None,15400000,773800000,None,None,None,None,None,None,None,None,USD,-9900000,37700000,-37700000,20200000,-42800000,-63700000,-8400000,18300000,48200000,26200000,127600000,-2600000,33700000,-12800000,300000,None,4400000,6200000,17000000,4400000,None,26200000,140.97,
1,2020-03-31,USD,324000000,142500000,137000000,187000000,35600000,24700000,None,None,33200000,None,108300000,-8900000,44500000,34200000,3200000,8500000,500000,-3200000,None,None,None,8500000,-8100000,None,24700000,24700000,None,USD,2292000000,306200000,None,364000000,1259300000,1032700000,90100000,39600000,1032700000,1229000000,147500000,1013200000,36600000,322500000,456400000,11000000,11000000,-104800000,149500000,580700000,58800000,-286700000,26300000,190400000,519400000,None,405800000,None,None,None,None,1229000000,-748700000,None,173800000,None,9800000,171900000,519400000,193400000,802900000,None,None,None,657200000,2292000000,26300000,None,42793123,USD,200000,-24600000,-19500000,-4600000,17200000,-26900000,-11300000,-28900000,23900000,2300000,48700000,-2000000,34200000,-12900000,-19900000,None,-2300000,19500000,15100000,-2300000,None,2300000,116.25,140.97
2,2019-12-31,USD,332400000,150600000,142100000,190300000,41500000,117800000,None,None,35700000,None,116900000,1800000,39700000,33700000,3900000,9100000,700000,-3900000,None,None,None,-82100000,-100000,None,117800000,117800000,None,USD,2370900000,333400000,None,40900000,1287300000,1083600000,95000000,288400000,1083600000,1217900000,150700000,1039100000,36100000,334100000,495800000,11000000,11000000,-60600000,154700000,603200000,59600000,-288900000,33400000,194800000,502100000,None,196400000,None,None,None,None,1217900000,-728700000,None,170200000,None,10700000,174500000,502100000,194400000,791500000,None,None,None,655000000,2370900000,367500000,None,42848359,USD,400000,35100000,-30000000,-7500000,-32800000,-49600000,-5000000,22300000,27600000,2900000,82500000,-2900000,33700000,-11900000,100000,None,-19300000,8300000,22900000,-19300000,9400000,12300000,151.31,116.25
3,2019-09-30,USD,313800000,135800000,128400000,185400000,67200000,50200000,None,None,63500000,None,101200000,17600000,49600000,34600000,4800000,13300000,500000,-4800000,None,None,None,13300000,18700000,None,50200000,50200000,None,USD,2282500000,335700000,None,39500000,1240600000,1041900000,85100000,73000000,None,1215300000,141800000,1015800000,20700000,321800000,431700000,11000000,11000000,-90900000,151500000,560700000,59900000,-309600000,31000000,168400000,534800000,None,347700000,None,None,None,None,1215300000,-729400000,None,158900000,None,1721800000,165600000,534800000,189000000,808900000,None,None,None,646900000,2282500000,352800000,None,42809867,USD,15900000,-900000,-678300000,-674100000,532200000,517500000,-2800000,26200000,49100000,-55100000,105700000,2600000,34600000,-12000000,100000,None,28100000,-7800000,20100000,28100000,-6900000,-62000000,146.14,151.31
4,2019-06-30,USD,273900000,115600000,107500000,166400000,53100000,41400000,None,None,53100000,None,89700000,2300000,50800000,25900000,-700000,11700000,800000,700000,None,None,None,11700000,1600000,None,41400000,41400000,None,USD,1572300000,64700000,None,35700000,568900000,1003400000,21100000,76500000,1003400000,1166200000,63100000,556500000,17600000,383800000,381400000,29600000,29600000,-72500000,140400000,619900000,61400000,382200000,30100000,170300000,15000000,None,304900000,None,None,None,None,1166200000,-730400000,None,129400000,None,952400000,139000000,15000000,151400000,187500000,None,None,None,640100000,1572300000,413900000,None,42763022,USD,500000,8300000,-18500000,-700000,-15000000,-33500000,-6500000,15400000,42100000,35200000,87200000,-1500000,25900000,-12000000,0,None,4500000,7900000,18300000,4500000,-500000,34700000,144.64,146.14
5,2019-03-31,USD,258900000,104300000,105100000,153800000,45400000,34700000,None,None,46200000,None,80800000,-4100000,49500000,23500000,700000,11500000,-100000,-700000,None,None,None,11500000,-2600000,None,34700000,34700000,None,USD,1551600000,68800000,None,34100000,583400000,968200000,22100000,84100000,968200000,1136100000,63900000,557300000,5800000,349100000,372800000,29100000,29100000,-70200000,142700000,586500000,61900000,342100000,29500000,173800000,30000000,None,288700000,None,None,None,None,1136100000,-731400000,None,134400000,None,965100000,145800000,30000000,158500000,210600000,None,None,None,633700000,1551600000,378600000,None,42655713,USD,-1100000,-5700000,-19500000,300000,-40000000,-60700000,-3900000,-53400000,33200000,-21200000,59000000,-4800000,23500000,-11900000,-4900000,None,-2000000,14800000,18700000,-2000000,1000000,-20200000,125.99,144.64
6,2018-12-31,USD,262700000,104500000,108900000,153800000,50600000,138500000,0,0,48400000,0,79000000,1300000,49300000,25500000,600000,None,None,None,2400000,0,0,-90100000,-1400000,0,138500000,138500000,None,USD,1453800000,73900000,None,31700000,519100000,934700000,46700000,198900000,934700000,1114800000,86300000,556700000,15000000,369300000,362800000,None,None,-75000000,143500000,601600000,63100000,304100000,26600000,174000000,70000000,None,163900000,None,None,None,None,1114800000,-726800000,None,15000000,None,852200000,None,70000000,39600000,156300000,None,None,None,621700000,1453800000,395900000,None,46624118,USD,10000000,31400000,-10900000,400000,-20000000,-43600000,-2800000,27500000,42400000,50800000,105300000,5100000,25500000,-10700000,-10100000,None,-500000,1400000,20900000,-500000,-4500000,46300000,109.84,125.99
7,2018-09-30,USD,261300000,95900000,100000000,161300000,73200000,56600000,0,0,72700000,0,71200000,7800000,65400000,24700000,200000,None,None,None,0,0,0,16100000,7600000,0,56600000,56600000,None,USD,1439500000,79300000,None,37000000,511900000,927600000,55500000,193200000,0,1095000000,100600000,559200000,14200000,323000000,321300000,None,None,-66700000,144500000,583900000,58400000,289100000,43700000,180200000,90000000,0,128100000,927600000,616300000,0,0,1095000000,-717000000,None,14200000,None,855600000,None,90000000,45100000,190600000,None,None,None,616300000,1439500000,366700000,None,42670728,USD,7000000,800000,-13000000,-400000,-35000000,-48200000,-2700000,20600000,56900000,18600000,79800000,6900000,24700000,-10600000,100000,0,-11000000,1500000,19600000,-11000000,-2700000,15900000,125.9,109.84
8,2018-06-30,USD,252400000,99000000,99800000,152600000,55300000,42200000,0,0,55000000,0,75400000,1700000,53600000,23600000,700000,None,None,None,0,0,0,12800000,1000000,0,42200000,42200000,None,USD,1427200000,84200000,None,42900000,555800000,1742800000,53800000,213700000,0,1038100000,100000000,560700000,13000000,307100000,330800000,125000000,125000000,810500000,146100000,566100000,57100000,226500000,44800000,171300000,125000000,0,117100000,871400000,611700000,0,0,1038100000,-717500000,None,13000000,None,861100000,None,125000000,46200000,225000000,None,None,None,611700000,1427200000,351900000,None,42636066,USD,-800000,3900000,-18700000,100000,-25000000,-42900000,-5300000,19700000,41800000,8200000,69800000,100000,23600000,-10700000,-1900000,0,-8300000,8700000,18000000,-8300000,-12100000,-3900000,128.25,125.9
9,2018-03-31,USD,243500000,93600000,102400000,141100000,55600000,43400000,0,0,56800000,0,70700000,8100000,47500000,22900000,300000,None,None,None,0,0,0,13400000,7800000,0,43400000,43400000,None,USD,1436500000,90200000,None,36100000,578200000,858300000,54600000,225400000,0,1007000000,72100000,567400000,739400000,311000000,327300000,150000000,150000000,-39500000,147400000,549700000,61200000,200700000,44400000,158200000,150000000,0,101900000,858300000,607900000,0,0,1007000000,-717100000,None,20600000,None,886800000,None,150000000,46300000,250900000,None,None,None,607900000,1436500000,355400000,None,42534228,USD,-200000,-24500000,-7300000,10500000,-30000000,-54100000,-4600000,-41900000,41900000,-1500000,59900000,24400000,22900000,-10600000,-8900000,0,-9800000,5000000,17600000,-9800000,4300000,2800000,95.52,128.25
10,2017-12-31,USD,243100000,97100000,103400000,139700000,43900000,37900000,0,0,41900000,-300000,70700000,1300000,42600000,26400000,1000000,None,None,None,0,0,0,-83100000,7900000,0,125000000,37900000,None,USD,1405700000,95400000,None,28300000,600800000,804900000,50500000,182000000,804900000,958700000,74000000,564900000,728500000,308200000,323200000,180000000,180000000,-46600000,147400000,529800000,62000000,144600000,45100000,148200000,180000000,0,141200000,804900000,601000000,0,0,958700000,-708200000,None,6200000,None,875900000,None,180000000,47100000,277600000,None,None,None,601000000,1405700000,353300000,None,42547707,USD,8900000,28600000,-11300000,24300000,-25000000,-38000000,-2300000,11600000,38900000,36100000,85400000,-1100000,26400000,-9700000,-1000000,0,-1200000,-6500000,20200000,-900000,1800000,37900000,96.97,95.52
11,2017-09-30,USD,229900000,86200000,90900000,139000000,51700000,33900000,0,0,50800000,900000,64400000,-1100000,52800000,21800000,900000,None,None,None,0,0,0,16900000,-17300000,0,33900000,33900000,None,USD,1383700000,100900000,None,25700000,604500000,779200000,63800000,189600000,0,940200000,65000000,565400000,734600000,270300000,294600000,205000000,205000000,-48900000,151200000,497900000,61500000,112900000,53700000,148200000,205000000,0,105000000,779200000,595400000,0,0,940200000,-707500000,None,6800000,None,885800000,None,205000000,41100000,309900000,None,None,None,595400000,1383700000,324000000,None,42529709,USD,-22100000,100000,-35000000,200000,-25000000,-47700000,-6900000,10200000,33900000,-20200000,62500000,2100000,21800000,-9900000,-12700000,0,300000,8200000,13100000,-3600000,4900000,-15300000,84.99,96.97
12,2017-06-30,USD,229200000,87900000,95300000,133900000,61900000,46300000,0,0,61300000,-900000,66400000,15900000,46000000,21500000,800000,None,None,None,0,0,0,15000000,16600000,0,46300000,46300000,None,USD,1376000000,105800000,None,24200000,636900000,739100000,62000000,191900000,0,906300000,66500000,561500000,714700000,285600000,301800000,230000000,230000000,-59500000,153900000,507400000,37100000,71800000,54000000,143600000,230000000,0,109900000,739100000,589900000,0,0,906300000,-697600000,None,10300000,None,868600000,None,230000000,43100000,335100000,None,None,None,589900000,1376000000,339600000,None,42656167,USD,-600000,-4400000,3000000,22600000,-5000000,-45800000,3300000,16000000,46100000,12900000,55700000,900000,21500000,-9800000,-27500000,0,3300000,-7700000,19000000,-700000,6900000,19800000,78.34,84.99
13,2017-03-31,USD,209500000,84100000,97000000,112500000,27200000,18800000,0,0,27100000,300000,62600000,-1200000,28400000,21500000,900000,None,None,None,0,0,0,8300000,-1300000,0,18800000,18800000,None,USD,1355600000,114700000,None,26300000,636900000,718400000,60500000,206700000,0,870000000,65700000,558300000,719700000,265800000,299900000,235000000,235000000,-72800000,149800000,486100000,39200000,45400000,51700000,142300000,235000000,0,93200000,718700000,589300000,0,0,870000000,-668100000,None,7500000,None,869500000,None,235000000,41500000,337000000,None,None,None,589300000,1355600000,317500000,None,42930624,USD,-3700000,5400000,-17500000,500000,-15000000,-26000000,-200000,-500000,18000000,3000000,46500000,-7100000,21500000,-9900000,-900000,0,4000000,4700000,14300000,4000000,3700000,6700000,78.6,78.34
14,2016-12-31,USD,212200000,74300000,88000000,124200000,87500000,70300000,0,0,88400000,600000,55600000,37600000,49900000,18700000,600000,None,None,None,0,0,0,17200000,41800000,0,71200000,70300000,None,USD,1350900000,120900000,None,22200000,654100000,696500000,63000000,178600000,0,861900000,71000000,556800000,726800000,259100000,294900000,250000000,250000000,-81500000,152100000,472000000,40300000,18800000,44900000,145800000,250000000,0,116300000,696800000,584000000,0,0,861900000,-667900000,None,8800000,None,878900000,None,250000000,46200000,359200000,None,None,None,584000000,1350900000,304000000,None,42932994,USD,-700000,18100000,-191700000,-175700000,190000000,170000000,-600000,-5800000,70300000,48800000,70500000,-34800000,18700000,-9400000,-10000000,0,-100000,11400000,15300000,-13200000,-9100000,39700000,73.56,78.6
15,2016-09-30,USD,196100000,67000000,84900000,111200000,46700000,30200000,0,0,46300000,-600000,48900000,2500000,44200000,18100000,400000,None,None,None,0,0,0,16500000,-900000,0,29800000,30200000,None,USD,1059500000,65300000,None,23700000,397500000,661700000,39900000,161500000,0,801500000,66000000,370700000,496400000,219400000,314200000,60000000,60000000,-63300000,150000000,413100000,51000000,225700000,45700000,124300000,0,0,92700000,662000000,580800000,0,0,801500000,-657300000,None,9400000,None,646400000,None,None,43400000,83300000,None,None,None,580800000,1059500000,265100000,None,43058990,USD,-400000,500000,-18600000,-100000,-15000000,-24500000,-600000,7800000,30200000,17300000,60400000,1300000,18100000,-9500000,0,0,13100000,-1800000,18100000,12100000,-300000,17000000,79.27,73.56
16,2016-06-30,USD,198200000,67700000,86100000,112100000,47100000,31800000,0,0,47400000,300000,50400000,2700000,44400000,17300000,-100000,None,None,None,0,0,0,15400000,2500000,0,32000000,31800000,None,USD,1052000000,70000000,None,25500000,412600000,639100000,43800000,163100000,0,780800000,64100000,371500000,501700000,202400000,328600000,75000000,75000000,-62400000,141300000,409000000,50600000,197600000,43800000,137300000,0,0,90500000,639400000,578000000,0,0,780800000,-657300000,None,9600000,None,643000000,None,None,40200000,84000000,None,None,None,578000000,1052000000,246200000,None,43059012,USD,-6700000,9400000,-35800000,-13200000,-15000000,-13900000,-4400000,1800000,31800000,21700000,71400000,600000,17300000,-9500000,0,0,1000000,3500000,15900000,8800000,-4500000,17200000,81.78,79.27
17,2016-03-31,USD,192100000,64500000,85300000,106800000,43100000,28700000,0,0,42800000,0,47900000,800000,42300000,16600000,-200000,None,None,None,0,0,0,14600000,500000,0,28200000,28700000,None,USD,1032700000,70300000,None,25600000,402200000,630200000,42300000,168600000,0,758400000,60700000,367900000,498300000,185200000,323800000,75000000,None,-49500000,134000000,400400000,49300000,192000000,41500000,148100000,0,0,80200000,0,0,0,0,758400000,-658600000,None,10800000,None,632300000,None,None,36100000,78400000,None,None,None,579900000,1032700000,226700000,None,42911386,USD,-12100000,-20900000,-28100000,-2500000,40000000,-7900000,None,None,28700000,-24600000,11400000,-6000000,16600000,-9500000,-38400000,0,7800000,800000,13500000,-7800000,2700000,-21900000,88.27,81.78
18,2015-12-31,USD,201600000,66600000,84800000,116800000,51100000,37200000,0,0,51700000,100000,50000000,900000,50200000,16600000,-800000,None,None,None,0,0,0,14600000,3500000,0,37100000,37200000,None,USD,1029000000,74200000,None,22000000,388400000,640300000,45200000,149300000,0,739200000,64200000,364200000,484600000,207100000,304400000,35000000,35000000,-54600000,134500000,409900000,35600000,201900000,41500000,139300000,0,0,120100000,0,0,0,0,739200000,-619800000,None,10600000,None,619100000,None,None,38800000,84000000,None,None,None,575500000,1029000000,248600000,None,43403076,USD,-7400000,4900000,-26200000,-1400000,35000000,-40500000,-400000,7900000,37300000,-14300000,52400000,1500000,16600000,-8400000,-66700000,0,-6900000,8000000,17400000,-15900000,-2300000,-16600000,80.41,88.27
19,2015-09-30,USD,195300000,65700000,83400000,111900000,47900000,33500000,0,0,47600000,-100000,49300000,1700000,46200000,16400000,-200000,None,None,None,0,0,0,14600000,700000,0,33000000,33500000,None,USD,1023600000,77100000,None,22500000,343500000,679800000,51000000,158600000,0,711400000,45700000,359900000,479200000,223700000,273000000,None,None,-50300000,124300000,420100000,35400000,242800000,39300000,134600000,0,0,114400000,0,0,0,0,711400000,-553000000,None,6800000,None,603500000,None,None,19500000,70500000,None,None,None,571700000,1023600000,263000000,None,44225177,USD,-10000000,9300000,-27100000,-4800000,-35000000,-45300000,100000,None,33500000,3200000,75600000,-1200000,16400000,-8400000,-1900000,0,9000000,-200000,12300000,17800000,-5100000,-1900000,80.26,80.41
