,fiscalDateEnding,reportedCurrency_x,totalRevenue,totalOperatingExpense,costOfRevenue,grossProfit,ebit,netIncome_x,researchAndDevelopment,effectOfAccountingCharges,incomeBeforeTax,minorityInterest,sellingGeneralAdministrative,otherNonOperatingIncome,operatingIncome,otherOperatingExpense,interestExpense,taxProvision,interestIncome,netInterestIncome,extraordinaryItems,nonRecurring,otherItems,incomeTaxExpense,totalOtherIncomeExpense,discontinuedOperations,netIncomeFromContinuingOperations,netIncomeApplicableToCommonShares,preferredStockAndOtherAdjustments,reportedCurrency_y,totalAssets,intangibleAssets,earningAssets,otherCurrentAssets,totalLiabilities,totalShareholderEquity,deferredLongTermLiabilities,otherCurrentLiabilities,commonStock,retainedEarnings,otherLiabilities,goodwill,otherAssets,cash,totalCurrentLiabilities,shortTermDebt,currentLongTermDebt,otherShareholderEquity,propertyPlantEquipment,totalCurrentAssets,longTermInvestments,netTangibleAssets,shortTermInvestments,netReceivables,longTermDebt,inventory,accountsPayable,totalPermanentEquity,additionalPaidInCapital,commonStockTotalEquity,preferredStockTotalEquity,retainedEarningsTotalEquity,treasuryStock,accumulatedAmortization,otherNonCurrrentAssets,deferredLongTermAssetCharges,totalNonCurrentAssets,capitalLeaseObligations,totalLongTermDebt,otherNonCurrentLiabilities,totalNonCurrentLiabilities,negativeGoodwill,warrants,preferredStockRedeemable,capitalSurplus,liabilitiesAndShareholderEquity,cashAndShortTermInvestments,accumulatedDepreciation,commonStockSharesOutstanding,reportedCurrency,investments,changeInLiabilities,cashflowFromInvestment,otherCashflowFromInvestment,netBorrowings,cashflowFromFinancing,otherCashflowFromFinancing,changeInOperatingActivities,netIncome_y,changeInCash,operatingCashflow,otherOperatingCashflow,depreciation,dividendPayout,stockSaleAndPurchase,changeInInventory,changeInAccountReceivables,changeInNetIncome,capitalExpenditures,changeInReceivables,changeInExchangeRate,changeInCashAndCashEquivalents,clossingVal,nextClossingVal
0,2020-06-30,USD,95356000,94981000,81969000,13387000,2926000,-3012000,1942000,None,-4034000,None,11070000,None,375000,None,4409000,-1022000,None,-4409000,None,None,None,-1022000,None,None,-3012000,-3012000,None,USD,760000000,None,None,295308000,487899000,272101000,73000,7047000,190000,61105000,96186000,None,254989000,27464000,293188000,115678000,115678000,-8631000,115040000,380598000,None,262728000,1061000,66138000,19543000,241253000,101901000,None,None,190000,None,61105000,None,None,1676000,None,379402000,80675000,19543000,10544000,194711000,None,None,None,219437000,760000000,28525000,None,19002333,USD,-3038000,11098000,-3038000,None,-41487000,-41674000,-756000,-4632000,-3012000,-22152000,22388000,-160000,2551000,None,20000,-8034000,25847000,4646000,2983000,25847000,None,-22324000,17.67,
1,2020-03-31,USD,150735000,156227000,114152000,36583000,-2950000,-8193000,2506000,None,-10956000,None,39569000,None,-5492000,None,5464000,-2763000,-5464000,-5464000,None,None,None,-2763000,None,None,-8193000,-8193000,None,USD,777029000,6393000,None,28940000,501509000,275520000,79000,7331000,190000,64117000,97225000,3205000,260329000,49616000,318492000,155678000,155678000,-7368000,97986000,409116000,None,265922000,850000,91748000,20462000,234680000,78664000,None,None,190000,None,64117000,None,None,1839000,None,367913000,72493000,20462000,5045000,183017000,None,None,None,218581000,777029000,50466000,None,18969380,USD,-1944000,27249000,-1944000,2000,20540000,18607000,-1955000,6964000,-8193000,40158000,23205000,38269000,2542000,None,0,25521000,-39431000,13360000,3310000,-39431000,None,39868000,12.58,17.67
2,2019-12-31,USD,125574000,116328000,97913000,27661000,11646000,865000,2174000,None,2367000,None,16241000,None,9246000,None,6879000,1502000,-6879000,-6879000,None,None,None,1502000,-7189000,None,865000,865000,None,USD,726742000,7183000,None,32948000,442416000,284326000,302000,4651000,190000,72310000,57141000,3205000,233970000,9458000,298324000,133678000,133678000,-5704000,108966000,373418000,None,273938000,2382000,52930000,21380000,264748000,79820000,None,None,190000,None,72310000,None,None,679000,None,353324000,66796000,21380000,5129000,144092000,None,None,None,217530000,726742000,11840000,None,18965030,USD,-3949000,10065000,-3949000,15000,-15471000,-15513000,-72000,-1414000,865000,3003000,22326000,10870000,2400000,None,0,-8716000,16025000,7001000,3903000,16025000,None,2864000,22.03,12.58
3,2019-09-30,USD,150374000,135682000,113801000,36573000,16932000,6189000,2148000,None,8169000,None,19733000,None,14692000,None,6523000,1980000,-6523000,-6523000,None,None,None,1980000,-6404000,None,6189000,6189000,None,USD,712558000,7493000,None,28317000,431213000,281345000,130000,4852000,189000,71445000,52513000,3205000,235441000,6455000,304327000,147678000,147678000,-6719000,89985000,376434000,None,270647000,2192000,69914000,22299000,259351000,85307000,None,None,189000,None,71445000,None,None,875000,10237000,336124000,52412000,22299000,7205000,126886000,None,None,None,216430000,712558000,8647000,None,18944886,USD,-3033000,626000,-3033000,26000,7038000,6731000,-12000,1426000,6189000,-4752000,-8357000,-1519000,2240000,None,405000,7905000,-25196000,6373000,2967000,-25196000,None,-4659000,16.9,22.03
4,2019-06-30,USD,109148000,110856000,91565000,17583000,671000,-6151000,2372000,None,-7881000,None,16919000,None,-1708000,None,6173000,-1730000,-6173000,-6173000,None,None,None,-1730000,-6422000,None,-6151000,-6151000,None,USD,693832000,7965000,None,29943000,419003000,274829000,275000,4077000,189000,65256000,42309000,3205000,223096000,11207000,301996000,139078000,139078000,-6288000,38398000,371065000,None,263659000,2074000,45042000,23218000,270465000,87973000,None,None,189000,None,65256000,None,None,866000,9592000,322767000,52131000,23218000,6200000,117007000,None,None,None,215672000,693832000,13281000,None,18854272,USD,-2668000,-5089000,-2668000,1308000,23173000,22328000,-845000,-2349000,-6151000,1296000,-18379000,6852000,2379000,None,None,-31374000,10524000,4427000,3976000,10524000,None,1281000,21.41,16.9
5,2019-03-31,USD,128180000,20208000,103129000,25051000,4843000,-3246000,2440000,None,-1846000,None,17768000,None,4843000,None,6689000,1569000,-6689000,-6689000,None,None,None,1400000,-18493000,None,-3246000,-3246000,None,USD,632362000,8431000,None,31479000,352607000,279755000,257000,58204000,188000,71407000,46116000,3205000,10817000,9911000,279354000,114085000,114085000,-6887000,35151000,352882000,None,268119000,3273000,66024000,24187000,242195000,107065000,None,None,188000,None,71407000,None,None,222947000,9746000,279480000,None,24187000,48809000,73253000,None,None,None,215047000,632362000,13184000,None,18817400,USD,-76000,-11520000,-9366000,-6689000,30633000,30646000,-2137000,1699000,-2765000,1280000,-20000000,12580000,2549000,None,13000,-26782000,1782000,4156000,2601000,1782000,None,1456000,18.87,21.41
6,2018-12-31,USD,124113000,19534000,102952000,21161000,1627000,-3102000,2054000,None,-4137000,None,17480000,None,1627000,None,5764000,-1035000,None,None,None,None,None,-1035000,-6192000,None,-3102000,-3102000,None,USD,605849000,8762000,None,34911000,326061000,279788000,234000,53494000,188000,74172000,50255000,3402000,231497000,8591000,250697000,82091000,3685000,-7193000,32349000,329839000,None,267624000,2868000,67648000,25109000,215821000,115112000,None,None,188000,None,74172000,None,None,223890000,7607000,276010000,None,25109000,50021000,75364000,None,None,None,212621000,605849000,11459000,None,18812102,USD,-57000,9562000,-7763000,-4417000,24180000,24178000,-2000,715000,-3102000,2496000,-13919000,-9908000,1866000,None,-3818000,-17051000,6580000,2880000,3289000,1834000,-80000,2416000,16.64,18.87
7,2018-09-30,USD,127939000,15318000,102228000,25711000,10393000,3513000,1784000,None,4694000,None,13534000,None,10393000,None,5699000,None,None,None,None,None,None,1181000,-5699000,None,3513000,3513000,None,USD,584013000,3380000,None,34472000,301849000,282164000,211000,56419000,188000,77274000,59522000,2551000,238649000,6175000,216295000,56591000,3685000,-6891000,30512000,308921000,None,276233000,3230000,67657000,26032000,197387000,103285000,0,0,188000,0,77274000,0,None,231304000,7345000,275092000,None,26032000,59311000,85554000,None,None,None,211593000,584013000,9405000,None,18799477,USD,-67000,5563000,-3780000,0,7103000,3157000,-128000,1382000,3032000,-6108000,-5485000,790000,1795000,0,-3818000,-3772000,-22406000,3462000,3713000,-16355000,41000,-6067000,23.45,16.64
8,2018-06-30,USD,92565000,18468000,75314000,17251000,-1217000,-5014000,1736000,None,-6292000,None,16732000,None,-1217000,None,5075000,None,None,None,None,None,None,-1278000,-5075000,None,-5014000,-5014000,None,USD,549253000,3567000,None,29690000,278515000,270738000,216000,54680000,189000,63080000,52735000,2551000,224541000,12242000,198826000,48155000,2749000,-6889000,28026000,290568000,None,264620000,3053000,49926000,26954000,195657000,95991000,0,0,189000,0,63080000,0,None,214198000,10343000,258685000,None,26954000,52519000,79689000,None,None,None,214358000,549253000,15295000,None,18916108,USD,-155000,14181000,-1701000,0,2147000,1955000,-192000,1941000,-5014000,-670000,-924000,-9614000,2070000,0,0,-28608000,20231000,3108000,1546000,22953000,-137000,-807000,18.71,23.45
9,2018-03-31,USD,121108000,14713000,90780000,30328000,15615000,9195000,1772000,0,10959000,0,12941000,None,15615000,0,4656000,None,None,None,0,0,0,1764000,-13147000,0,9195000,9195000,None,USD,494497000,3766000,None,11491000,219521000,274976000,226000,38812000,189000,66606000,20960000,2551000,325173000,13049000,180952000,57068000,3068000,-5428000,28322000,134685000,None,268659000,2828000,23534000,13913000,83783000,85072000,0,0,189000,0,66606000,0,None,314617000,10556000,359812000,None,13913000,24430000,38569000,None,None,None,213609000,494497000,15877000,None,18893102,USD,-65000,3141000,-5233000,0,16926000,12337000,-1722000,-8746000,9195000,2963000,-4141000,-14351000,1382000,0,-4589000,4056000,-12273000,8765000,5168000,-12273000,54000,3017000,21.43,18.71
10,2017-12-31,USD,100127000,17641000,77583000,22544000,4903000,-6806000,1678000,0,950000,0,15963000,None,4903000,0,3953000,None,None,None,0,0,0,7756000,-3993000,0,-6806000,-6806000,None,USD,467694000,3970000,None,12829000,199161000,268533000,212000,37294000,191000,57411000,26480000,2551000,329464000,10032000,157799000,39068000,3068000,-6158000,21040000,117190000,None,262012000,2759000,3330000,14670000,88240000,81437000,0,0,191000,0,57411000,0,None,308521000,14422000,350504000,None,14670000,26480000,41362000,None,None,None,217089000,467694000,12791000,None,19069782,USD,-61000,-10331000,-2385000,-19000,-1020000,-1022000,-2000,6871000,-6806000,-5062000,-1655000,3276000,1607000,0,0,-5636000,23127000,2155000,2305000,8444000,4000,-5058000,24.99,21.43
11,2017-09-30,USD,111774000,13312000,84612000,27162000,13850000,6301000,1240000,0,10328000,0,12072000,None,13850000,0,3522000,None,None,None,0,0,0,4027000,0,0,6301000,6301000,None,USD,461464000,4191000,None,17178000,187368000,274096000,205000,28346000,191000,64217000,10267000,2551000,297761000,15090000,161495000,39060000,3060000,-6488000,19868000,143835000,None,267354000,2568000,12393000,15401000,96606000,94089000,0,0,191000,0,64217000,0,None,276940000,14079000,317629000,None,15401000,10267000,25873000,None,None,None,216176000,461464000,17658000,None,19062869,USD,-53000,-240000,-6890000,-4974000,19972000,21369000,-106000,-10686000,6301000,6975000,-7504000,-13784000,1327000,0,1503000,0,14683000,247000,1863000,-1355000,-5000,6970000,29.46,24.99
12,2017-06-30,USD,95063000,10583000,69224000,25839000,15256000,7626000,1002000,0,11942000,0,9581000,None,15256000,0,3314000,None,None,None,0,0,0,4316000,0,0,7626000,7626000,None,USD,434894000,3848000,None,9664000,179640000,255254000,185000,31229000,186000,57916000,23215000,2551000,296734000,8120000,140085000,18060000,34215000,-7156000,283044000,119842000,None,248855000,2407000,9704000,16155000,89947000,90796000,0,0,186000,0,57916000,0,None,11967000,13642000,315052000,None,16155000,23215000,39555000,None,None,None,204308000,434894000,10527000,None,18635099,USD,-173000,-2930000,-770000,0,2630000,458000,-488000,-3315000,7626000,-956000,-644000,-24644000,1252000,0,-1684000,0,16038000,2014000,597000,16038000,47000,-909000,28.24,29.46
13,2017-03-31,USD,114410000,14240000,82783000,31627000,17387000,9812000,1011000,0,13658000,0,13229000,None,17387000,0,3729000,None,None,None,0,0,0,3846000,-16942000,0,9812000,9812000,None,USD,436139000,3993000,None,9848000,187458000,248681000,180000,32681000,186000,50290000,25806000,2551000,295571000,9029000,142782000,14064000,3064000,-7441000,281359000,122131000,None,242137000,2140000,26017000,16935000,75097000,96037000,0,0,186000,0,50290000,0,None,12559000,13546000,314008000,None,16935000,27561000,44676000,None,None,None,205646000,436139000,11169000,None,18648854,USD,-60000,869000,-862000,0,-7956000,-9759000,-747000,-41003000,9812000,4920000,15541000,-3365000,1174000,0,-1803000,-7119000,-18145000,10511000,802000,-3460000,168000,5088000,30.73,28.24
14,2016-12-31,USD,112595000,12225000,80225000,32370000,20145000,11110000,1039000,0,16788000,0,11186000,None,20145000,0,3357000,None,None,None,0,0,0,5678000,0,0,11110000,11110000,None,USD,443029000,4150000,None,7478000,203093000,239936000,13577000,35937000,187000,40478000,28555000,2551000,277573000,3941000,143270000,21065000,21065000,-7348000,275441000,147213000,None,233235000,1966000,57390000,17691000,76438000,86268000,0,0,187000,0,40478000,0,None,13218000,456000,295816000,None,17691000,28555000,59823000,None,None,None,206619000,443029000,5907000,None,18693779,USD,281000,5512000,-1357000,-105000,-1965000,-1538000,-1000,523000,11110000,-1389000,1506000,-10738000,1131000,0,428000,0,14685000,1683000,1533000,-7192000,-122000,-1511000,26.92,30.73
15,2016-09-30,USD,108836000,13481000,78178000,30658000,17177000,9143000,905000,0,13988000,0,12576000,None,17177000,0,3189000,None,None,None,0,0,0,4845000,0,0,9143000,9143000,None,USD,437668000,4316000,None,7796000,208844000,228824000,13675000,40692000,187000,29368000,32183000,2476000,272042000,5452000,144539000,22064000,22064000,-6106000,268275000,148399000,None,222032000,2233000,50526000,18447000,82392000,81783000,0,0,187000,0,29368000,0,None,13745000,457000,289269000,None,18447000,32183000,64305000,None,None,None,205375000,437668000,7685000,None,18665196,USD,-137000,-7317000,-1763000,-600000,-2981000,-3942000,-1021000,619000,9143000,-14182000,-8477000,-8102000,1094000,0,60000,0,7493000,1402000,1026000,-4697000,-83000,-14265000,28.78,26.92
16,2016-06-30,USD,85412000,7128000,65021000,20391000,13263000,7508000,869000,0,10444000,0,6259000,None,13263000,0,2819000,None,None,None,0,0,0,2936000,0,0,7508000,7508000,None,USD,440783000,4428000,None,8188000,220722000,220061000,13682000,42627000,186000,20225000,31958000,2053000,264922000,19717000,155879000,24064000,24064000,-5365000,260627000,159056000,None,213580000,1982000,45429000,19203000,83740000,89188000,0,0,186000,0,20225000,0,None,14156000,463000,281727000,None,19203000,31958000,64843000,None,None,None,205015000,440783000,21699000,None,18630444,USD,-133000,12038000,-1701000,0,12753000,13390000,-350000,-7104000,7508000,-2150000,-13839000,-31797000,1031000,0,987000,0,-6897000,177000,1568000,-2796000,-30000,-2180000,27.18,28.78
17,2016-03-31,USD,97443000,14581000,73229000,24214000,9633000,2297000,915000,0,6955000,0,13666000,None,9633000,0,2678000,None,None,None,0,0,0,4658000,-14425000,0,2297000,2297000,None,USD,413372000,4573000,None,5900000,202564000,210808000,14315000,40063000,185000,11825000,34870000,2053000,257188000,21897000,131383000,10067000,3067000,-4852000,257199000,140085000,None,204182000,1813000,41895000,19980000,68580000,81253000,0,0,185000,0,11825000,0,None,9226000,236000,273287000,None,19980000,36886000,71181000,None,None,None,203650000,413372000,23710000,None,18531751,USD,-296000,11167000,-875000,0,-888000,3660000,2207000,-20728000,2297000,8156000,5371000,10313000,878000,0,2341000,367000,4647000,-1887000,579000,-6834000,40000,8196000,37.98,27.18
18,2015-12-31,USD,94022000,12184000,65123000,28899000,16715000,7748000,711000,0,14199000,0,11473000,None,16715000,0,2516000,None,None,None,0,0,0,6451000,0,0,7748000,7748000,None,USD,383055000,4718000,None,6263000,179768000,203287000,0,36048000,183000,9528000,42274000,2053000,252320000,13701000,116756000,10067000,None,-4730000,251344000,115592000,None,196516000,1510000,24969000,20738000,69149000,70641000,0,0,183000,0,9528000,0,None,9105000,243000,267463000,None,20738000,42274000,63012000,None,None,None,198306000,383055000,15211000,None,18326985,USD,-99000,-16359000,-38000,499000,-9010000,-8784000,131000,None,7748000,-18036000,-9214000,-3659000,935000,0,95000,0,11481000,7213000,438000,-5092000,39000,-17997000,33.81,37.98
19,2015-09-30,USD,91670000,21497000,69850000,21820000,323000,-1392000,646000,0,-2290000,0,20851000,None,323000,0,2613000,None,None,None,0,0,0,-898000,0,0,-1392000,-1392000,None,USD,396416000,4863000,None,11265000,201476000,194940000,0,31869000,183000,1780000,43424000,2552000,248022000,31698000,136535000,18070000,None,-4350000,246742000,133034000,None,187525000,1339000,24118000,21517000,64614000,86596000,0,0,183000,0,1780000,0,None,8987000,238000,263382000,None,21517000,43424000,64941000,None,None,None,197327000,396416000,33037000,None,18315871,USD,-551000,12005000,-2662000,0,-97000,1349000,276000,None,-1392000,14530000,15843000,-6984000,888000,0,1170000,0,16573000,1650000,2111000,9676000,-181000,14349000,31.34,33.81
