,fiscalDateEnding,reportedCurrency_x,totalRevenue,totalOperatingExpense,costOfRevenue,grossProfit,ebit,netIncome_x,researchAndDevelopment,effectOfAccountingCharges,incomeBeforeTax,minorityInterest,sellingGeneralAdministrative,otherNonOperatingIncome,operatingIncome,otherOperatingExpense,interestExpense,taxProvision,interestIncome,netInterestIncome,extraordinaryItems,nonRecurring,otherItems,incomeTaxExpense,totalOtherIncomeExpense,discontinuedOperations,netIncomeFromContinuingOperations,netIncomeApplicableToCommonShares,preferredStockAndOtherAdjustments,reportedCurrency_y,totalAssets,intangibleAssets,earningAssets,otherCurrentAssets,totalLiabilities,totalShareholderEquity,deferredLongTermLiabilities,otherCurrentLiabilities,commonStock,retainedEarnings,otherLiabilities,goodwill,otherAssets,cash,totalCurrentLiabilities,shortTermDebt,currentLongTermDebt,otherShareholderEquity,propertyPlantEquipment,totalCurrentAssets,longTermInvestments,netTangibleAssets,shortTermInvestments,netReceivables,longTermDebt,inventory,accountsPayable,totalPermanentEquity,additionalPaidInCapital,commonStockTotalEquity,preferredStockTotalEquity,retainedEarningsTotalEquity,treasuryStock,accumulatedAmortization,otherNonCurrrentAssets,deferredLongTermAssetCharges,totalNonCurrentAssets,capitalLeaseObligations,totalLongTermDebt,otherNonCurrentLiabilities,totalNonCurrentLiabilities,negativeGoodwill,warrants,preferredStockRedeemable,capitalSurplus,liabilitiesAndShareholderEquity,cashAndShortTermInvestments,accumulatedDepreciation,commonStockSharesOutstanding,reportedCurrency,investments,changeInLiabilities,cashflowFromInvestment,otherCashflowFromInvestment,netBorrowings,cashflowFromFinancing,otherCashflowFromFinancing,changeInOperatingActivities,netIncome_y,changeInCash,operatingCashflow,otherOperatingCashflow,depreciation,dividendPayout,stockSaleAndPurchase,changeInInventory,changeInAccountReceivables,changeInNetIncome,capitalExpenditures,changeInReceivables,changeInExchangeRate,changeInCashAndCashEquivalents,clossingVal,nextClossingVal
0,2020-06-30,USD,11826000,12913000,6635000,5191000,-718000,-1294000,2774000,None,-1294000,None,3504000,None,-1087000,None,172000,None,None,-172000,None,None,None,None,-35000,None,-1294000,-1294000,None,USD,35090000,None,None,None,14678000,20412000,None,44000,2000,-151688000,None,None,73000,12916000,6129000,None,1073000,None,5893000,29124000,None,20412000,None,6978000,6893000,8368000,2074000,None,None,None,None,None,None,None,73000,None,5966000,3202000,None,None,8549000,None,None,None,None,None,None,None,None,USD,-213000,291000,-213000,None,-3000,824000,None,-608000,-1294000,-1034000,-1645000,None,404000,None,None,-424000,-1019000,1005000,213000,None,None,None,7.02,
1,2020-03-31,USD,10108000,11690000,4757000,5351000,-1151000,-1732000,3030000,None,-1732000,None,3903000,None,-1582000,None,172000,None,-172000,-172000,None,None,None,None,22000,None,-1732000,-1732000,None,USD,34652000,None,None,None,14691000,19961000,None,34000,2000,-150394000,None,None,73000,13950000,6644000,None,1271000,None,5847000,28732000,None,19961000,None,5780000,6621000,7944000,1761000,None,None,None,None,None,None,None,73000,None,5920000,3039000,6621000,None,8047000,None,None,None,170353000,None,13950000,None,18000000,USD,-64000,-1067000,-64000,None,-2000,2082000,None,-435000,-1732000,-537000,-2555000,None,409000,None,2084000,-81000,-521000,872000,64000,None,None,None,2.62,7.02
2,2019-12-31,USD,9653000,11934000,4480000,5173000,-2503000,-3080000,3271000,None,-3080000,None,4183000,None,-2281000,None,180000,None,-180000,-180000,None,None,None,None,-619000,None,-3080000,-3080000,None,USD,35372000,None,None,None,16883000,18489000,None,42000,2000,-148662000,None,None,73000,14487000,7894000,670000,670000,None,6611000,28688000,None,18489000,None,5454000,7149000,7863000,2873000,None,None,None,None,None,None,None,73000,None,6684000,3422000,7149000,None,8989000,None,None,None,167149000,None,14487000,None,17000000,USD,-295000,-316000,-295000,None,-3000,2663000,-80000,-1111000,-3080000,-293000,-2661000,None,397000,None,5016000,455000,-231000,1225000,295000,None,None,None,5.26,2.62
3,2019-09-30,USD,9178000,12760000,4824000,4354000,-3072000,-3663000,3395000,None,-3663000,None,4541000,None,-3582000,None,170000,None,-170000,-170000,None,None,None,None,89000,None,-3663000,-3663000,None,USD,35114000,None,None,None,17054000,18060000,None,48000,2000,-145582000,None,None,73000,14780000,8071000,72000,72000,None,6153000,28888000,None,18060000,None,5261000,7676000,8318000,3178000,None,None,None,None,None,None,None,73000,None,6226000,2913000,7676000,None,8983000,None,None,None,163640000,None,14780000,None,17000000,USD,-105000,974000,-105000,None,-1843000,277000,-80000,-300000,-3663000,-493000,-665000,None,421000,None,2350000,646000,296000,961000,105000,None,None,None,6.13,5.26
4,2019-06-30,USD,8646000,12241000,4627000,4019000,-3001000,-3670000,3519000,None,-3670000,None,4095000,None,-3595000,None,186000,None,-186000,-186000,None,None,None,None,111000,None,-3670000,-3670000,None,USD,37476000,None,None,None,18829000,18647000,None,1190000,2000,-141919000,None,None,73000,15273000,13461000,5977000,5977000,None,6814000,30589000,None,18647000,None,5584000,3642000,8964000,2197000,None,None,None,None,None,None,None,73000,None,6887000,3309000,3642000,None,5368000,None,None,None,160564000,None,15273000,None,17000000,USD,-236000,499000,-236000,None,-1502000,-1365000,-80000,-636000,-3670000,-3242000,-1641000,None,483000,None,150000,695000,118000,870000,236000,None,None,None,6.52,6.13
5,2019-03-31,USD,10026000,14198000,5241000,4785000,-3652000,-4256000,3998000,None,-4256000,None,4959000,None,-4172000,None,211000,None,-211000,-211000,None,None,None,None,127000,None,-4256000,-4256000,None,USD,42204000,None,None,None,20822000,21382000,None,750000,2000,-138249000,None,None,73000,18515000,13630000,5972000,5972000,None,7380000,34751000,None,21382000,None,5982000,5075000,9659000,1692000,None,None,None,None,None,None,None,73000,None,7453000,3659000,5075000,None,7192000,None,None,None,159629000,None,18515000,None,17000000,USD,-225000,-955000,-225000,None,-1503000,-1490000,-80000,-114000,-4256000,-4864000,-3149000,None,393000,None,13000,-562000,1540000,805000,225000,None,None,None,7.66,6.52
6,2018-12-31,USD,12281000,15175000,6848000,5433000,-2894000,-3480000,3431000,0,-3480000,0,4896000,None,-2894000,0,-228000,None,None,None,0,0,0,0,-586000,0,-3480000,-3480000,None,USD,45045000,None,None,None,20124000,24921000,None,1051000,2000,-133993000,None,None,73000,23379000,13615000,5967000,5967000,None,4286000,40686000,None,24921000,None,7522000,6499000,9097000,2637000,None,None,None,None,None,None,None,None,None,None,None,6509000,None,None,None,None,None,158912000,None,23379000,None,16000000,USD,None,-38000,-401000,None,-3000,136000,-80000,-3839000,-3480000,-8059000,-7794000,None,381000,None,27027000,385000,-1940000,737000,401000,None,None,None,5.61,7.66
7,2018-09-30,USD,11518000,16557000,6109000,5409000,-5039000,-5629000,5953000,0,-5629000,0,4495000,None,-5039000,0,-229000,None,None,None,0,0,0,0,-590000,0,-5629000,-5629000,None,USD,51449000,0,None,436000,23835000,27614000,0,5093000,2000,-130513000,None,0,73000,31438000,15907000,4462000,4462000,None,4438000,46938000,None,27614000,0,5582000,7915000,9482000,2847000,0,0,0,0,0,0,None,None,None,None,None,None,None,None,None,None,None,None,None,None,None,17000000,USD,None,-191000,-1166000,0,998000,2245000,None,3174000,-5629000,-1287000,-2366000,None,340000,0,24524000,-631000,-485000,1055000,1166000,None,None,None,7.68,5.61
8,2018-06-30,USD,10765000,18044000,6229000,4536000,-7279000,-7369000,6773000,0,-7369000,0,5042000,None,-7279000,0,-222000,None,None,None,0,0,0,0,-90000,0,-7369000,-7369000,None,USD,51564000,0,None,1225000,20581000,30983000,0,3768000,2000,-124885000,None,0,209000,32725000,15215000,5983000,5983000,None,3457000,47898000,None,30983000,0,5097000,5351000,8851000,2883000,0,0,0,0,0,0,None,None,None,None,None,None,None,None,None,None,None,None,None,None,None,17000000,USD,None,443000,-103000,0,-1003000,-280000,None,263000,-7369000,-1158000,-775000,None,356000,0,24609000,52000,4419000,1061000,103000,None,None,None,8.92,7.68
9,2018-03-31,USD,14853000,15963000,4898000,9955000,-1110000,-1277000,6480000,0,-1277000,0,4585000,None,-1110000,0,-211000,None,None,None,0,0,0,0,-167000,0,-1277000,-1277000,None,USD,57147000,0,None,1207000,20460000,36687000,0,4018000,2000,-117516000,None,0,93000,33883000,13688000,5490000,5490000,None,3775000,53279000,None,36687000,0,9286000,6772000,8903000,2337000,0,0,0,0,0,0,None,None,None,None,None,None,None,None,None,None,None,None,None,None,None,15000000,USD,None,-392000,-244000,0,-3000,24915000,None,1518000,-1277000,20933000,-3738000,None,373000,0,24609000,888000,-5810000,962000,244000,None,None,None,7.55,8.92
10,2017-12-31,USD,10123000,69256000,3548000,16230000,-18622000,-15654000,6201000,0,-21100000,0,10457000,None,-14900000,0,180000,None,None,None,0,0,0,0,-892000,0,-19942000,-19942000,None,USD,31437000,0,None,590000,20553000,10884000,0,5668000,1000,-117539000,None,0,73000,12950000,12375000,3977000,3977000,None,3946000,27418000,None,10884000,0,4041000,8178000,9837000,2720000,0,0,0,0,0,0,None,None,None,None,None,None,None,None,None,None,None,None,None,None,None,12000000,USD,None,994000,-3070000,0,3637000,5181000,-49000,142000,-21100000,-16777000,-18888000,None,1191000,0,0,-3871000,-259000,4002000,3070000,None,None,None,7.5,7.55
11,2017-09-30,USD,9008000,-26826000,3426000,-537000,-8509000,-259000,6420000,0,0,0,10563000,None,-519000,0,178000,None,None,None,0,0,0,0,0,0,-8143000,-8143000,None,USD,34530000,0,None,730000,20425000,14105000,0,6269000,1000,0,None,0,61000,17842000,10011000,1649000,1649000,None,4017000,0,None,14105000,0,4183000,10414000,7697000,2093000,0,0,0,0,0,0,None,None,None,None,None,None,None,None,None,None,None,None,None,None,None,13000000,USD,None,853000,-2170000,0,-3000,4806000,None,670000,-16719000,-3334000,-14521000,None,0,0,0,-320000,530000,1249000,2170000,None,None,None,17.09,7.5
12,2017-06-30,USD,8925000,13714000,2855000,1575000,12779000,899000,6427000,0,0,0,10581000,None,1086000,0,176000,None,None,None,0,0,0,0,0,0,13071000,13071000,None,USD,36747000,0,None,1002000,18739000,18008000,0,4893000,1000,0,None,0,61000,21176000,7394000,11994000,11994000,None,3675000,0,None,18008000,0,4180000,11345000,6653000,1852000,0,0,0,0,0,0,None,None,None,None,None,None,None,None,None,None,None,None,None,None,None,12000000,USD,None,151000,-1704000,0,4371000,4443000,-49000,-1129000,-11273000,-3316000,-11290000,None,0,0,0,1584000,460000,1114000,1704000,None,None,None,19.98,17.09
13,2017-03-31,USD,7880000,0,3431000,4217000,-5856000,-6086000,6389000,0,0,0,10092000,None,-5875000,0,230000,None,None,None,0,0,0,0,0,0,-6086000,-6086000,None,USD,37519000,0,None,839000,16039000,21480000,0,5472000,1000,0,None,0,61000,24492000,12522000,3910000,3910000,None,3123000,0,None,21480000,0,3180000,3517000,5824000,3140000,0,0,0,0,0,0,None,None,None,None,None,None,None,None,None,None,None,None,None,None,None,12000000,USD,None,788000,-470000,0,-734000,-725000,-49000,200000,-6086000,-5235000,-4040000,None,0,0,0,755000,476000,745000,470000,None,None,None,8.38,19.98
14,2016-12-31,USD,7064000,42615000,3604000,10394000,-14875000,-15264000,4891000,0,-16708000,0,8521000,None,-14341000,0,365000,None,None,None,0,0,0,0,-1187000,0,-15264000,-15264000,None,USD,41472000,0,None,1050000,14601000,26871000,0,4997000,1000,-96439000,None,0,50000,29727000,10383000,3877000,3877000,None,1920000,39502000,None,26871000,0,3656000,4218000,5069000,1502000,0,0,0,0,0,0,None,None,None,None,None,None,None,None,None,None,None,None,None,None,None,5000000,USD,None,396000,-1040000,0,8477000,46999000,-40000,-3200000,-16708000,27420000,-18539000,None,826000,0,0,-893000,-1261000,2199000,1040000,None,None,None,8.29,8.38
15,2016-09-30,USD,7164000,0,2641000,4305000,-646000,-1444000,3111000,0,0,0,5485000,None,-1180000,0,798000,None,None,None,0,0,0,0,0,0,-1444000,-1444000,None,USD,15603000,33000,None,467000,31472000,-80511000,42000,11651000,0,-91131000,42000,0,3184000,1999000,26111000,4024000,4024000,None,1705000,10714000,None,-80544000,0,2945000,5319000,5303000,2095000,0,0,0,64642000,0,0,None,None,None,None,None,None,None,None,None,None,None,None,None,None,None,3000000,USD,None,802000,-596000,0,3207000,7620000,None,206000,-1444000,-643000,-7332000,None,0,0,0,1127000,417000,-643000,596000,None,None,None,nan,8.29
16,2016-06-30,USD,6659000,0,2975000,0,0,0,6094000,0,0,0,8535000,None,0,0,718000,None,None,None,0,0,0,0,0,0,0,0,None,USD,13696000,66000,None,677000,27758000,None,None,10427000,None,None,125000,None,1652000,2642000,21829000,None,None,None,1721000,None,None,None,None,None,5804000,3772000,2883000,None,None,None,64642000,None,None,None,None,None,None,None,None,None,None,None,None,None,None,None,None,None,3000000,USD,None,1259000,None,None,None,5412000,None,None,None,None,None,None,None,None,None,404000,None,None,427000,None,None,None,nan,nan
17,2016-03-31,USD,6207000,0,2349000,0,0,0,5137000,0,0,0,7679000,None,0,0,466000,None,None,None,0,0,0,0,0,0,0,0,None,USD,None,None,None,None,None,None,None,None,None,None,None,None,None,None,None,None,None,None,None,None,None,None,None,None,None,None,None,None,None,None,None,None,None,None,None,None,None,None,None,None,None,None,None,None,None,None,None,None,3000000,USD,None,None,None,None,None,None,None,None,None,None,None,None,None,None,None,None,None,None,0,None,None,None,nan,nan
18,2015-12-31,USD,6800000,44082000,3612000,13978000,-17536000,-18183000,6403000,0,-18183000,0,8931000,None,-17536000,0,239000,None,None,None,0,0,0,0,-647000,0,-18183000,-18183000,None,USD,10961000,132000,None,190000,16749000,-70430000,229000,7007000,1000,-79731000,229000,None,161000,2307000,9344000,970000,970000,None,1654000,9146000,None,-70562000,None,2473000,7176000,4176000,1162000,None,None,None,64642000,None,None,None,None,None,None,None,None,None,None,None,None,None,None,None,None,None,None,USD,None,661000,-1295000,None,4774000,4648000,-130000,3771000,-18183000,-7317000,-10670000,None,1340000,None,4000,-431000,441000,2394000,1295000,None,None,None,nan,nan
19,2015-09-30,USD,7092000,0,3062000,0,0,0,5081000,0,0,0,7913000,None,0,0,231000,None,None,None,0,0,0,0,0,0,0,0,None,USD,None,None,None,None,None,None,None,None,None,None,None,None,None,None,None,None,None,None,None,None,None,None,None,None,None,None,None,None,None,None,None,None,None,None,None,None,None,None,None,None,None,None,None,None,None,None,None,None,3000000,USD,None,None,None,None,None,None,None,None,None,None,None,None,None,None,None,None,None,None,0,None,None,None,nan,nan
