,fiscalDateEnding,reportedCurrency_x,totalRevenue,totalOperatingExpense,costOfRevenue,grossProfit,ebit,netIncome_x,researchAndDevelopment,effectOfAccountingCharges,incomeBeforeTax,minorityInterest,sellingGeneralAdministrative,otherNonOperatingIncome,operatingIncome,otherOperatingExpense,interestExpense,taxProvision,interestIncome,netInterestIncome,extraordinaryItems,nonRecurring,otherItems,incomeTaxExpense,totalOtherIncomeExpense,discontinuedOperations,netIncomeFromContinuingOperations,netIncomeApplicableToCommonShares,preferredStockAndOtherAdjustments,reportedCurrency_y,totalAssets,intangibleAssets,earningAssets,otherCurrentAssets,totalLiabilities,totalShareholderEquity,deferredLongTermLiabilities,otherCurrentLiabilities,commonStock,retainedEarnings,otherLiabilities,goodwill,otherAssets,cash,totalCurrentLiabilities,shortTermDebt,currentLongTermDebt,otherShareholderEquity,propertyPlantEquipment,totalCurrentAssets,longTermInvestments,netTangibleAssets,shortTermInvestments,netReceivables,longTermDebt,inventory,accountsPayable,totalPermanentEquity,additionalPaidInCapital,commonStockTotalEquity,preferredStockTotalEquity,retainedEarningsTotalEquity,treasuryStock,accumulatedAmortization,otherNonCurrrentAssets,deferredLongTermAssetCharges,totalNonCurrentAssets,capitalLeaseObligations,totalLongTermDebt,otherNonCurrentLiabilities,totalNonCurrentLiabilities,negativeGoodwill,warrants,preferredStockRedeemable,capitalSurplus,liabilitiesAndShareholderEquity,cashAndShortTermInvestments,accumulatedDepreciation,commonStockSharesOutstanding,reportedCurrency,investments,changeInLiabilities,cashflowFromInvestment,otherCashflowFromInvestment,netBorrowings,cashflowFromFinancing,otherCashflowFromFinancing,changeInOperatingActivities,netIncome_y,changeInCash,operatingCashflow,otherOperatingCashflow,depreciation,dividendPayout,stockSaleAndPurchase,changeInInventory,changeInAccountReceivables,changeInNetIncome,capitalExpenditures,changeInReceivables,changeInExchangeRate,changeInCashAndCashEquivalents,clossingVal,nextClossingVal
0,2020-06-30,USD,6259000,13515000,None,6259000,-7256000,-5882000,None,None,-7256000,None,13515000,None,-7256000,380000,5428000,-1374000,24248000,18820000,None,None,None,-1374000,None,None,-5882000,-5882000,None,USD,1196215000,7062000,None,None,1015211000,181004000,21759000,902191000,119000,105193000,21759000,0,914732000,217778000,933320000,None,None,86000,8594000,217778000,931384000,173942000,None,None,50890000,None,31129000,None,None,119000,None,105193000,None,None,31397000,None,978437000,9242000,None,9242000,50890000,None,None,None,75606000,1196215000,217778000,None,11942247,USD,34805000,-2403000,37794000,3983000,-11394000,-52791000,-39841000,1934000,-5882000,234000,15231000,7891000,1002000,-1664000,108000,None,None,14623000,994000,None,None,234000,8.46,
1,2020-03-31,USD,10604000,29859000,None,10604000,-19255000,-11821000,None,None,-19255000,None,29859000,None,-19255000,522000,5680000,-7434000,26465000,20785000,None,None,None,-7434000,None,None,-11821000,-11821000,None,USD,1263537000,7261000,None,None,1075047000,188490000,25677000,941996000,119000,112704000,25677000,0,987541000,217544000,977690000,941996000,None,20000,8138000,217544000,994220000,181229000,None,None,62193000,None,35694000,None,None,119000,None,112704000,None,None,36374000,None,1045993000,9487000,62193000,9487000,62193000,None,None,None,75647000,1263537000,217544000,None,11884473,USD,-4404000,1083000,-5175000,25000,-14008000,82501000,102732000,-10919000,-11821000,87517000,10191000,-8142000,1057000,-1685000,-4538000,None,None,28014000,796000,None,None,87517000,11.17,8.46
2,2019-12-31,USD,27697000,16403000,6102000,27697000,11294000,8414000,None,None,11294000,None,16403000,None,11294000,-268000,6102000,2880000,26747000,20645000,None,None,None,2880000,None,None,8414000,8414000,None,USD,1207443000,7461000,None,6931000,992487000,214956000,30828000,839132000,121000,135112000,30828000,6735000,1010592000,130027000,875838000,839132000,None,58000,7888000,135520000,1030523000,200760000,12927000,5493000,76091000,None,36706000,None,None,121000,None,135112000,None,None,19316000,None,1071923000,9730000,76091000,9730000,76091000,None,None,None,79665000,1207443000,130027000,None,12113585,USD,20381000,-2735000,20726000,2510000,-15783000,-48612000,-30237000,-844000,8414000,-10010000,17876000,7647000,433000,-1696000,-896000,None,None,3617000,2165000,None,None,-10010000,21.98,11.17
3,2019-09-30,USD,27716000,16989000,6561000,27716000,10727000,7446000,None,None,10727000,None,16989000,None,10727000,42000,6561000,3281000,27708000,21147000,None,None,None,3281000,None,None,7446000,7446000,None,USD,1247416000,7690000,None,7576000,1038629000,208787000,29489000,869257000,122000,128350000,29489000,6735000,1039479000,140037000,907656000,869257000,None,87000,6266000,140037000,1059639000,194362000,14919000,10429000,91739000,None,38399000,None,None,122000,None,128350000,None,None,27049000,None,1107379000,9745000,91739000,101484000,130973000,None,None,None,80228000,1247416000,140037000,None,12154661,USD,17223000,0,17223000,-45000,-18058000,-42594000,-19430000,-756000,7446000,-7846000,17525000,5416000,1242000,-1713000,-3393000,None,None,5837000,2676000,None,None,-7846000,25.19,21.98
4,2019-06-30,USD,31382000,18537000,6408000,26626000,8089000,6115000,None,None,8089000,None,18537000,None,11115000,42000,6408000,1974000,27082000,20674000,None,None,None,1974000,None,None,6115000,6041000,None,USD,1279983000,7920000,None,8152000,1074429000,205554000,26733000,888561000,123000,122659000,26733000,6735000,1066374000,152410000,928985000,888561000,None,46000,12640000,147883000,10633000,190899000,12679000,12163000,109637000,None,32597000,None,None,123000,None,122659000,None,None,27848000,None,1132100000,9074000,109637000,118711000,145444000,None,None,None,82726000,1279983000,152410000,None,12000000,USD,-46157000,0,-46157000,-54000,-19725000,25359000,48292000,-2643000,6115000,-6243000,14555000,4621000,1181000,-1729000,-1719000,None,None,6213000,440000,None,None,-6243000,24.93,25.19
5,2019-03-31,USD,31548000,24805000,5962000,31548000,6743000,5141000,None,None,6743000,None,24805000,None,6743000,500000,5962000,1602000,-5919000,19921000,None,None,None,1602000,None,None,5141000,5141000,None,USD,1246725000,8149000,None,13174000,1045075000,201650000,23938000,840167000,123000,118318000,23938000,6735000,13174000,154126000,882862000,840167000,None,-6000,3992000,154126000,1045105000,186766000,11239000,15357000,129171000,None,42695000,None,None,123000,None,118318000,None,None,28618000,None,1092599000,9104000,129171000,138275000,162213000,None,None,None,83215000,1246725000,154126000,None,12349076,USD,-28497000,2934000,-29833000,-960000,-21104000,60294000,84270000,-2048000,5141000,42925000,12464000,-1185000,1209000,-1727000,-1145000,None,None,4365000,376000,None,None,42925000,21.5,24.93
6,2018-12-31,USD,25039000,16358000,9908000,25039000,8681000,6422000,0,0,8681000,0,16358000,None,8681000,500000,5349000,None,None,None,0,0,0,2259000,0,0,6422000,6322000,None,USD,1167046000,7912000,None,14045000,968535000,198511000,22560000,755776000,124000,114935000,22560000,7360000,1004595000,208357000,795920000,None,None,-46000,4317000,213602000,1021355000,183239000,9659000,5245000,150055000,None,40144000,None,None,124000,None,114935000,None,None,9656000,None,1050600000,None,150055000,None,22560000,None,None,None,83498000,1167046000,208357000,None,12000000,USD,-40317000,0,-40740000,434000,-23286000,30046000,55667000,3795000,6422000,12704000,23398000,1909000,4532000,-1716000,-619000,None,None,8649000,857000,None,None,12704000,22.33,21.5
7,2018-09-30,USD,23366000,15737000,9661000,23366000,7629000,5906000,0,0,7629000,0,15737000,None,7629000,500000,4955000,None,None,None,0,0,0,1723000,0,0,5906000,5906000,None,USD,1126733000,8131000,None,10049000,933190000,193543000,17730000,700107000,124000,110253000,17730000,7360000,976495000,98497000,740941000,50269000,50269000,-151000,3924000,104778000,990808000,178052000,9410000,6281000,124250000,0,40834000,0,83505000,124000,0,110253000,0,None,11732000,None,1021955000,None,None,174519000,192249000,None,None,None,83317000,1126733000,98497000,None,12400465,USD,-13123000,-3658000,-23918000,-10359000,172853000,6584000,-163461000,6347000,5906000,-730000,16604000,10117000,3230000,-1741000,-1067000,0,0,1009000,436000,None,None,-730000,28.85,22.33
8,2018-06-30,USD,24500000,15976000,9527000,24500000,8524000,6467000,0,0,8524000,0,15976000,None,8524000,-4612000,3711000,None,None,None,0,0,0,2057000,0,0,6467000,6467000,None,USD,1113311000,1022000,None,1861000,923669000,189642000,20597000,863568000,124000,106119000,20597000,1160000,967164000,99227000,903072000,None,None,-75000,3915000,106402000,982280000,187460000,8414000,7175000,0,0,39504000,0,83505000,124000,0,106119000,0,None,18532000,None,1006909000,None,None,None,20597000,None,None,None,83474000,1113311000,99227000,None,12438931,USD,-37056000,903000,-37228000,125000,174519000,28887000,30423000,5272000,6467000,14336000,22677000,4480000,4519000,-1738000,202000,0,0,6308000,297000,None,None,14336000,29.85,28.85
9,2018-03-31,USD,24461000,16594000,10023000,24461000,7867000,6185000,0,0,7867000,0,16594000,None,7867000,4612000,3399000,None,None,None,0,0,0,1682000,0,0,6185000,6185000,None,USD,1071225000,1075000,None,2122000,887298000,183927000,18589000,833145000,124000,101394000,18589000,1160000,935428000,84891000,868709000,None,None,-100000,4035000,96631000,949237000,181692000,7664000,11740000,0,0,35564000,0,83505000,124000,0,101394000,0,None,19087000,None,974594000,None,None,None,18589000,None,None,None,82509000,1071225000,84891000,None,12418497,USD,-25961000,4122000,-25046000,1161000,174519000,21089000,23830000,5180000,6185000,17745000,21702000,1069000,4226000,-1741000,-1000000,0,0,6100000,246000,None,None,17745000,28.35,29.85
10,2017-12-31,USD,24357000,15389000,8997000,24357000,8968000,15894000,0,0,8968000,0,15389000,None,8968000,-4556000,3228000,None,None,None,0,0,0,-6926000,-4700000,0,15894000,15894000,None,USD,1040160000,1128000,None,2026000,860511000,179649000,16741000,809315000,124000,97035000,809315000,1160000,21604000,134292000,843770000,None,None,-98000,4204000,140584000,934063000,177361000,8110000,6292000,0,0,34455000,0,82588000,124000,0,97035000,0,None,26167000,None,966722000,None,None,None,16741000,None,None,None,82588000,1040160000,134292000,None,12449458,USD,-29130000,-350000,-28383000,1075000,None,-668000,2361000,-7742000,15894000,-15791000,13260000,-16020000,3942000,-1698000,-1331000,0,0,9794000,328000,None,None,-15791000,22.4,28.35
11,2017-09-30,USD,21065000,15711000,8542000,21065000,5354000,3305000,0,0,5354000,0,15711000,None,5354000,38056000,3000000,None,None,None,0,0,0,2049000,0,0,3305000,3305000,None,USD,1013017000,1181000,None,1461000,846722000,166295000,10329000,806954000,125000,82861000,806954000,1160000,19116000,165874000,836393000,None,None,-84000,4295000,165874000,None,163954000,8360000,10418000,0,0,29439000,0,81703000,125000,0,82861000,0,None,None,None,2341000,None,None,None,10329000,None,None,None,83393000,1013017000,165874000,None,12530707,USD,-34788000,1274000,-34467000,609000,None,24265000,26116000,4040000,3305000,5621000,15823000,2793000,3705000,-1753000,-98000,0,0,4746000,288000,None,None,5621000,28.75,22.4
12,2017-06-30,USD,22465000,15180000,8284000,22465000,7285000,4553000,0,0,7285000,0,15180000,None,7285000,-18990000,2612000,None,None,None,0,0,0,2732000,0,0,4553000,4553000,None,USD,985082000,1234000,None,1875000,820899000,164183000,11910000,780838000,125000,81339000,780838000,1160000,17227000,154632000,808989000,None,None,-108000,4411000,154632000,None,161789000,8360000,13190000,0,0,28151000,0,81703000,125000,0,81339000,0,None,None,None,2394000,None,None,None,11910000,None,None,None,82827000,985082000,154632000,None,12525617,USD,-42476000,-1290000,-41967000,-40943000,None,37484000,83481000,-1540000,4553000,1588000,6071000,-4248000,3545000,-1748000,-1813000,0,0,3511000,984000,None,None,1588000,25.15,28.75
13,2017-03-31,USD,21590000,19561000,8782000,21590000,2029000,1540000,0,0,2029000,0,19561000,None,2029000,3884000,2340000,None,None,None,0,0,0,489000,0,0,1540000,1540000,None,USD,944492000,1310000,None,2225000,781847000,162645000,13008000,739793000,126000,78562000,739793000,1160000,11416000,151456000,768839000,None,None,-111000,3406000,151456000,None,160175000,9107000,11039000,0,0,29046000,0,81703000,126000,0,78562000,0,None,None,None,2470000,None,None,None,13008000,None,None,None,84068000,944492000,151456000,None,12568004,USD,-42539000,11650000,-44008000,41221000,None,40262000,42436000,-5509000,1540000,13971000,17717000,-1493000,3147000,-1759000,-415000,0,0,2873000,254000,None,None,13971000,25.75,25.15
14,2016-12-31,USD,21262000,13533000,7620000,21262000,7729000,4815000,0,0,7729000,0,13533000,None,7729000,10288000,2174000,None,None,None,0,238000,0,2914000,0,0,4815000,4815000,None,USD,892158000,0,None,2201000,729869000,162289000,15117000,697357000,126000,78798000,697357000,0,10325000,123514000,714752000,None,None,-140000,3495000,128810000,812202000,162289000,9605000,5296000,0,0,17395000,0,83505000,126000,0,78798000,0,None,9408000,None,825105000,None,None,None,15117000,None,None,None,83505000,892158000,123514000,None,12572114,USD,-51737000,-1485000,-51738000,-88762000,None,18969000,109479000,-3244000,4815000,-15868000,16901000,6061000,2882000,-1658000,128000,0,0,4628000,219000,None,None,-15868000,20.9,25.75
15,2016-09-30,USD,20187000,12814000,7350000,20187000,7373000,4345000,0,0,7373000,0,12814000,None,7373000,-12871000,2072000,None,None,None,0,-187000,0,3028000,0,0,4345000,4345000,None,USD,869001000,0,None,1529000,710333000,158668000,14462000,676920000,126000,75657000,676920000,0,9725000,155250000,695871000,None,None,-7000,3624000,155250000,None,158668000,9107000,5415000,0,0,18951000,0,82892000,126000,0,75657000,0,None,None,None,None,None,None,None,14462000,None,None,None,82892000,869001000,155250000,None,12564761,USD,-35165000,-1739000,-34643000,27247000,None,24760000,4000,-224000,4345000,-1142000,8741000,457000,2640000,-1754000,19000,0,0,3038000,234000,None,None,-1142000,19.38,20.9
16,2016-06-30,USD,19694000,12474000,7367000,19694000,7220000,4468000,0,0,7220000,0,12474000,None,7220000,2668000,1891000,None,None,None,0,34000,0,2752000,0,0,4468000,4468000,None,USD,841791000,0,None,1848000,686106000,155685000,14951000,650429000,125000,73066000,650429000,0,9637000,157534000,671155000,None,None,-24000,3736000,157534000,None,155685000,9134000,5381000,0,0,20726000,0,82518000,125000,0,73066000,0,None,None,None,None,None,None,None,14951000,None,None,None,82518000,841791000,157534000,None,12539581,USD,-33659000,1050000,-33741000,38018000,None,36103000,-10000,2086000,4468000,13674000,11312000,1583000,2517000,-1748000,153000,0,0,1694000,392000,None,None,13674000,16.3,19.38
17,2016-03-31,USD,18675000,12699000,7752000,18675000,5976000,3651000,0,0,5976000,0,12699000,None,5976000,0,1726000,None,None,None,0,0,0,2325000,0,0,3651000,3651000,None,USD,801106000,0,None,1873000,648630000,152476000,16289000,612721000,125000,70346000,612721000,0,9517000,130186000,632341000,None,None,-51000,3687000,130186000,None,152476000,8725000,None,0,0,19620000,0,0,125000,0,70346000,0,None,None,None,None,None,None,None,16289000,None,None,None,82056000,801106000,130186000,None,12492310,USD,-22887000,1587000,-23548000,24294000,None,22645000,-80000,None,3651000,4964000,5867000,-5391000,2478000,-1747000,-309000,0,0,3542000,174000,None,None,4964000,14.31,16.3
18,2015-12-31,USD,18643000,14589000,6252000,18643000,4054000,2965000,0,0,4054000,0,14589000,None,4054000,218000,1643000,None,None,None,0,218000,0,1089000,0,0,2965000,2965000,None,USD,772984000,0,None,2120000,622846000,150138000,16849000,587940000,124000,68442000,587940000,0,9873000,120474000,605997000,None,None,-131000,3872000,120521000,696199000,150138000,7584000,47000,0,0,18057000,0,0,124000,0,68442000,0,None,12521000,None,712592000,None,None,None,16849000,None,None,None,81703000,772984000,120474000,None,12410899,USD,-26721000,-1010000,-26026000,-28588000,None,-22420000,37831000,-2597000,2965000,-45089000,3357000,-6408000,2425000,-27244000,-3501000,0,0,5385000,223000,None,None,-45089000,16.06,14.31
19,2015-09-30,USD,19228000,11449000,6407000,19228000,7779000,4797000,0,0,7779000,0,11449000,None,7779000,0,1467000,None,None,None,0,0,0,2982000,0,0,4797000,4797000,None,USD,790454000,0,None,1257000,639140000,151314000,15319000,579625000,126000,67213000,579625000,0,9549000,210436000,623821000,None,None,-29000,4003000,210436000,None,151314000,7757000,None,0,0,44196000,0,0,126000,0,67213000,0,None,None,None,None,None,None,None,15319000,None,None,None,84004000,790454000,210436000,None,12617269,USD,-20292000,711000,-19774000,26309000,None,20596000,6000,None,4797000,14478000,13656000,4044000,2322000,-1790000,-3055000,0,0,1782000,356000,None,None,14478000,15.39,16.06
