,fiscalDateEnding,reportedCurrency_x,totalRevenue,totalOperatingExpense,costOfRevenue,grossProfit,ebit,netIncome_x,researchAndDevelopment,effectOfAccountingCharges,incomeBeforeTax,minorityInterest,sellingGeneralAdministrative,otherNonOperatingIncome,operatingIncome,otherOperatingExpense,interestExpense,taxProvision,interestIncome,netInterestIncome,extraordinaryItems,nonRecurring,otherItems,incomeTaxExpense,totalOtherIncomeExpense,discontinuedOperations,netIncomeFromContinuingOperations,netIncomeApplicableToCommonShares,preferredStockAndOtherAdjustments,reportedCurrency_y,totalAssets,intangibleAssets,earningAssets,otherCurrentAssets,totalLiabilities,totalShareholderEquity,deferredLongTermLiabilities,otherCurrentLiabilities,commonStock,retainedEarnings,otherLiabilities,goodwill,otherAssets,cash,totalCurrentLiabilities,shortTermDebt,currentLongTermDebt,otherShareholderEquity,propertyPlantEquipment,totalCurrentAssets,longTermInvestments,netTangibleAssets,shortTermInvestments,netReceivables,longTermDebt,inventory,accountsPayable,totalPermanentEquity,additionalPaidInCapital,commonStockTotalEquity,preferredStockTotalEquity,retainedEarningsTotalEquity,treasuryStock,accumulatedAmortization,otherNonCurrrentAssets,deferredLongTermAssetCharges,totalNonCurrentAssets,capitalLeaseObligations,totalLongTermDebt,otherNonCurrentLiabilities,totalNonCurrentLiabilities,negativeGoodwill,warrants,preferredStockRedeemable,capitalSurplus,liabilitiesAndShareholderEquity,cashAndShortTermInvestments,accumulatedDepreciation,commonStockSharesOutstanding,reportedCurrency,investments,changeInLiabilities,cashflowFromInvestment,otherCashflowFromInvestment,netBorrowings,cashflowFromFinancing,otherCashflowFromFinancing,changeInOperatingActivities,netIncome_y,changeInCash,operatingCashflow,otherOperatingCashflow,depreciation,dividendPayout,stockSaleAndPurchase,changeInInventory,changeInAccountReceivables,changeInNetIncome,capitalExpenditures,changeInReceivables,changeInExchangeRate,changeInCashAndCashEquivalents,clossingVal,nextClossingVal
0,2020-03-31,USD,17902512,17916247,5311565,12590947,-5287949,-5588477,1842837,None,-6043477,None,16073410,37351,-5325300,None,755528,-455000,37785,-717743,None,None,None,-455000,-434,None,-5588477,-5588477,None,USD,208858802,22488900,None,2026315,54261623,154597179,None,342658,1736,-30773858,518984,108570750,166237,39725456,14131251,1250000,1250000,None,7160952,69371963,None,23537529,None,14703450,38845761,12916742,12538593,None,None,1736,None,-30773858,None,None,1266237,None,139486839,1108285,38845761,765627,518984,None,None,None,185369301,208858802,39725456,None,17361685,USD,-126309,471146,-126309,-32801,1250000,33334750,-2497644,168748,-5588480,25321613,-7886828,-470781,1021187,None,32084750,-3327148,-1221304,689213,93508,-681965,None,25321613,9.42,
1,2019-12-31,USD,19721986,18037729,5945108,13776878,-4255938,-5088973,1087449,None,-5088973,None,16950280,4913,-4260851,None,833035,0,5293,-827742,None,None,None,None,-380,None,-5088973,-5088973,None,USD,179187902,20800938,None,1655724,51569197,127618705,None,418163,1549,-25185379,472388,110534259,421743,14403843,11440206,None,None,None,6047483,40183479,None,-3716492,None,12938009,38845761,11185903,11022043,None,None,1549,None,-25185379,None,None,1621743,None,139004423,1229005,38845761,810842,472388,None,None,None,152802535,179187902,14403843,None,15491560,USD,-143712,-1424286,-143712,-44744,9930943,9761004,-1334187,-195390,-5088973,1543265,-8074027,448983,965876,None,-169939,-3485049,-210857,404652,98968,104770,None,1543265,18.61,9.42
2,2019-09-30,USD,11145922,10179800,3236647,7909275,-2252411,1796492,771411,None,-2288508,None,9408389,18114,-2270525,None,36097,-4085000,18877,-17220,None,None,None,-4085000,-763,None,1796492,1796492,None,USD,175403046,21174010,None,111787486,44189431,131213615,None,448158,1535,-20096405,401000,110787776,1329775,12860578,13865368,None,None,None,5316691,35494794,None,110039605,None,12727152,29050722,8907354,13417210,None,None,1535,None,-20096405,None,None,2629775,None,29120476,1320499,29050722,872341,401000,None,None,None,151308485,175403046,12860578,None,15353185,USD,5386073,415588,5386073,5498452,4999117,4982748,-27205,-208738,1796492,5018175,-5350646,-4055800,460296,None,-16369,-2188560,-1885808,345084,112379,-2123746,None,5018175,20.1,18.61
3,2019-06-30,USD,19310874,9126111,2968146,6786138,-2317250,-2345797,897501,None,-2317250,None,8228610,22723,-2339973,None,-36097,28547,30148,30148,None,None,None,28547,-7426,None,-2345797,-2345797,None,USD,29951299,1700021,None,2536138,8247250,21704049,539000,None,96468,-21892897,401000,1701094,1499000,7842403,7846250,None,None,None,4198721,21391463,None,20004028,None,5360454,None,7353562,7846250,None,None,96468,None,-21892897,None,None,960000,None,6858742,None,None,401000,401000,None,None,None,43500478,29951299,7842403,None,9646728,USD,-130237,1460570,-130237,-34937,4999117,42357,-27205,81329,-2345799,-1169817,-1081937,77334,483565,None,42357,-1177956,-18678,439027,95300,-18678,None,-1169817,25.42,20.1
4,2019-03-31,USD,9556590,8353703,2801571,6755019,-1589681,-1589681,1426483,None,-1589681,None,6927220,9003,-1598684,-9556590,-36097,0,22650,22653,None,None,None,None,-13650,None,-1589681,-1589681,None,USD,29812202,1213463,None,2565546,6251675,23560527,None,3995,96411,-19547098,401000,1701090,960000,9012220,5850675,None,None,None,4394548,21543097,None,22347064,None,5333839,None,6332586,5846680,None,None,96411,None,-19547098,None,None,960000,None,6568011,None,None,401000,401000,None,None,None,43011214,29812202,9012220,None,9641103,USD,-156142,-9719,-156142,-52807,4999117,483835,-27205,-237917,-1589681,-1161066,-1488759,-247225,413071,None,483835,-815253,355846,404202,103335,355846,None,-1161066,19.23,25.42
5,2018-12-31,USD,10176453,7987046,3048079,7128374,-840333,-840333,839219,None,-840333,None,7147827,18339,-858672,None,-36097,None,None,None,None,None,None,0,18339,None,-840333,-840333,None,USD,30545176,1214359,None,601752,6263392,24281784,None,5993,95842,-17957417,401000,1701094,960000,10173286,5862392,None,None,None,4473859,22195864,None,21366331,None,5709298,None,5711528,5856399,None,None,95842,None,-17957417,None,None,960000,None,8349312,None,None,None,401000,None,None,None,42143359,30545176,10173286,None,9584178,USD,None,1829792,-222710,-25025,4999117,451590,-27205,-1740,-840331,850475,621595,-9050,400547,None,451590,-1085424,-224027,550088,197685,-224027,None,850475,16.01,19.23
6,2018-09-30,USD,9361164,9223155,2750543,6610621,-2610986,-2610986,1304766,None,-2610986,None,7918389,1548,-2612534,None,0,None,None,None,None,None,None,0,-148452,None,-2610986,-2610986,None,USD,28611347,1241681,None,583314,4440910,24170437,13303,401000,94822,-17117086,13303,1701094,960000,9322811,4427607,None,None,None,4346826,20361746,None,21227662,0,5535271,0,4920350,4427607,0,0,94822,0,-17117086,0,None,960000,None,8249601,None,None,None,13303,None,None,None,41192701,28611347,9322811,None,9481251,USD,None,-178663,-337586,-50080,None,415747,None,77615,-2610986,-1656644,-1734805,77615,366588,0,415747,-104135,-289722,1004498,287506,-289722,None,-1656644,18.5,16.01
7,2018-06-30,USD,-15413451,7950570,2519824,6116302,-1800445,-1782552,1335776,0,-1800445,0,6614794,33823,-1834268,-24240694,0,None,None,None,0,0,0,173224,-700000,191117,-1973669,-1782552,None,USD,29020751,1274742,None,2312741,4619573,24401178,13303,414303,94305,-15466100,13303,1701094,2976000,10979455,4606270,None,None,None,4188378,21856537,None,23126436,0,5245549,0,5019886,4606270,0,0,94305,0,-15466100,0,None,None,None,5463120,None,None,None,13303,None,None,None,39772973,29020751,10979455,None,9430466,USD,None,440417,128961,146367,None,107845,None,77615,-1781635,-1330176,-1566982,158183,380714,0,107845,-215609,-289722,273108,17406,-822160,None,-1330176,12.4,18.5
8,2018-03-31,USD,12439132,7572402,2631893,9807239,2239115,2239115,1199895,0,2239115,0,6372507,4278,2234837,-12439132,0,None,None,None,0,0,0,1000,-95722,0,2239115,2239115,None,USD,29713954,1179170,None,861369,4186793,25527161,20940,475192,94025,-13684465,20940,1701094,2880000,12309631,4165853,None,None,None,4019410,22814280,None,22646897,0,4478779,0,5164501,4165853,0,0,94025,0,-13684465,0,None,None,None,6899674,None,None,None,20940,None,None,None,39117601,29713954,12309631,None,9402466,USD,None,638728,-302575,-62459,None,3671,None,-703877,2238198,207201,506105,-2853607,369219,0,3671,-355386,-152400,621353,240116,-152400,None,207201,10.15,12.4
9,2017-12-31,USD,8323845,7257579,2465826,5858019,-1332352,-6856774,957204,0,-1332352,0,6300375,67208,-1399560,0,0,None,None,None,0,0,0,5524422,-874883,0,-6856774,-6856774,None,USD,28371960,977296,None,328621,5697795,22674165,2170670,1216000,94007,-15922663,2171000,1701094,2678000,12102430,3527125,None,None,None,3887265,21806305,None,19995775,0,4326379,0,5048875,3527125,0,0,94007,0,-15922663,0,None,None,None,6565655,None,None,None,2170670,None,None,None,38502821,28371960,12102430,None,9400666,USD,None,-394908,-64544,-31776,None,168350,None,194452,-8068998,1574389,1470583,3561341,350872,0,168350,-189921,807000,6385065,32768,-172868,None,1574389,9.45,10.15
10,2017-09-30,USD,7280723,7045118,2177355,5103368,-1493224,-1212224,901274,0,-1493224,0,6143844,448526,-1941750,7200000,0,None,None,None,0,0,0,-281000,942091,0,-1212224,-1212224,None,USD,32456026,995861,None,2205747,3938038,28517988,16005,1816000,93657,-9065889,16000,1701000,8222000,10528041,3922033,None,None,None,3842419,20392230,None,27522127,0,4153511,0,5206025,3922033,0,0,93657,0,-9065889,0,None,None,5524422,10362702,None,None,None,16005,None,None,None,37490220,32456026,10528041,None,9365666,USD,None,-1285333,-111532,-26403,None,56202,None,416438,-521883,-1029030,-973700,-802222,326420,0,56202,-649440,980000,456997,85129,979878,None,-1029030,10.15,9.45
11,2017-06-30,USD,8051820,7566417,2374661,5515534,-1146240,-398668,439186,0,-1146240,0,7127231,904643,-2050883,0,0,None,None,None,0,0,0,-1297808,1055868,809069,151568,-398668,None,USD,33369649,1002012,None,2619993,5229807,28139842,22441,3346000,93572,-8762540,23000,1701000,7038000,11557071,5207366,None,None,None,3730203,22601793,None,27137830,0,5133389,0,4992434,5207366,0,0,93572,0,-8762540,0,None,None,4334547,9066762,None,None,None,22441,None,None,None,36808810,33369649,11557071,None,9357166,USD,None,1917000,-553190,161625,None,4334000,None,-404608,-1681179,2507744,-1272658,None,1066844,0,0,-873136,-1263962,-33849,490000,None,None,None,9.55,10.15
12,2017-03-31,USD,7177763,6538684,2112099,5065664,-526707,-145846,465863,0,-526707,0,6072821,946313,-1473020,0,0,None,None,None,0,0,0,219000,-86200,-809305,-745707,-145846,None,USD,31493495,1010411,None,2365343,3455063,28038432,27068,1994000,91622,-8363872,27000,1701000,6293000,11856503,3427995,None,None,None,3413116,21787323,None,27028021,0,4357156,0,4909415,3427995,0,0,91622,0,-8363872,-1099352,None,None,3581551,8005078,None,None,None,27068,None,None,None,37410034,31493495,11856503,None,9023354,USD,None,138000,-482102,0,None,4303000,None,-356945,-679244,-909617,-1100804,None,0,0,0,2623620,-379689,249614,239000,None,None,None,11.8,9.55
13,2016-12-31,USD,6030380,5798917,1818672,4211708,-644782,-614782,440364,0,-644782,0,5358553,942427,-1587209,0,0,None,None,None,0,0,0,30000,-951362,161861,-674782,-614782,None,USD,31177938,1012787,None,2003318,3688601,27489337,17073,2270000,91322,-8218026,17000,1701000,6168000,12766120,3671528,None,None,None,3184334,21825033,None,26476550,0,3770168,0,4986521,3671528,0,0,91322,0,-8218026,-1099352,None,None,3454690,7651811,None,None,None,17073,None,None,None,36715393,31177938,12766120,None,8993354,USD,None,377000,-374489,0,None,4141000,None,149253,174584,4165299,160740,None,0,0,0,1848313,99000,260737,168000,None,None,None,10.45,11.8
14,2016-09-30,USD,6171625,5749592,1912007,4259618,-547883,-521883,492084,0,-547883,0,5257508,942091,-1489974,0,0,None,None,None,0,0,0,26000,982168,0,-573883,-521883,None,USD,27046227,950174,None,2170612,3392939,23653288,36320,2161000,79482,-7603244,36000,1701000,6074000,8600821,3356619,None,None,None,2883301,18088968,None,22703114,0,3841068,0,5177561,3356619,0,0,79482,0,-7603244,-1099352,None,None,3422690,7256165,None,None,None,36320,None,None,None,32276402,27046227,8600821,None,7809385,USD,None,64485,-193075,-84121,None,136056,None,None,-521883,-448506,-255431,35642,226012,0,0,164073,28000,-252119,108954,28359,None,-448506,5.35,10.45
15,2016-06-30,USD,6388638,6015237,2046736,4349971,-691028,-447746,435247,0,-691028,0,5579990,974238,-1665266,0,0,None,None,None,0,0,0,-251351,3826960,156931,-439677,-447746,None,USD,27732371,871519,None,2231658,3331081,24401290,40947,1887000,79482,-7081361,41000,1701000,5967000,9049327,3290134,None,None,None,2492815,19272253,None,23529771,0,3869427,0,5822935,3290134,0,0,79482,0,-7081361,-1099352,None,None,3394690,6759024,None,None,None,40947,None,None,None,32502521,27732371,9049327,None,7809385,USD,None,510110,-122458,-69259,None,38200,None,-186211,-1172146,700306,784564,-350318,380108,0,38200,-199684,642000,182217,61268,262131,None,692237,5.17,5.35
16,2016-03-31,USD,5591147,5392133,1850838,3575309,-859244,-679244,493776,0,-859244,0,4898357,957580,-1816824,0,0,None,None,None,0,0,0,-15000,0,0,-844244,-679244,None,USD,27183979,2269000,None,3161943,2827622,24356357,16314,1269000,79282,-6633615,16000,1701000,5674000,8357090,2811308,None,None,None,2501683,19008007,None,24356357,0,4101558,0,5909277,2811308,0,0,79282,0,-6633615,-1099352,None,None,None,3152428,None,None,None,16314,None,None,None,32010042,27183979,8357090,None,7789385,USD,None,-38978,-107613,139663,None,3492,None,None,0,-1365665,-1261544,-1190410,368444,0,3492,-775307,380000,397172,82276,-22465,None,-1200665,6.08,5.17
17,2015-12-31,USD,6039355,5072644,1944101,4095254,35584,174584,347949,0,35584,0,4724695,1012974,-977390,0,0,None,None,None,0,0,0,-139000,0,0,174584,174584,None,USD,27450221,2266000,None,2811214,2864284,24585937,31603,1320000,79276,-5954371,31000,1701000,5588000,9557755,2832681,None,None,None,2488751,19373182,None,24585937,0,4079093,0,5409980,2832681,0,0,79276,0,-5954371,-1099352,None,None,None,3103428,None,None,None,31603,None,None,None,31560384,27450221,9557755,None,7788785,USD,None,496311,-267995,-24908,None,11699,None,None,175000,-187726,68570,160284,446111,0,11699,-1013733,402000,366250,243087,-386653,None,-187726,9.4,6.08
18,2015-09-30,USD,5250985,4851328,1769565,3481420,-387740,-219740,393375,0,-387740,0,4457953,982168,-1369908,0,0,None,None,None,0,0,0,-168000,0,0,-219740,-219740,None,USD,26348055,2354000,None,2882920,2376651,23971404,14989,1219000,78889,-6128955,15000,1701000,3311000,9745481,2361662,None,None,None,2163567,20873044,None,23971404,0,5978149,0,4811226,2361662,0,0,78889,0,-6128955,-946260,None,None,None,766712,None,None,None,14989,None,None,None,30967730,26348055,9745481,None,7763902,USD,None,-336561,-106494,-21296,None,136056,None,None,0,121732,92170,-134548,457309,0,136056,-834580,789000,151743,85198,788807,None,121732,10.73,9.4
19,2015-06-30,USD,6754716,11940962,5428847,4492799,2126385,3832437,1298440,0,984113,0,9396444,2168638,-42253,0,0,None,None,None,0,0,0,-2812151,4234363,2189,3796264,3832437,None,USD,26454248,2486000,None,3870773,2699903,23754345,20395,1461000,78691,-5909215,20000,1701000,3429000,9623749,2679508,None,None,None,2056600,20968437,None,23754345,0,6599963,0,4303163,2679508,0,0,78691,0,-5909215,-946260,None,None,None,2056600,None,None,None,20395,None,None,None,30531129,26454248,9623749,None,7744113,USD,None,291063,-138055,-9515,None,167663,None,-129828,3832000,707005,677397,3923780,436896,0,167663,-462959,-712095,-2545810,123260,-963384,None,714474,9.5,10.73
