,fiscalDateEnding,reportedCurrency_x,totalRevenue,totalOperatingExpense,costOfRevenue,grossProfit,ebit,netIncome_x,researchAndDevelopment,effectOfAccountingCharges,incomeBeforeTax,minorityInterest,sellingGeneralAdministrative,otherNonOperatingIncome,operatingIncome,otherOperatingExpense,interestExpense,taxProvision,interestIncome,netInterestIncome,extraordinaryItems,nonRecurring,otherItems,incomeTaxExpense,totalOtherIncomeExpense,discontinuedOperations,netIncomeFromContinuingOperations,netIncomeApplicableToCommonShares,preferredStockAndOtherAdjustments,reportedCurrency_y,totalAssets,intangibleAssets,earningAssets,otherCurrentAssets,totalLiabilities,totalShareholderEquity,deferredLongTermLiabilities,otherCurrentLiabilities,commonStock,retainedEarnings,otherLiabilities,goodwill,otherAssets,cash,totalCurrentLiabilities,shortTermDebt,currentLongTermDebt,otherShareholderEquity,propertyPlantEquipment,totalCurrentAssets,longTermInvestments,netTangibleAssets,shortTermInvestments,netReceivables,longTermDebt,inventory,accountsPayable,totalPermanentEquity,additionalPaidInCapital,commonStockTotalEquity,preferredStockTotalEquity,retainedEarningsTotalEquity,treasuryStock,accumulatedAmortization,otherNonCurrrentAssets,deferredLongTermAssetCharges,totalNonCurrentAssets,capitalLeaseObligations,totalLongTermDebt,otherNonCurrentLiabilities,totalNonCurrentLiabilities,negativeGoodwill,warrants,preferredStockRedeemable,capitalSurplus,liabilitiesAndShareholderEquity,cashAndShortTermInvestments,accumulatedDepreciation,commonStockSharesOutstanding,reportedCurrency,investments,changeInLiabilities,cashflowFromInvestment,otherCashflowFromInvestment,netBorrowings,cashflowFromFinancing,otherCashflowFromFinancing,changeInOperatingActivities,netIncome_y,changeInCash,operatingCashflow,otherOperatingCashflow,depreciation,dividendPayout,stockSaleAndPurchase,changeInInventory,changeInAccountReceivables,changeInNetIncome,capitalExpenditures,changeInReceivables,changeInExchangeRate,changeInCashAndCashEquivalents,clossingVal,nextClossingVal
0,2020-06-30,USD,19578790,24125816,12556674,7022116,-1243343,-4792505,2146325,None,-4866843,None,7017902,None,-4547026,None,146236,-74338,3924,-142312,None,None,None,-74338,-177505,None,-4792505,-8069422,None,USD,125914722,31793037,None,13200,46548103,79366619,836000,1000000,13196,-32369820,862106,49708210,1225181,12532436,28289167,None,128891,-1417273,12188823,30999471,None,-2138989,None,11205854,9804294,309530,9075637,None,None,None,None,None,None,None,1225181,None,94915251,12282326,None,None,18258936,None,None,None,None,None,None,None,None,USD,-13121459,-1131706,-13121459,None,-46472,16248922,None,-414024,-4792505,4137115,954694,None,3477264,-2490285,None,176584,1906028,2111756,1257735,None,None,None,8.29,
1,2020-03-31,USD,21867169,24704371,13566730,21867169,-2354302,-2501770,2333126,None,-2471847,None,20740808,482900,-2837202,1332786,117545,29923,37757,-79788,None,297651,None,29923,147492,None,-2501770,-5144686,2642916,USD,89832645,17337093,None,5195639,32635686,57196959,259512,3898516,13108,-27577315,455301,38351775,860277,8395321,18177371,183152,183152,-1433300,3447181,23405685,None,1504763,None,9328611,9794770,486114,14095703,None,None,13108,3328,-27577315,-662000,None,7290911,None,66426960,7032973,9794770,4404033,14458315,None,None,None,86853138,89832645,8395321,None,12367293,USD,-14033196,-4460727,-14033196,-13493992,9610749,6809586,-819761,-109720,-2501770,-11107024,-3883414,-160097,2354671,-1981402,None,4974,-302448,1181983,539204,-302448,None,-11107024,5.5,8.29
2,2019-12-31,USD,15757556,14893877,9406460,15757556,521187,332407,221958,None,423397,None,13990743,-342492,863679,598495,97790,90990,59032,-38758,None,82681,None,90990,-484205,None,332407,-1471508,1803915,USD,56403465,5977225,None,3508370,13565140,42838325,244512,1709049,12979,-25075545,263257,12633696,356578,19994134,11177836,283675,283675,-843014,2907516,31002135,None,24224865,None,7008543,83275,491088,9185112,None,None,12979,2539,-25075545,-662000,None,3882893,None,25401330,3729544,83275,2059517,2387304,None,None,None,69403366,56403465,19994134,None,12237686,USD,-1231509,-673831,-1231509,-1600000,-140280,3961008,-121096,-421265,332407,5593685,2864186,-104131,1177462,-1644652,5867036,-115788,891621,1356446,1231509,891621,None,5593685,4.06,5.5
3,2019-09-30,USD,16851328,16181907,10535629,16851328,38351,-137544,175758,None,-50574,None,15055607,-631070,669421,814210,88925,86970,57272,-31653,None,136332,None,86970,-545109,None,-137544,-1740377,1602833,USD,51557681,6165273,None,3788809,14140952,37416729,44000,1978503,12953,-25407952,215239,12633696,392642,13987197,11303090,383691,383691,-1272294,2039777,26064584,None,18615452,None,7913278,121511,375300,9139827,None,None,12953,2308,-25407952,-662000,None,4654351,None,25493097,4463176,121511,2517420,2638931,None,None,None,64743714,51557681,13987197,None,12212323,USD,-422430,137820,-422430,-1600000,-108707,1719201,-388185,-679548,-137544,2737643,1440872,-903908,1450017,-1503013,3719106,27270,-394392,1261609,422430,-394392,None,2737643,3.78,4.06
4,2019-06-30,USD,16749499,17977275,11396395,16749499,-615058,-770972,218408,None,-715620,None,16922706,612718,-1227776,836161,100562,55352,67497,-33065,None,None,None,55352,545221,None,-770972,-2257678,1486706,USD,48279807,6507149,None,3317099,13870604,34409203,60000,2372820,12769,-25270408,167526,12633696,412101,10583026,10667972,152830,152830,-1974286,2031246,21834835,None,15266196,None,7532140,158874,402570,8291488,None,None,12769,2162,-25270408,-662000,None,5272881,None,26444972,4953262,158874,2894592,3053466,None,None,None,62300966,48279807,10583026,None,12000000,USD,-1993282,-71483,-1993282,-1600000,-96828,-1671737,-88202,567834,-770972,-1289599,2375420,583662,1541865,-1486707,None,-38351,748842,381857,393282,748842,None,-1503463,5.05,3.78
5,2019-03-31,USD,15080211,15318208,9847540,15080211,-240827,-295691,254656,None,-336223,None,14306812,-2830,-237997,756740,95396,-40530,-17200,-17196,None,None,None,-40532,-16827,None,-295691,-1788391,1492700,USD,49301608,6083516,None,3263434,12287015,37014593,77000,2009803,12751,-24499436,128029,12593795,469070,12526647,9474559,185944,185944,-1211723,2148604,23975367,None,18335120,None,7821067,201574,364219,7387626,None,None,12751,2162,-24499436,-662000,None,4500326,None,25326241,4163917,201574,2502068,2703642,None,None,None,63372839,49301608,12526647,None,12009742,USD,-510938,-764745,-510938,None,-84629,-2586271,-1026927,3634,-295691,-2159700,937509,252216,1287194,-1474715,None,80218,-480992,859309,510938,-480992,213864,-1945836,4.41,5.05
6,2018-12-31,USD,16510993,17378911,10311000,16510993,-483808,-576343,260992,0,-581856,0,16236657,384110,-867918,881262,98048,-5510,None,None,0,0,0,-5513,281044,0,-576343,-2320067,1743724,USD,47623361,6634003,None,3800076,8753007,38870354,93000,831810,12571,-24203745,372661,12593795,489703,14472483,8157946,277776,277776,-1421068,1832187,26073673,None,19640420,None,7356677,222400,444437,7402072,None,None,12571,2136,-24203745,-662000,None,489703,None,21549688,None,222400,18949,241349,None,None,None,65142460,47623361,14472483,None,11829758,USD,None,-227577,-285134,-12600000,-134741,11879897,-116800,273216,-576343,13658735,2063972,-642267,946393,-1331218,13462656,-286017,637486,1045513,285134,577614,-445826,13212909,3.8,4.41
7,2018-09-30,USD,17044526,18828002,12123907,17044526,-1977653,-1832453,263717,0,-2082525,0,17742187,-194177,-1783476,822098,104872,None,None,None,0,0,0,-250072,-324522,0,-1832453,-2888667,1056214,USD,36061442,7180153,None,3592613,8794869,27266573,108000,935399,12571,-23627402,435668,12681055,553338,1259574,8094347,375503,375503,-976442,1869513,13777383,None,7403829,0,8469060,264854,456136,7219113,0,0,12571,1536,-23627402,-662000,None,553338,None,22284059,None,264854,None,264854,None,None,None,52518310,36061442,1259574,None,11829758,USD,None,2592521,-11966685,-11600000,-189941,-1427406,-121162,66774,-1832453,-10613194,2780897,531244,885995,-1056213,-60090,148858,108006,1108912,366685,572476,150149,-10463045,5.2,3.8
8,2018-06-30,USD,8682937,8610482,4333573,8682937,320983,195280,248921,0,246816,0,7801865,248528,72455,559696,74167,None,None,None,0,0,0,51536,-308669,0,195280,-1053437,1248717,USD,34364697,1702240,None,3399944,5248833,29115864,113000,963518,12406,-21794949,733752,12263943,424725,11722619,4374468,81295,81295,-1151474,1388173,18585616,None,15148145,0,3463053,140613,0,4063407,0,0,12406,1536,-21794949,-662000,None,424725,None,15779081,None,140613,None,140613,None,None,None,52710345,34364697,11722619,None,11665174,USD,None,18871,-1202188,-1000000,-46924,8318083,-90030,-136326,195280,8410119,1294224,-136326,620995,-959963,9415000,-148858,305259,290145,202188,305259,-228570,8181549,3.87,5.2
9,2018-03-31,USD,8307325,8268203,4484055,8307325,195781,75036,255880,0,121700,0,7421552,156659,39122,590771,74081,None,None,None,0,0,0,46664,50829,0,75036,-700296,775332,USD,25619797,2091878,None,2111153,4942858,20676939,105000,1038577,12406,-21990229,818601,12263943,469916,3541070,4017349,89635,89635,-924216,1339675,9454385,None,6320002,0,3802162,106908,0,3707738,0,0,12406,1116,-21990229,-662000,None,469916,None,16165412,None,106908,None,106908,None,None,None,44239862,25619797,3541070,None,11665174,USD,None,-234155,-174242,0,-92561,-1114037,-266460,44683,75036,-614898,673381,44683,651548,-755016,0,-148858,23948,112321,174242,23948,-206264,-821162,3.33,3.87
10,2017-12-31,USD,8293000,38881586,4088000,14131565,-346663,-5364756,239000,0,-5304111,0,3843000,None,-3865688,3436302,81000,None,None,None,0,-551256,0,2805,-1432242,0,-1542011,-3595497,None,USD,25525663,2509544,None,662822,5275243,20250420,28615,1109744,12272,-23509386,461000,12263943,15210000,4362232,4322015,168718,168718,-721070,1385743,8929720,None,5475846,0,3904666,120899,0,3875882,0,0,12272,1087,-23509386,-662000,None,436713,None,16595943,None,120899,None,120899,None,None,None,45129517,25525663,4362232,None,11530591,USD,None,-1541430,-902211,0,-14719520,1843000,-262583,511917,-5565156,885352,282000,None,4299943,-1486000,0,0,42000,2534623,697000,None,None,None,2.61,3.33
11,2017-09-30,USD,7513592,7788548,4171000,7513592,-237016,-980119,249045,0,-915119,0,6875062,37940,-274956,664441,678103,None,None,None,0,1653768,0,65000,0,0,-980119,-1632816,652697,USD,23947641,2997211,None,758785,7377166,16570475,30001,1202262,12272,-23325897,532000,12263943,15414000,2789382,6195855,2246603,246603,-440821,1424732,7109043,None,1308392,0,3560876,137550,0,3790751,0,0,12272,929,-23325897,-662000,None,152712,None,16838598,None,137550,None,137550,None,None,None,40985992,23947641,2789382,None,11530591,USD,None,-1001962,-359773,-205000,-3338582,-1990525,-5046489,77083,-980119,-2969050,-618752,77083,1202569,-435998,6830544,0,438000,177033,154773,-93356,-52054,-3021104,1.47,2.61
12,2017-06-30,USD,7784750,9167749,4198000,7784750,-1341429,-1693603,313400,0,-1626573,0,7401204,41570,-1382999,1453145,285144,None,None,None,0,-1102512,0,67030,0,0,-1693603,-2121478,427875,USD,26925624,3330399,None,529412,15642804,11282820,29158,1255424,12192,-22345778,661000,12178868,15602000,5810486,13922559,9282553,9886035,-406941,1478780,9844473,None,-4227061,0,3504575,603482,0,4501345,0,0,12192,614,-22345778,-662000,None,93104,None,17081151,None,603482,None,603482,None,None,None,34684733,26925624,5810486,None,11451427,USD,None,-411649,-133098,0,-3522715,4508647,-205376,-56434,-1693603,4554113,178564,-56434,1532196,-208248,8444986,0,531000,525524,133098,282530,6523,4560636,1.42,1.47
13,2017-03-31,USD,8220074,10629744,5223000,8220074,-2368218,-2707945,280849,0,-2647643,0,8553722,41452,-2409670,1519545,279425,None,None,None,0,275628,0,60302,0,0,-2707945,-2910524,202579,USD,24372259,4569773,None,531186,20139826,4232433,27027,1426595,10916,-20652175,831000,12178868,17133000,1249850,15337022,9766638,9766638,-418752,1526952,5712009,None,-12516503,0,3930973,3572072,0,5374521,0,0,10916,295,-20652175,-662000,None,384657,None,18660250,None,3572072,None,3572072,None,None,None,25954149,24372259,1249850,None,10174886,USD,None,-326837,-212117,0,-764791,-1117237,-23650,86883,-2707945,-2196803,-867449,86883,1575364,-202579,-126217,0,248000,256703,212117,248383,-30227,-2227030,0.68,1.42
14,2016-12-31,USD,8829000,32633911,6124000,11076816,-8140468,-9050774,327000,0,-8795499,0,4630000,None,-8364504,5108035,196000,None,None,None,0,275628,0,70000,-459453,0,-8796723,-9549248,None,USD,28323706,5833706,None,618501,21256875,7066831,36082,1492511,10793,-17944230,854000,12178868,18296000,3476880,15857562,9848126,7848126,-376090,1588937,8439482,None,-10946038,0,4344101,4199852,0,5716386,0,0,10793,295,-17944230,-662000,None,282713,None,19884224,None,4199852,None,4199852,None,None,None,26038063,28323706,3476880,None,10051553,USD,None,1087548,-3833482,0,519059,157000,-376954,323117,-8796723,-4562682,-889342,None,5108035,-709000,0,0,-456468,1845149,463000,None,None,None,0.725,0.68
15,2016-09-30,USD,5341002,6610856,2670000,5341002,-1272869,-1494705,174876,0,-1449396,0,5317698,-3015,-1269854,1118282,176527,None,None,None,0,0,0,45309,0,0,-1494705,-1726178,231473,USD,24832214,3929856,None,658117,13766196,11066018,36082,1668315,10789,-13920103,1016000,9473765,13501000,7110495,7657773,5046743,None,-386674,1401099,9930347,None,-2337898,0,2161735,4806826,0,2244312,0,0,10789,295,-13920103,-663785,None,97147,None,14901867,None,4806826,None,4806826,None,None,None,26025496,24832214,7110495,None,10046745,USD,None,133784,-127461,0,-115664,783673,-153799,None,-1494705,487189,-169023,74830,1173376,-188131,1241267,0,-532314,77950,127461,-134258,4385,491574,0.94,0.725
16,2016-06-30,USD,5212836,6283269,2321000,5212836,-1087560,-1294305,209396,0,-1256156,0,4868726,-17127,-1070433,1205147,168596,None,None,None,0,0,0,38149,0,0,-1294305,-1453541,159236,USD,24973652,4660520,None,452798,13623825,11349827,36082,1745640,10735,-12425398,959000,9430994,14274000,6618921,6905853,4221118,None,-388163,1446953,9252609,None,-2741919,0,2180890,5514013,0,2143054,0,0,10735,232,-12425398,-668176,None,182576,None,15721043,None,5514013,None,5514013,None,None,None,24820597,24973652,6618921,None,9988615,USD,None,-16698,-264763,-175000,-200561,-548964,None,None,-1294305,-735305,78422,79643,1253339,-159236,-189167,0,-301567,-154862,89763,211305,-12876,-748181,0.88,0.94
17,2016-03-31,USD,5109849,6914301,2301000,5109849,-1799448,-1983586,190786,0,-1940806,0,5510005,5004,-1804452,1213510,141358,None,None,None,0,0,0,42780,0,0,-1983586,-2142822,159236,USD,26901697,5440035,None,547376,14083229,12818468,0,2139110,10671,-11131093,1043000,9515994,15102000,7367102,6764556,3721344,None,-379433,1432824,10366824,None,-2137793,0,2452346,6067222,0,2155553,0,0,10671,232,-11131093,-549154,None,146020,None,16534873,None,6067222,None,6067222,None,None,None,24867245,26901697,7367102,None,10050718,USD,None,47238,-1352646,-1250000,1670364,1064005,None,None,-1983586,-692268,-403627,30882,1255263,-159236,-447123,0,0,484146,102646,-237570,19808,-672460,1.02,0.88
18,2015-12-31,USD,5363000,29174479,2358000,11449780,-6094629,-4687378,170000,0,-4549592,0,2824000,None,-6094629,4598610,127000,None,None,None,0,275628,0,173000,1545037,0,-4687378,-4894385,None,USD,26676898,5379404,None,621492,11784948,14891950,0,1810685,10346,-9147507,953000,8971994,14419000,8039562,5758138,3082023,1082023,-398979,1372283,10886233,None,540320,0,2225179,4902923,0,1989317,0,0,10346,232,-9147507,-122031,None,66984,None,15790665,None,4902923,None,4902923,None,None,None,24549889,26676898,8039562,None,10244013,USD,None,-1689662,-602423,0,4993612,9503000,-376954,233144,-4687378,6990902,-1882781,None,4598610,-48000,0,0,520000,-857616,421000,None,None,None,1.2,1.02
19,2015-09-30,USD,5612715,6890234,2812000,5612715,-1209766,-1233327,159141,0,-1285378,0,5593830,67753,-1277519,1137263,75612,None,None,None,0,0,0,-52051,0,0,-1233327,-1233327,None,USD,21581575,5978684,None,742686,10999575,10582000,538361,2142848,9775,-8346742,991000,8980252,15369000,1613242,6546961,2291005,None,-364357,1447687,4765350,None,-4376936,0,2409422,3461746,0,2113108,0,0,9775,0,-8346742,0,None,409602,None,16816225,None,3461746,452507,4452614,None,None,None,19283324,21581575,1613242,None,9775223,USD,None,-404662,-186711,-61204,1886303,1644121,None,None,-1233325,1011458,-445952,22389,1148930,0,-242182,0,532000,-210031,125507,230747,-30248,981210,1.81,1.2
