,fiscalDateEnding,reportedCurrency_x,totalRevenue,totalOperatingExpense,costOfRevenue,grossProfit,ebit,netIncome_x,researchAndDevelopment,effectOfAccountingCharges,incomeBeforeTax,minorityInterest,sellingGeneralAdministrative,otherNonOperatingIncome,operatingIncome,otherOperatingExpense,interestExpense,taxProvision,interestIncome,netInterestIncome,extraordinaryItems,nonRecurring,otherItems,incomeTaxExpense,totalOtherIncomeExpense,discontinuedOperations,netIncomeFromContinuingOperations,netIncomeApplicableToCommonShares,preferredStockAndOtherAdjustments,reportedCurrency_y,totalAssets,intangibleAssets,earningAssets,otherCurrentAssets,totalLiabilities,totalShareholderEquity,deferredLongTermLiabilities,otherCurrentLiabilities,commonStock,retainedEarnings,otherLiabilities,goodwill,otherAssets,cash,totalCurrentLiabilities,shortTermDebt,currentLongTermDebt,otherShareholderEquity,propertyPlantEquipment,totalCurrentAssets,longTermInvestments,netTangibleAssets,shortTermInvestments,netReceivables,longTermDebt,inventory,accountsPayable,totalPermanentEquity,additionalPaidInCapital,commonStockTotalEquity,preferredStockTotalEquity,retainedEarningsTotalEquity,treasuryStock,accumulatedAmortization,otherNonCurrrentAssets,deferredLongTermAssetCharges,totalNonCurrentAssets,capitalLeaseObligations,totalLongTermDebt,otherNonCurrentLiabilities,totalNonCurrentLiabilities,negativeGoodwill,warrants,preferredStockRedeemable,capitalSurplus,liabilitiesAndShareholderEquity,cashAndShortTermInvestments,accumulatedDepreciation,commonStockSharesOutstanding,reportedCurrency,investments,changeInLiabilities,cashflowFromInvestment,otherCashflowFromInvestment,netBorrowings,cashflowFromFinancing,otherCashflowFromFinancing,changeInOperatingActivities,netIncome_y,changeInCash,operatingCashflow,otherOperatingCashflow,depreciation,dividendPayout,stockSaleAndPurchase,changeInInventory,changeInAccountReceivables,changeInNetIncome,capitalExpenditures,changeInReceivables,changeInExchangeRate,changeInCashAndCashEquivalents,clossingVal,nextClossingVal
0,2020-03-31,USD,248327000,26277000,227850000,20477000,-6211000,-5495000,None,None,-6609000,None,19718000,-411000,-5800000,None,398000,-1114000,356000,-42000,None,6559000,None,-1114000,-7326000,None,-5495000,-5495000,None,USD,567347000,11114000,None,65288000,255921000,311426000,None,114753000,279000,212124000,296000,60277000,14500000,87503000,224077000,None,None,-8726000,83968000,371648000,None,240035000,None,211119000,8888000,7738000,109324000,None,None,279000,None,212124000,-29557000,None,34878000,None,5462000,31299000,8888000,22956000,31844000,None,None,None,137306000,567347000,87503000,-154493000,26000000,USD,-2517000,512000,-2517000,641000,-5059000,-12131000,None,6275000,-5495000,-21786000,-7138000,38044000,4686000,None,-7072000,-553000,-10228000,4756000,3158000,-49088000,-1206000,-22992000,9.47,
1,2019-12-31,USD,318677000,61680000,288676000,30001000,-30866000,-28008000,None,None,-31310000,None,23165000,813000,-31679000,None,444000,-3302000,417000,-27000,None,38515000,None,-3302000,-38119000,None,-28008000,-28008000,None,USD,591888000,11955000,None,64667000,269093000,322795000,186000,14865000,279000,217619000,503000,60504000,21487000,110495000,229824000,None,None,-7622000,83940000,381511000,None,250336000,None,199164000,14817000,7185000,214959000,None,None,279000,None,217619000,-22538000,None,48436000,5542000,210377000,33374000,14817000,24266000,39269000,None,None,None,135057000,591888000,110495000,-161185000,27000000,USD,-5582000,-56826000,-5582000,226000,3157000,-6779000,None,-12411000,-28008000,-29840000,-17479000,1844000,4923000,None,-9936000,376000,14579000,36860000,5808000,23352000,446000,-29394000,22.88,9.47
2,2019-09-30,USD,338097000,23691000,305632000,32465000,9251000,6151000,None,None,8862000,None,23691000,477000,8774000,None,389000,2711000,474000,85000,None,None,None,2711000,3000,None,6151000,6151000,None,USD,672754000,18516000,None,75965000,315327000,357427000,2346000,14381000,279000,245627000,2654000,93300000,16461000,139889000,285309000,None,None,-8145000,81516000,439366000,None,245611000,None,215951000,11366000,7561000,270928000,None,None,279000,None,245627000,-13270000,None,37337000,2719000,233388000,24658000,11366000,16306000,30018000,None,None,None,132936000,672754000,139889000,-158589000,28000000,USD,-8533000,6105000,-8533000,151000,6112000,2801000,None,-3517000,6151000,50372000,56104000,-297000,4779000,None,-3311000,456000,3594000,5229000,8684000,33681000,-198000,50174000,17.14,22.88
3,2019-06-30,USD,398714000,26349000,354976000,43738000,17722000,12812000,None,None,17380000,None,26349000,333000,17389000,None,342000,4568000,304000,-38000,None,None,None,4568000,29000,None,12812000,12812000,None,USD,633394000,19472000,None,5034000,281437000,703914000,298000,5331000,279000,239476000,591000,93368000,23909000,89715000,275499000,None,None,344206000,79335000,417310000,None,239117000,None,314544000,5347000,8017000,270168000,None,None,279000,None,239476000,-17759000,None,21226000,2683000,216084000,None,5347000,293000,5938000,None,None,None,137712000,633394000,89715000,-157414000,28000000,USD,-5671000,-17180000,-5671000,166000,3032000,3108000,None,-626000,12812000,39947000,42510000,-15244000,4601000,None,76000,620000,56062000,1760000,5837000,55141000,92000,40039000,20.26,17.14
4,2019-03-31,USD,358887000,24112000,321981000,36906000,13159000,8933000,None,None,12858000,None,24112000,365000,12794000,None,301000,3925000,6000,6000,None,None,None,3925000,58000,None,8933000,8933000,None,USD,631433000,20282000,None,81524000,295339000,336094000,3391000,4618000,279000,226664000,3623000,93316000,26793000,49676000,289544000,None,None,-7863000,75812000,415230000,None,222496000,None,275393000,2172000,8637000,284926000,None,None,279000,None,226664000,-17822000,None,20624000,6169000,216203000,None,2172000,232000,5795000,None,None,None,134836000,631433000,49676000,-154653000,27000000,USD,-7530000,45859000,-7530000,136000,2157000,245000,None,13321000,8933000,-21885000,-14600000,-4199000,4497000,None,-1912000,-676000,-71259000,4904000,7666000,-73918000,72000,-21813000,19.58,20.26
5,2018-12-31,USD,340568000,22359000,312682000,27886000,5779000,3932000,0,None,5418000,None,22359000,252000,5527000,None,361000,None,None,None,None,None,None,1486000,-109000,None,3932000,3932000,None,USD,569552000,21096000,None,80272000,245962000,323590000,1272000,4698000,279000,217731000,1530000,93263000,18761000,71489000,244432000,None,None,-8079000,71593000,364839000,None,209231000,None,205117000,None,7961000,239734000,None,None,279000,None,217731000,-18230000,None,13163000,5598000,204713000,None,None,258000,1530000,None,None,None,131889000,569552000,71489000,-152387000,28000000,USD,None,-19240000,-2725000,848000,-1393000,-4640000,None,-9278000,3932000,-2700000,4665000,309000,4583000,None,-3247000,-1447000,14385000,2143000,3573000,14385000,-547000,-3247000,17.94,19.58
6,2018-09-30,USD,318511000,21201000,295090000,23421000,3048000,2305000,0,None,2756000,None,21201000,828000,2220000,None,292000,None,None,None,None,None,None,451000,536000,None,2305000,2305000,None,USD,587194000,22007000,None,86186000,264413000,322781000,1440000,9079000,279000,213799000,1720000,93451000,14689000,74736000,261144000,None,None,-7010000,71498000,385549000,None,207323000,0,218113000,1549000,6514000,252065000,322781000,129885000,279000,0,213799000,-14172000,None,9130000,5559000,201645000,None,1549000,280000,3269000,None,None,None,129885000,587194000,74736000,-150438000,28000000,USD,None,22656000,1478000,3960000,1533000,180000,None,-1236000,2305000,10477000,8819000,-10860000,4543000,0,-1353000,-1369000,-10982000,2526000,2482000,-10982000,202000,10679000,24.65,17.94
7,2018-06-30,USD,293087000,38563000,271636000,21451000,-16799000,-14683000,0,0,-17319000,0,20565000,313000,-17112000,0,520000,None,None,None,0,17998000,0,-2636000,-18205000,0,-14683000,-14683000,None,USD,558033000,22814000,None,4458000,239190000,318843000,429000,4824000,279000,211494000,725000,96162000,9366000,64057000,238465000,None,None,-7411000,72645000,357046000,None,199867000,0,283379000,0,5152000,233641000,318843000,132198000,279000,0,211494000,-17717000,None,4518000,4848000,200987000,None,None,296000,725000,None,None,None,132198000,558033000,64057000,-147743000,27000000,USD,None,44010000,-2356000,205000,-9386000,-9000000,-364000,2168000,-14683000,17413000,28769000,15448000,4801000,0,386000,187000,-23974000,17528000,2561000,-38522000,-241000,17172000,18.35,24.65
8,2018-03-31,USD,245645000,20753000,230754000,14891000,-5362000,-5153000,0,0,-6005000,0,20753000,500000,-5862000,0,643000,None,None,None,0,0,0,-852000,-143000,0,-5153000,-5153000,None,USD,539239000,24438000,None,6812000,207316000,331923000,3288000,4281000,279000,226177000,3597000,113615000,6004000,46885000,194415000,9304000,9304000,-6498000,74378000,320804000,None,193870000,0,261768000,9304000,5339000,190134000,331923000,130330000,279000,0,226177000,-18365000,None,2077000,3927000,218435000,None,9304000,309000,12901000,None,None,None,130330000,539239000,46885000,-146290000,27000000,USD,None,24496000,-1662000,437000,-41771000,-41706000,None,4683000,-5153000,-27046000,16322000,-1242000,4640000,0,65000,-814000,-8422000,2817000,2099000,-8422000,-156000,-27202000,13.7,18.35
9,2017-12-31,USD,282911000,21529000,256208000,26703000,5104000,4532000,0,0,4285000,0,21529000,-70000,5174000,0,819000,None,None,None,0,0,0,-247000,-889000,0,4532000,4532000,None,USD,557866000,25364000,None,7826000,222280000,335586000,1158000,4183000,279000,231330000,316000,113845000,144173000,74087000,169898000,50908000,50908000,-5788000,76187000,337506000,None,196377000,0,251068000,50908000,4525000,165715000,335586000,128235000,279000,0,231330000,-18470000,None,2170000,2794000,220360000,None,50908000,316000,52382000,None,None,None,128235000,557866000,74087000,-143680000,27000000,USD,None,-27947000,-3688000,-1515000,8808000,8728000,-24000,-4393000,4532000,27790000,22750000,4816000,5313000,0,-80000,-256000,25489000,1337000,2173000,34955000,212000,28002000,17.8,13.7
10,2017-09-30,USD,269910000,21570000,241019000,28891000,7509000,3824000,0,0,6891000,0,21570000,188000,7321000,0,618000,None,None,None,0,0,0,3067000,0,0,3824000,3824000,None,USD,572454000,24831000,None,8991000,244016000,328438000,2006000,7660000,279000,226798000,414000,113860000,146904000,46085000,199520000,42076000,42076000,-6217000,77925000,347625000,None,189747000,0,288280000,42076000,4269000,191860000,328438000,127526000,279000,0,226798000,-19948000,None,5645000,2568000,224829000,None,42076000,414000,44496000,None,None,None,127526000,572454000,46085000,-146603000,27000000,USD,None,-19033000,-1630000,248000,-2946000,-3334000,-340000,-293000,3824000,1866000,6830000,-5291000,5593000,0,-388000,-532000,7734000,4776000,1878000,17493000,414000,2280000,15.2,17.8
11,2017-06-30,USD,291836000,19596000,268709000,23127000,3215000,-954000,0,0,2577000,0,19596000,-316000,3531000,0,638000,None,None,None,0,0,0,3531000,-3513000,0,-954000,-954000,None,USD,586030000,26296000,None,4913000,264221000,321809000,128000,7699000,279000,222974000,435000,113501000,147126000,43805000,218976000,44682000,44682000,-7324000,80274000,358630000,None,182012000,0,306175000,44682000,3737000,211277000,321809000,128419000,279000,0,222974000,-22539000,None,3944000,3385000,227400000,None,44682000,435000,45245000,None,None,None,128419000,586030000,43805000,-144022000,27000000,USD,None,4180000,-3270000,163000,292000,361000,-218000,-17284000,-954000,3954000,6863000,13038000,5763000,0,69000,189000,1635000,7809000,3433000,-23162000,154000,4108000,9.35,15.2
12,2017-03-31,USD,251237000,18596000,253851000,-2614000,-21188000,-13821000,0,0,-22021000,321000,18596000,22000,-21210000,0,833000,None,None,None,0,0,0,-8521000,0,0,-13500000,-13821000,None,USD,580268000,27781000,None,7373000,260051000,320217000,377000,8314000,279000,223928000,472000,113182000,148671000,39697000,215063000,44139000,44139000,-7807000,81963000,349634000,None,179254000,0,298638000,44139000,3926000,206749000,320217000,126513000,279000,0,223928000,-22696000,None,2045000,5663000,230634000,None,44139000,472000,44988000,None,None,None,126513000,580268000,39697000,-141308000,27000000,USD,None,-14439000,-4339000,-72000,-28927000,-27994000,33000,-5694000,-13500000,-27034000,5299000,-5694000,5851000,0,933000,268000,23531000,-2938000,4267000,35751000,501000,-26533000,16.5,9.35
13,2016-12-31,USD,312655000,19975000,284443000,28212000,8310000,5250000,0,0,7813000,3528000,19975000,73000,8237000,0,497000,None,None,None,0,0,0,2563000,0,0,5250000,5250000,None,USD,635790000,29351000,None,8318000,305961000,331005000,2855000,15539000,279000,237749000,411000,113019000,146270000,66230000,230283000,None,None,-8842000,81284000,408236000,None,188635000,0,329494000,72412000,4194000,214744000,329829000,124659000,279000,0,237749000,-22840000,None,1388000,2512000,227554000,None,72412000,411000,75678000,None,None,None,124659000,635790000,66230000,-137414000,27000000,USD,None,-8436000,-42137000,-39755000,55058000,54928000,None,-1768000,5250000,31471000,18680000,-1768000,5084000,0,-130000,-427000,48972000,1810000,2382000,17167000,-820000,30651000,22.7,16.5
14,2016-09-30,USD,341781000,17977000,309503000,32278000,14320000,9342000,0,0,14077000,-1176000,17977000,19000,14301000,0,243000,None,None,None,0,0,0,4735000,0,0,9342000,9342000,None,USD,569223000,20151000,None,8855000,244691000,325708000,3198000,7439000,279000,232499000,215000,78274000,102532000,35579000,224092000,None,None,-7124000,82416000,384275000,None,227283000,0,336074000,17186000,3767000,216653000,324532000,124464000,279000,0,232499000,-24410000,None,1395000,2712000,184948000,None,17186000,215000,20599000,None,None,None,124464000,569223000,35579000,-134031000,27000000,USD,None,-22783000,-1673000,153000,17186000,15437000,None,-2206000,9342000,-35824000,-49588000,-2206000,4904000,0,-1749000,168000,40595000,2675000,1826000,-41688000,-253000,-36077000,18.76,22.7
15,2016-06-30,USD,359635000,19600000,320234000,34099000,14286000,9134000,0,0,14190000,0,19300000,-213000,14799000,0,96000,None,None,None,0,0,0,5056000,-7629000,0,9134000,9134000,None,USD,564967000,20999000,None,5411000,249401000,316742000,3198000,6621000,279000,216412000,173000,78293000,104790000,71656000,246030000,None,None,-6845000,84731000,375446000,None,217450000,0,294444000,0,3935000,239409000,315566000,126958000,279000,0,223257000,-26907000,None,1779000,3719000,189521000,None,None,173000,3371000,None,None,None,126958000,564967000,71656000,-130977000,27000000,USD,None,10382000,-2029000,164000,-3845000,-8721000,39000,9037000,9134000,-1744000,9006000,-3218000,5302000,0,-4915000,38000,4152000,325000,2193000,-12957000,-3000,-1747000,16.49,18.76
16,2016-03-31,USD,309422000,20956000,282119000,27303000,6294000,4357000,0,0,6053000,-811000,20956000,-53000,6347000,0,241000,None,None,None,0,0,0,2507000,0,0,3546000,4357000,None,USD,549642000,21936000,None,8004000,239770000,311048000,2620000,5393000,279000,214123000,203000,78845000,111197000,73403000,233102000,None,None,-6987000,87345000,351100000,None,210267000,0,266229000,3845000,3464000,227709000,0,0,279000,0,214123000,-22022000,None,6847000,3569000,198542000,None,3845000,203000,6668000,None,None,None,125655000,549642000,73403000,-127527000,27000000,USD,None,-26257000,-17166000,-12936000,-5239000,-8099000,-23000,3400000,3546000,-10387000,14878000,3400000,5419000,0,-2837000,483000,23684000,1686000,4230000,26601000,1359000,-9028000,17.7,16.49
17,2015-12-31,USD,323529000,25070000,293524000,30005000,4847000,5431000,0,0,4595000,-2313000,25070000,-88000,4935000,0,252000,None,None,None,0,0,0,1477000,0,0,3118000,5431000,None,USD,572148000,21986000,None,7236000,267230000,307742000,1988000,6710000,279000,209766000,None,70605000,102661000,82431000,258016000,None,None,-9741000,82841000,386646000,None,215151000,0,294291000,7226000,2688000,251306000,0,0,279000,0,209766000,-16730000,None,6603000,3467000,185502000,None,7226000,None,9214000,None,None,None,124168000,572148000,82431000,-123416000,27000000,USD,None,45661000,-3565000,10000,-2540000,-3254000,3225000,None,3118000,14074000,20893000,-9154000,5291000,0,-3939000,175000,0,3942000,3575000,-28140000,-823000,13251000,20.54,17.7
18,2015-09-30,USD,319331000,19483000,284747000,34584000,15078000,9941000,0,0,14815000,-202000,19483000,-23000,15101000,0,263000,None,None,None,0,0,0,5076000,0,0,9739000,9941000,None,USD,536571000,22926000,None,8494000,234542000,302540000,7244000,5686000,279000,204335000,None,70940000,98110000,69180000,217532000,None,None,-8375000,83953000,354508000,None,208674000,0,273971000,9766000,2863000,211846000,0,0,279000,0,204335000,-17845000,None,2126000,2118000,182063000,None,9766000,None,17010000,None,None,None,124146000,536571000,69180000,-120150000,27000000,USD,None,-51808000,-3806000,135000,962000,9489000,20000,None,9739000,-8768000,-14451000,293000,5429000,0,8507000,-90000,16181000,3338000,3941000,18648000,-1291000,-10059000,22.47,20.54
19,2015-06-30,USD,364417000,22030000,324013000,40404000,18329000,10916000,0,0,18038000,303000,22030000,-45000,18374000,0,291000,None,None,None,0,0,0,6819000,-610000,0,11219000,10916000,None,USD,568331000,23961000,None,5660000,283777000,293296000,7413000,6498000,279000,194394000,1244000,71518000,101499000,79239000,267560000,8804000,8804000,-5926000,85063000,381769000,None,197817000,0,294097000,8804000,2773000,260589000,0,0,279000,0,194394000,-18489000,None,3947000,2073000,186562000,None,None,None,7413000,None,None,None,123038000,568331000,79239000,-116782000,27000000,USD,None,-21446000,-4601000,316000,-1130000,-5321000,38000,3804000,11220000,-22459000,-12537000,-4982000,6148000,0,3573000,102000,6831000,2611000,4698000,-6190000,-1485000,-23944000,18.28,22.47
