,fiscalDateEnding,reportedCurrency_x,totalRevenue,totalOperatingExpense,costOfRevenue,grossProfit,ebit,netIncome_x,researchAndDevelopment,effectOfAccountingCharges,incomeBeforeTax,minorityInterest,sellingGeneralAdministrative,otherNonOperatingIncome,operatingIncome,otherOperatingExpense,interestExpense,taxProvision,interestIncome,netInterestIncome,extraordinaryItems,nonRecurring,otherItems,incomeTaxExpense,totalOtherIncomeExpense,discontinuedOperations,netIncomeFromContinuingOperations,netIncomeApplicableToCommonShares,preferredStockAndOtherAdjustments,reportedCurrency_y,totalAssets,intangibleAssets,earningAssets,otherCurrentAssets,totalLiabilities,totalShareholderEquity,deferredLongTermLiabilities,otherCurrentLiabilities,commonStock,retainedEarnings,otherLiabilities,goodwill,otherAssets,cash,totalCurrentLiabilities,shortTermDebt,currentLongTermDebt,otherShareholderEquity,propertyPlantEquipment,totalCurrentAssets,longTermInvestments,netTangibleAssets,shortTermInvestments,netReceivables,longTermDebt,inventory,accountsPayable,totalPermanentEquity,additionalPaidInCapital,commonStockTotalEquity,preferredStockTotalEquity,retainedEarningsTotalEquity,treasuryStock,accumulatedAmortization,otherNonCurrrentAssets,deferredLongTermAssetCharges,totalNonCurrentAssets,capitalLeaseObligations,totalLongTermDebt,otherNonCurrentLiabilities,totalNonCurrentLiabilities,negativeGoodwill,warrants,preferredStockRedeemable,capitalSurplus,liabilitiesAndShareholderEquity,cashAndShortTermInvestments,accumulatedDepreciation,commonStockSharesOutstanding,reportedCurrency,investments,changeInLiabilities,cashflowFromInvestment,otherCashflowFromInvestment,netBorrowings,cashflowFromFinancing,otherCashflowFromFinancing,changeInOperatingActivities,netIncome_y,changeInCash,operatingCashflow,otherOperatingCashflow,depreciation,dividendPayout,stockSaleAndPurchase,changeInInventory,changeInAccountReceivables,changeInNetIncome,capitalExpenditures,changeInReceivables,changeInExchangeRate,changeInCashAndCashEquivalents,clossingVal,nextClossingVal
0,2020-06-30,USD,137267000,64376000,66391000,70876000,-17383000,-24982000,34948000,None,-23232000,None,29982000,-23883000,6500000,None,5849000,1750000,None,-5849000,None,-554000,None,1750000,-23329000,None,-24982000,-24982000,None,USD,1121127000,143317000,None,10166000,847823000,273304000,2085000,8994000,67000,-857219000,40070000,314779000,48631000,131870000,95017000,6885000,6885000,4281000,122000000,450268000,9975000,-184792000,133248000,79408000,652947000,95576000,79138000,None,None,67000,None,-857219000,-330000,None,39140000,None,41648000,30857000,652947000,97774000,752806000,None,None,None,1126505000,1121127000,265118000,None,None,USD,-30306000,2249000,-22922000,11006000,-1721000,-252000,-436000,7808000,-24982000,10882000,34056000,5717000,20525000,None,1905000,4048000,-7501000,34000000,3622000,-7501000,253000,11135000,34.35,
1,2020-03-31,USD,126424000,68639000,63054000,63370000,-974000,-10226000,35830000,None,-8646000,None,31994000,4295000,-5269000,None,7672000,1580000,None,-7672000,None,815000,None,1580000,3480000,None,-10226000,-10226000,None,USD,1112799000,155735000,None,24655000,827068000,285731000,2051000,8623000,67000,-832237000,18633000,314820000,50142000,120735000,92964000,6885000,6885000,2126000,125765000,417983000,14547000,-184824000,100847000,72122000,653722000,99624000,77456000,None,None,67000,None,-832237000,-330000,None,41101000,None,42848000,31293000,653722000,78331000,734104000,None,None,None,1116105000,1112799000,221582000,None,67000000,USD,-82000,-5639000,-4507000,363000,-1721000,-7618000,-120000,-1708000,-10226000,13155000,25280000,4097000,20754000,None,-5777000,7233000,-1226000,10287000,4788000,-1226000,-604000,12551000,18.93,34.35
2,2019-12-31,USD,119097000,68732000,60893000,58204000,-18355000,-28362000,35158000,None,-26976000,None,32340000,-7827000,-10528000,None,8621000,1386000,None,-8621000,None,1234000,None,1386000,-9061000,None,-28362000,-28362000,None,USD,1132207000,168154000,None,25208000,838687000,293520000,640000,8826000,66000,-822011000,25885000,314598000,53356000,108184000,94639000,6885000,6885000,4189000,129979000,410634000,19864000,-189232000,101879000,68506000,654497000,106857000,78928000,None,None,66000,None,-822011000,-330000,None,45656000,None,43322000,31661000,654497000,88911000,744048000,None,None,None,1111606000,1132207000,210063000,None,66000000,USD,-293000,3795000,-4541000,-293000,-1721000,-592000,-751000,10631000,-28362000,32525000,37658000,5675000,21518000,None,1880000,1023000,18013000,15996000,4248000,18013000,140000,32665000,26.6,18.93
3,2019-09-30,USD,112248000,121047000,59322000,52926000,-718000,10516000,34876000,None,-29185000,None,26849000,None,-8799000,None,8661000,-39701000,None,-8661000,None,None,None,-39701000,-11725000,None,10516000,10516000,None,USD,1105574000,181228000,None,None,791678000,313896000,600000,9170000,66000,-791774000,32064000,314727000,54777000,75519000,74836000,6885000,6885000,4358000,132647000,398582000,23613000,-182059000,101226000,69790000,655272000,107880000,24822000,None,None,None,None,None,-330000,None,10965000,None,706992000,30590000,684778000,19068000,716842000,None,None,None,1101576000,None,176745000,None,66000000,USD,-831000,-8332000,-831000,4072000,-2334000,-1036000,1000,-3581000,10516000,-9746000,-7577000,None,19806000,None,-265000,2666000,-1706000,-28662000,6058000,None,None,None,21.495,26.6
4,2019-06-30,USD,108306000,357601000,74478000,33828000,-317069000,-324714000,42708000,None,-326036000,None,41920000,6704000,-323773000,None,8967000,-1322000,None,-8967000,None,272973000,None,-1322000,-266269000,None,-324714000,-324714000,None,USD,1104327000,193758000,None,31896000,805332000,298995000,455000,2355000,66000,-802290000,25827000,314687000,16256000,85265000,94611000,8104000,6885000,4899000,139380000,413089000,27157000,-209450000,100520000,84862000,656046000,110546000,84152000,None,None,66000,None,-802290000,-330000,None,13953000,None,2303000,28848000,684894000,25372000,710721000,None,None,None,1096650000,1104327000,185785000,None,66000000,USD,-276000,640000,-9581000,-1155000,-2012000,755000,-2000,4363000,-324714000,-7387000,1439000,2606000,30149000,None,2769000,9394000,19302000,264062000,9305000,19302000,-25000,-7412000,15.13,21.495
5,2019-03-31,USD,128465000,87541000,71135000,57330000,-36258000,-46204000,42361000,None,-45660000,None,41998000,-6047000,-30211000,None,9402000,544000,None,-9402000,None,3182000,None,544000,-9229000,None,-46204000,-46204000,None,USD,1419946000,472570000,None,29783000,802921000,617025000,452000,215000,66000,-477576000,28149000,314361000,15681000,92677000,88804000,8079000,6885000,3798000,149952000,445259000,22123000,-169906000,99708000,103151000,656821000,119940000,80510000,None,None,66000,None,-477576000,-330000,None,13383000,None,2298000,29147000,685968000,27697000,714117000,None,None,None,1091067000,1419946000,192385000,None,66000000,USD,-54000,6218000,-11133000,-879000,-3775000,-7413000,-577000,-2578000,-46204000,5383000,23929000,-3840000,28310000,None,-3061000,919000,22297000,16229000,11079000,22297000,205000,5588000,16.71,15.13
6,2018-12-31,USD,150689000,91022000,74064000,76625000,-13498000,-23396000,43525000,None,-22271000,None,42519000,899000,-14397000,None,8773000,None,None,None,None,4978000,None,1125000,-13052000,None,-23396000,-23396000,None,USD,1457843000,492317000,None,25308000,800587000,657256000,442000,20064000,65000,-431372000,18545000,314340000,16336000,87089000,93179000,8016000,6885000,2841000,148884000,459428000,26538000,-149401000,98670000,127503000,659318000,120858000,77631000,None,None,65000,None,-431372000,-330000,None,14051000,None,2285000,29545000,688863000,18103000,707408000,None,None,None,1086052000,1457843000,185759000,None,65000000,USD,-450000,-6503000,-12346000,-375000,-185000,1866000,-577000,2729000,-23396000,-7571000,2909000,2584000,29199000,None,2051000,1985000,-12308000,11348000,11521000,-12308000,-16000,-7587000,14.51,16.71
7,2018-09-30,USD,151187000,88469000,80205000,70982000,-18346000,-16494000,46226000,0,-26436000,0,42281000,-859000,-17487000,0,8090000,None,None,None,0,-38000,0,-10320000,-13411000,-378000,-16116000,-16494000,None,USD,1482495000,512785000,None,28151000,813820000,668675000,389000,7757000,65000,-407976000,19420000,314076000,15756000,94676000,107005000,7352000,6885000,2188000,149923000,458861000,31094000,-158186000,98221000,114976000,658372000,122837000,91896000,0,0,65000,0,-407976000,-330000,None,13484000,None,2272000,29023000,687395000,19031000,706815000,None,None,None,1074728000,1482495000,192897000,None,65179000,USD,-145000,14733000,-13472000,274000,-1864000,-2005000,1000,-2604000,-16493000,9600000,25077000,-7281000,29703000,0,-142000,-549000,3910000,1054000,13601000,3910000,-192000,9408000,20.6,14.51
8,2018-06-30,USD,137872000,90813000,89703000,48169000,-86653000,-85430000,48240000,0,-94692000,0,42471000,-44009000,-42644000,0,8039000,None,None,None,0,102000,0,-9482000,-69350000,-220000,-85210000,-85430000,None,USD,1485715000,533876000,None,27306000,806678000,679037000,7791000,8279000,65000,-391483000,29395000,314401000,9371000,85268000,91479000,7384000,6885000,3757000,139415000,454393000,34259000,-169240000,97723000,121230000,659146000,122866000,75816000,0,0,65000,0,-391483000,-330000,None,7709000,None,1662000,26658000,685804000,21604000,715199000,None,None,None,1067028000,1485715000,182991000,None,65000000,USD,-70182000,1409000,-78045000,5000000,-2392000,914000,2441000,-2268000,-85431000,-77071000,60000,-4460000,30292000,0,865000,7623000,5777000,44850000,12863000,5777000,-356000,-77427000,23.04,20.6
9,2018-03-31,USD,150414000,88997000,84813000,65601000,-10520000,-15484000,41596000,0,-18490000,0,39287000,12876000,-23396000,0,7970000,None,None,None,0,8114000,0,-3024000,-4232000,-18000,-15466000,-15484000,None,USD,1561170000,584035000,None,15158000,802904000,758266000,15975000,2050000,65000,-306052000,30810000,317094000,8875000,162695000,88587000,7689000,6885000,7173000,138542000,475209000,37415000,-142863000,27396000,126063000,659921000,143897000,80898000,0,0,65000,0,-306052000,-330000,None,7162000,None,1713000,23586000,683507000,14835000,714317000,None,None,None,1057410000,1561170000,190091000,None,65000000,USD,16846000,364000,4089000,263000,-1910000,-4405000,1081000,5442000,-15484000,10306000,10622000,7314000,29072000,0,-3576000,-1223000,-9882000,461000,12757000,-9882000,304000,10610000,16.6,23.04
10,2017-12-31,USD,130925000,83947000,69971000,60954000,-8378000,-22569000,41651000,0,-15617000,0,37634000,14615000,-22993000,0,7239000,None,None,None,0,4662000,0,1353000,1690000,-5599000,-16970000,-22569000,None,USD,1581260000,601920000,None,25363000,813459000,767801000,15555000,50981000,64000,-290568000,33576000,316239000,968025000,152085000,84469000,7681000,6885000,2999000,132010000,481225000,41500000,-150358000,44585000,116056000,660696000,143136000,76788000,0,0,64000,0,-290568000,-330000,None,7418000,None,948000,19163000,679859000,33576000,728990000,None,None,None,1055636000,1581260000,196670000,None,65000000,USD,39395000,-19832000,20309000,-5263000,-1937000,1045000,-983000,-8808000,-22569000,21888000,534000,-12578000,27903000,0,2982000,-8017000,38874000,-3247000,13823000,38874000,93000,21981000,32.54,16.6
11,2017-09-30,USD,166381000,86549000,79485000,86896000,14303000,-10720000,39398000,0,7350000,0,42397000,13956000,347000,0,6953000,None,None,None,0,4754000,0,7351000,-80536000,-10719000,-1000,-10720000,None,USD,1637123000,621092000,None,58009000,859749000,777374000,15172000,2144000,64000,-266981000,48712000,313765000,943207000,130104000,117119000,7700000,6885000,2977000,131019000,562897000,None,-157483000,84121000,154589000,661471000,136074000,107275000,0,0,64000,0,-266981000,-330000,None,7402000,None,948000,17275000,678746000,48712000,742630000,None,None,None,1041644000,1637123000,214225000,None,64256000,USD,-2405000,14364000,-47134000,-36421000,7147000,-2898000,-9722000,-14050000,-10721000,-37671000,12361000,-6052000,28003000,0,-323000,-12091000,-15754000,1857000,8308000,-2999000,169000,-37502000,44.61,32.54
12,2017-06-30,USD,194555000,85981000,101926000,92629000,-3576000,-27677000,38729000,0,-10754000,0,46666000,-10224000,6648000,0,7178000,None,None,None,0,586000,0,3223000,-6558000,-13700000,-13977000,-27677000,None,USD,1632879000,619370000,None,49803000,853498000,779381000,11731000,10719000,64000,-256260000,62777000,313726000,941616000,167606000,101613000,7959000,685336000,2610000,121413000,569850000,None,-153715000,81641000,150455000,662260000,120345000,82935000,0,0,64000,0,-256260000,-330000,None,6450000,None,2070000,15117000,677377000,62777000,751885000,None,None,None,1033297000,1632879000,249247000,None,64000000,USD,-50149000,-11391000,-58764000,-414000,87171000,85801000,1221000,-10395000,-27676000,54887000,27850000,18687000,26848000,0,-2591000,7539000,12755000,15719000,8201000,-1876000,104000,54991000,55.77,44.61
13,2017-03-31,USD,186084000,102481000,117220000,68864000,-37088000,-130131000,39685000,0,-44462000,0,62327000,-3471000,-33617000,0,7374000,None,None,None,0,469000,0,89805000,1332000,4136000,-134267000,-130131000,None,USD,1555732000,638877000,None,48457000,755614000,800118000,10116000,6869000,64000,-228584000,53185000,309884000,957041000,112615000,106097000,7042000,7042000,3015000,118518000,480173000,None,-148643000,31571000,147908000,572180000,139622000,92186000,0,0,64000,0,-228584000,-330000,None,6339000,None,1941000,14036000,586216000,53185000,649517000,None,None,None,1025953000,1555732000,144186000,None,61000000,USD,-7859000,-3490000,-227629000,-208417000,-1843000,-14261000,-2479000,2031000,-130131000,-241458000,432000,33404000,22343000,0,-9939000,2041000,10879000,82656000,11353000,-6391000,156000,-241302000,48.3,55.77
14,2016-12-31,USD,151752000,67957000,73257000,78495000,5711000,-965000,30174000,0,-1639000,0,36496000,-4827000,10538000,0,7350000,None,None,None,0,1287000,0,532000,-12177000,1206000,-2171000,-965000,None,USD,1196695000,240933000,None,15619000,733736000,462959000,9564000,48279000,54000,-98453000,49999000,118082000,453075000,353917000,87063000,7098000,7098000,-604000,101845000,641775000,None,103944000,23750000,133270000,572963000,115219000,79965000,0,0,54000,0,-98453000,-330000,None,5495000,None,88565000,14147000,587110000,49999000,646673000,None,None,None,562292000,1196695000,377667000,None,54000000,USD,-80000,-3595000,-4043000,979000,-1801000,5011000,4212000,-673000,-965000,21375000,20407000,-673000,19683000,0,2600000,-1583000,4488000,12028000,4942000,-4488000,-435000,20940000,46.28,48.3
15,2016-09-30,USD,152697000,71738000,70893000,81804000,-2621000,5102000,30109000,0,-7931000,0,40264000,-12687000,10066000,0,5310000,None,None,None,0,1365000,0,-11805000,-68502000,1228000,3874000,5102000,None,USD,1188551000,259602000,None,11318000,725767000,462784000,11765000,54368000,54000,-97488000,45507000,120024000,476440000,332977000,92150000,7203000,6051000,9039000,99167000,612944000,None,83158000,23776000,129938000,576345000,114935000,84947000,0,0,54000,0,-97488000,-330000,None,7208000,None,89606000,None,576345000,45507000,633617000,None,None,None,551509000,1188551000,356753000,None,53685000,USD,-155000,7774000,-3632000,3749000,233549000,227354000,-465000,8450000,5102000,266610000,24885000,606000,19090000,0,95000,384000,-17209000,8580000,7226000,-16651000,-475000,266135000,42.34,46.28
16,2016-06-30,USD,142288000,63782000,68326000,73962000,25535000,22552000,26064000,0,21172000,0,35866000,15355000,10180000,0,4363000,None,None,None,0,1852000,0,-181000,19682000,1199000,21353000,21353000,None,USD,913151000,270856000,None,12353000,466519000,446632000,14293000,43091000,54000,-102590000,33508000,117844000,484615000,66842000,78137000,4513000,4513000,8711000,100452000,328084000,None,57932000,23726000,108085000,340581000,117078000,73624000,0,0,54000,0,-102590000,-330000,None,12015000,None,83900000,None,340581000,33508000,388382000,None,None,None,540787000,913151000,90568000,None,55000000,USD,-184000,-2937000,-7322000,2973000,-1308000,-2857000,-3544000,-2164000,22552000,8655000,19249000,-2048000,19546000,0,-1549000,-11677000,558000,-5428000,7138000,-355000,-415000,8655000,32.98,42.34
17,2016-03-31,USD,133579000,72676000,68054000,65525000,-11433000,-10649000,26203000,0,-15841000,0,34617000,-4282000,-7151000,0,4408000,None,None,None,0,11856000,0,-3796000,10434000,1396000,-12045000,-10649000,None,USD,900398000,279535000,None,11553000,486390000,414008000,13920000,48298000,53000,-125142000,48240000,117835000,492736000,58187000,82834000,4499000,None,3271000,99637000,308025000,None,16638000,23632000,107681000,341396000,106972000,78335000,0,0,53000,0,-125142000,-330000,None,11457000,83909000,592373000,None,341396000,48240000,403556000,None,None,None,536156000,900398000,81819000,None,53000000,USD,6053000,882000,-1229000,3450000,-1264000,-8018000,-1195000,None,-10649000,10337000,19584000,2093000,19197000,0,-5559000,-9588000,203000,16443000,10732000,1206000,42000,10379000,43.79,32.98
18,2015-12-31,USD,115774000,60165000,55456000,60318000,-14625000,-15571000,25322000,0,-18971000,0,34686000,-14778000,153000,0,4346000,None,None,None,0,157000,0,-2201000,-19124000,1199000,-16770000,-15571000,None,USD,898449000,298026000,None,26890000,479797000,418652000,12780000,43479000,53000,-114493000,44097000,114557000,474604000,47808000,80769000,4486000,None,-2449000,94439000,329406000,None,6069000,29754000,123955000,342151000,100999000,76283000,0,0,53000,0,-114493000,-330000,None,12402000,49619000,569043000,14147000,342151000,44097000,399028000,None,None,None,535871000,898449000,77562000,None,None,USD,9543000,-2405000,-82680000,-85993000,-9606000,-7128000,4212000,None,-15571000,-74294000,15514000,-1002000,18932000,0,2478000,-3827000,1409000,20796000,6230000,-1409000,-210000,-74504000,40.89,43.79
19,2015-09-30,USD,50197000,48127000,14599000,35598000,-6748000,54406000,22002000,0,-11173000,0,27776000,5781000,-12529000,0,4424000,None,None,None,0,309000,0,-11834000,-37220000,54131000,274000,54405000,None,USD,866251000,243666000,None,27026000,441718000,424533000,0,37599000,53000,-98922000,29738000,93346000,398273000,122312000,71476000,4058000,4058000,-2279000,83759000,384219000,None,87521000,39557000,115381000,340504000,79943000,67418000,0,0,53000,0,-98922000,-330000,None,13022000,48239000,482032000,None,340504000,29738000,370242000,None,None,None,526011000,866251000,161869000,None,52933000,USD,-40183000,-1858000,34648000,77862000,536000,1336000,1361000,-33333000,54406000,41467000,5483000,-6421000,26073000,0,-522000,-1354000,-13089000,-59108000,5764000,-6096000,158000,41625000,28.99,40.89
