,fiscalDateEnding,reportedCurrency_x,totalRevenue,totalOperatingExpense,costOfRevenue,grossProfit,ebit,netIncome_x,researchAndDevelopment,effectOfAccountingCharges,incomeBeforeTax,minorityInterest,sellingGeneralAdministrative,otherNonOperatingIncome,operatingIncome,otherOperatingExpense,interestExpense,taxProvision,interestIncome,netInterestIncome,extraordinaryItems,nonRecurring,otherItems,incomeTaxExpense,totalOtherIncomeExpense,discontinuedOperations,netIncomeFromContinuingOperations,netIncomeApplicableToCommonShares,preferredStockAndOtherAdjustments,reportedCurrency_y,totalAssets,intangibleAssets,earningAssets,otherCurrentAssets,totalLiabilities,totalShareholderEquity,deferredLongTermLiabilities,otherCurrentLiabilities,commonStock,retainedEarnings,otherLiabilities,goodwill,otherAssets,cash,totalCurrentLiabilities,shortTermDebt,currentLongTermDebt,otherShareholderEquity,propertyPlantEquipment,totalCurrentAssets,longTermInvestments,netTangibleAssets,shortTermInvestments,netReceivables,longTermDebt,inventory,accountsPayable,totalPermanentEquity,additionalPaidInCapital,commonStockTotalEquity,preferredStockTotalEquity,retainedEarningsTotalEquity,treasuryStock,accumulatedAmortization,otherNonCurrrentAssets,deferredLongTermAssetCharges,totalNonCurrentAssets,capitalLeaseObligations,totalLongTermDebt,otherNonCurrentLiabilities,totalNonCurrentLiabilities,negativeGoodwill,warrants,preferredStockRedeemable,capitalSurplus,liabilitiesAndShareholderEquity,cashAndShortTermInvestments,accumulatedDepreciation,commonStockSharesOutstanding,reportedCurrency,investments,changeInLiabilities,cashflowFromInvestment,otherCashflowFromInvestment,netBorrowings,cashflowFromFinancing,otherCashflowFromFinancing,changeInOperatingActivities,netIncome_y,changeInCash,operatingCashflow,otherOperatingCashflow,depreciation,dividendPayout,stockSaleAndPurchase,changeInInventory,changeInAccountReceivables,changeInNetIncome,capitalExpenditures,changeInReceivables,changeInExchangeRate,changeInCashAndCashEquivalents,clossingVal,nextClossingVal
0,2020-03-31,USD,1155000,1185000,465000,690000,-30000,-20000,0,None,-32000,None,720000,None,-30000,None,None,None,None,-2000,None,None,None,None,None,12000,-32000,-20000,None,USD,6780000,None,None,None,3687000,3093000,None,485000,46000,-27567000,566000,3225000,330000,1642000,3121000,None,None,None,55000,3170000,None,-132000,None,483000,None,None,118000,None,None,None,None,None,None,None,None,None,3610000,None,None,None,566000,None,None,None,None,None,None,None,None,USD,None,None,None,None,None,None,None,None,-20000,None,None,None,None,None,None,None,None,None,0,None,None,None,0.9299,
1,2019-12-31,USD,1353000,1274000,419000,934000,79000,99000,137000,None,88000,None,718000,None,79000,None,None,42000,7000,9000,71000,None,None,42000,None,53000,46000,99000,None,USD,8043000,None,None,1636000,4938000,3105000,None,516000,46000,-27547000,994000,3225000,653000,1732000,3944000,None,None,None,62000,4103000,None,-120000,None,499000,None,None,149000,None,None,None,None,None,-29000,None,3940000,None,3940000,None,None,None,994000,None,None,None,30635000,None,1732000,None,None,USD,None,0,None,None,None,None,None,None,99000,None,None,None,None,None,None,None,None,None,0,None,None,None,1.03,0.9299
2,2019-09-30,USD,1240000,1309000,457000,783000,-69000,-14000,140000,None,-71000,None,712000,None,-69000,None,-2000,-39000,-2000,-2000,18000,None,None,-39000,-2000,18000,-32000,-14000,None,USD,7101000,6000,None,919000,4268000,2833000,None,554000,44000,-27646000,953000,3225000,631000,1683000,3315000,None,None,None,73000,3166000,None,-398000,None,360000,None,None,115000,None,None,None,None,None,-29000,None,631000,None,3935000,None,None,None,953000,None,None,None,30464000,None,1683000,None,5000000,USD,None,0,None,None,None,None,None,None,-14000,None,None,None,None,None,None,None,None,None,0,None,None,None,1.14,1.03
3,2019-06-30,USD,2600000,1390000,981000,1619000,-90000,-220000,134000,None,-205000,None,1531000,None,-180000,None,-12500,1000,-25000,-15000,-14000,None,None,500,-12500,-7000,-103000,-110000,None,USD,7715000,11000,None,1119000,4894000,2821000,None,550000,42000,-27632000,963000,3479000,602000,1563000,3931000,None,None,None,58000,3565000,None,-669000,None,640000,None,None,167000,None,None,None,None,None,-29000,None,602000,None,4150000,None,None,None,963000,None,None,None,30440000,None,1563000,None,None,USD,None,0,None,None,None,None,None,None,-92000,None,None,None,None,None,None,None,None,None,0,None,None,None,0.995,1.14
4,2019-03-31,USD,1300000,1390000,490500,809500,-90000,-110000,134000,None,-102500,None,765500,None,-90000,None,-12500,None,None,None,None,None,None,500,-12500,2000,-103000,-128000,None,USD,7715000,11000,None,1119000,4894000,2806000,None,1642000,42000,-27632000,963000,3479000,602000,1563000,3931000,None,None,None,58000,3565000,None,-1097000,None,883000,None,None,167000,None,None,None,None,None,None,None,None,None,None,None,None,None,None,None,None,None,None,None,None,None,None,USD,None,0,None,None,None,None,None,None,-110000,None,None,None,None,None,None,None,None,None,0,None,None,None,1.85,0.995
5,2018-12-31,USD,2985000,1475000,1001000,1984000,17500,-121000,160000,0,10000,0,1629000,None,35000,0,-8000,51000,-25000,None,-80000,0,0,25500,-12500,-40000,-20500,-121000,None,USD,7523000,21000,None,1567000,5120000,2403000,None,1753000,27000,-27412000,903000,3479000,541000,1150000,4217000,None,None,None,60000,3422000,None,-1107000,None,604000,None,None,174000,None,None,None,None,None,-29000,None,None,None,None,None,None,None,None,None,None,None,29807000,None,1150000,None,None,USD,None,0,None,None,None,None,None,None,-60500,None,None,None,None,None,None,None,None,None,0,None,None,None,1.76,1.85
6,2018-09-30,USD,1432000,1512000,476000,956000,-80000,-227000,167000,0,-87000,0,869000,None,-80000,0,-7000,-2000,-7000,None,-142000,0,0,-2000,-7000,-142000,-85000,-227000,None,USD,7487000,21000,None,1560000,5084000,2393000,None,1753000,27000,-27412000,903000,3479000,541000,1150000,4181000,None,None,None,60000,3386000,None,-1107000,None,636000,None,None,174000,None,None,None,None,None,None,None,None,None,None,None,None,None,None,None,None,None,None,None,None,None,3000000,USD,None,0,None,None,None,None,None,None,-227000,None,None,None,None,None,None,None,None,None,0,None,None,None,1.76,1.76
7,2018-06-30,USD,1438000,1867000,574000,864000,-429000,-524500,252500,0,-425000,0,1040500,None,-429000,0,-8000,None,None,None,0,0,0,-2500,4000,-102000,-422500,-524500,None,USD,6760000,31000,None,1416000,5614000,1146000,None,2148000,27000,-27291000,1034000,3479000,677000,679000,4580000,None,None,None,87000,2486000,None,-2364000,1138000,391000,None,None,201000,None,None,None,None,None,-29000,None,None,None,None,None,None,None,None,None,None,None,None,None,None,None,None,USD,None,0,None,None,None,None,None,None,-524500,None,None,None,None,None,None,None,None,None,0,None,None,None,1.09,1.76
8,2018-03-31,USD,1438000,1867000,574000,864000,-429000,-524500,252500,0,-425000,0,1040500,None,-429000,0,-8000,None,None,None,0,0,0,-2500,4000,-102000,-422500,-524500,None,USD,6760000,31000,None,1416000,5614000,1146000,None,2148000,27000,-27291000,1034000,3479000,677000,679000,4580000,None,None,None,87000,2486000,None,-2364000,None,391000,None,None,201000,None,None,None,None,None,None,None,None,None,None,None,None,None,None,None,None,None,None,None,None,None,None,USD,None,0,None,None,None,None,None,None,-524500,None,None,None,None,None,None,None,None,None,0,None,None,None,1.7598,1.09
9,2017-12-31,USD,1704000,8260000,768000,3705000,-1729000,-1641000,403000,0,-1598000,0,1745000,None,-1729000,0,-17000,None,None,None,0,0,0,-10000,131000,0,-1588000,-1641000,None,USD,8646000,3521000,None,60000,6934000,1712000,146000,4308000,25000,-26472000,1073000,3479000,4377000,1328000,5715000,None,None,None,148000,4121000,None,-1809000,1068000,1665000,None,None,1288000,None,None,None,None,None,-29000,None,None,None,None,None,None,None,None,None,None,None,None,None,None,None,3000000,USD,141000,-2428000,88000,141000,None,400000,None,-539000,-1768000,-180000,-668000,None,124000,None,400000,None,3914000,29000,53000,None,None,None,2.11,1.7598
10,2017-09-30,USD,2095000,6657000,685000,2325000,-2153000,-2016000,468000,0,-301000,0,1549000,None,-302000,0,0,None,None,None,0,0,0,1000,136000,-106000,-2016000,-300000,None,USD,9340000,3525000,None,462000,6826000,2514000,None,4045000,25000,-25639000,1034000,3479000,4339000,1538000,5626000,None,None,-3000,162000,4839000,None,-1011000,1064000,2237000,None,None,1581000,None,None,None,None,None,-29000,None,None,None,None,None,None,None,None,None,None,None,None,None,None,None,3000000,USD,None,0,None,None,None,None,None,None,-127000,None,None,None,None,None,None,None,None,None,0,None,None,None,2.25,2.11
11,2017-06-30,USD,3631000,-7813000,919000,-2143000,2992000,2788000,906000,0,175000,0,2549000,None,163000,0,0,None,None,None,0,0,0,2000,-202000,106000,2788000,173000,None,USD,9787000,3531000,None,477000,8760000,1027000,None,4726000,24000,-25512000,1024000,3479000,4335000,1461000,7570000,None,None,5000,191000,5261000,None,-2504000,416000,3384000,None,None,2844000,None,None,None,None,None,-29000,None,None,None,None,None,None,None,None,None,None,None,None,None,None,None,3000000,USD,None,0,None,None,None,None,None,None,91000,None,None,None,None,None,None,None,None,None,0,None,None,None,0.53,2.25
12,2017-03-31,USD,2412000,3390000,1184000,1228000,-978000,-899000,757000,0,-899000,0,1449000,None,-978000,0,0,None,None,None,0,0,0,0,79000,-53000,-899000,-899000,None,USD,9434000,3536000,None,453000,8443000,991000,None,5399000,24000,-25603000,950000,3479000,4279000,2334000,7327000,None,None,15000,179000,4976000,None,-2545000,361000,2281000,None,None,1928000,None,None,None,None,None,-29000,None,None,None,None,None,None,None,None,None,None,None,None,None,None,None,3000000,USD,None,0,None,None,None,None,None,None,-899000,None,None,None,None,None,None,None,None,None,0,None,None,None,0.63,0.53
13,2016-12-31,USD,4029000,15491000,2134000,7139000,-1439000,-5221000,1022000,0,-5701000,0,2610000,None,-1439000,0,-19000,None,None,None,0,4245000,0,-507000,-4262000,-27000,-5194000,-5221000,None,USD,12288000,3542000,None,65000,10428000,1860000,166000,5085000,23000,-24704000,914000,3479000,4294000,1508000,9348000,None,None,1000,198000,7796000,None,-1682000,640000,5583000,None,None,4086000,None,None,None,None,None,-29000,None,None,None,None,None,None,None,None,None,None,None,None,None,None,None,3000000,USD,-1000,337000,-1910000,-1000,None,700000,None,-4450000,-5221000,-1936000,-726000,None,1106000,None,700000,None,-820000,8322000,129000,None,None,None,0.91,0.63
14,2015-12-31,USD,4236000,15903000,2567000,6298000,-1191000,-4739000,534000,0,-4722000,0,1906000,None,-1191000,0,-2000,None,None,None,0,3514000,0,154000,-3531000,177000,-4916000,-4739000,None,USD,22024000,12759000,None,85000,15875000,6149000,411000,5275000,21000,-19483000,6422000,8298000,13427000,3444000,8875000,None,None,-8000,160000,8437000,None,-6199000,365000,4543000,None,None,3297000,None,None,None,None,None,-29000,None,None,None,None,None,None,None,None,None,None,None,None,None,None,None,3000000,USD,-6000,1796000,-2789000,-6000,None,551000,None,-3844000,-4739000,-1420000,818000,None,868000,None,551000,None,387000,6350000,108000,None,None,None,0.8449,0.91
