,fiscalDateEnding,reportedCurrency_x,totalRevenue,totalOperatingExpense,costOfRevenue,grossProfit,ebit,netIncome_x,researchAndDevelopment,effectOfAccountingCharges,incomeBeforeTax,minorityInterest,sellingGeneralAdministrative,otherNonOperatingIncome,operatingIncome,otherOperatingExpense,interestExpense,taxProvision,interestIncome,netInterestIncome,extraordinaryItems,nonRecurring,otherItems,incomeTaxExpense,totalOtherIncomeExpense,discontinuedOperations,netIncomeFromContinuingOperations,netIncomeApplicableToCommonShares,preferredStockAndOtherAdjustments,reportedCurrency_y,totalAssets,intangibleAssets,earningAssets,otherCurrentAssets,totalLiabilities,totalShareholderEquity,deferredLongTermLiabilities,otherCurrentLiabilities,commonStock,retainedEarnings,otherLiabilities,goodwill,otherAssets,cash,totalCurrentLiabilities,shortTermDebt,currentLongTermDebt,otherShareholderEquity,propertyPlantEquipment,totalCurrentAssets,longTermInvestments,netTangibleAssets,shortTermInvestments,netReceivables,longTermDebt,inventory,accountsPayable,totalPermanentEquity,additionalPaidInCapital,commonStockTotalEquity,preferredStockTotalEquity,retainedEarningsTotalEquity,treasuryStock,accumulatedAmortization,otherNonCurrrentAssets,deferredLongTermAssetCharges,totalNonCurrentAssets,capitalLeaseObligations,totalLongTermDebt,otherNonCurrentLiabilities,totalNonCurrentLiabilities,negativeGoodwill,warrants,preferredStockRedeemable,capitalSurplus,liabilitiesAndShareholderEquity,cashAndShortTermInvestments,accumulatedDepreciation,commonStockSharesOutstanding,reportedCurrency,investments,changeInLiabilities,cashflowFromInvestment,otherCashflowFromInvestment,netBorrowings,cashflowFromFinancing,otherCashflowFromFinancing,changeInOperatingActivities,netIncome_y,changeInCash,operatingCashflow,otherOperatingCashflow,depreciation,dividendPayout,stockSaleAndPurchase,changeInInventory,changeInAccountReceivables,changeInNetIncome,capitalExpenditures,changeInReceivables,changeInExchangeRate,changeInCashAndCashEquivalents,clossingVal,nextClossingVal
0,2020-06-30,USD,587000,2887000,-1000,588000,-2304000,-2304000,1607000,None,-2304000,None,1280000,-5000,-2299000,None,None,None,None,None,None,None,None,None,-5000,None,-2304000,-2304000,None,USD,11506000,192000,None,301000,14028000,-2522000,None,9385000,143000,-579837000,None,None,453000,7805000,12078000,694000,694000,None,1623000,8106000,None,-2714000,None,0,880000,0,1999000,None,None,143000,None,-579837000,None,None,1585000,None,3400000,1756000,880000,1070000,1950000,None,None,None,577172000,11506000,7805000,None,143433000,USD,-19000,-1726000,-19000,None,1564000,8432000,None,-400000,-2304000,5480000,-2933000,100000,242000,None,6868000,0,552000,203000,19000,552000,None,5480000,1.36,
1,2020-03-31,USD,1469000,5004000,1399000,70000,-4934000,-4934000,3683000,None,-4934000,None,1771000,None,-4934000,None,None,None,None,None,None,-450000,None,None,450000,None,-4934000,-4934000,None,USD,6904000,207000,None,413000,14178000,-7274000,None,10012000,131000,-577533000,None,None,453000,2325000,12962000,None,None,None,1733000,3290000,None,-7481000,None,552000,None,0,2950000,None,None,131000,None,-577533000,None,None,1674000,None,3614000,1900000,5000,1216000,1216000,None,None,None,570128000,6904000,2325000,None,130878000,USD,450000,-1658000,450000,525000,-6000,1475000,None,-918000,-4934000,-3512000,-5437000,451000,246000,None,1481000,24000,527000,-93000,75000,527000,None,-3512000,0.1725,1.36
2,2019-12-31,USD,4605000,4459000,3426000,1179000,-3284000,-3284000,3177000,None,-3284000,None,1282000,-4000,-3280000,None,None,None,None,None,None,None,None,None,-4000,None,-3284000,-3284000,None,USD,11836000,221000,None,729000,15813000,-3977000,None,10540000,126000,-572599000,None,None,621000,5837000,14456000,None,None,None,1849000,7837000,None,-4198000,None,1079000,None,192000,3916000,None,None,126000,None,-572599000,None,None,1929000,None,3999000,2038000,9000,1357000,1357000,None,None,None,568496000,11836000,5837000,None,125803000,USD,-74000,-1643000,-74000,None,-5000,3579000,None,-2290000,-3284000,-805000,-4310000,-110000,267000,None,3584000,49000,-574000,985000,74000,-574000,None,-805000,0.72,0.1725
3,2019-09-30,USD,1190000,5263000,2072000,-882000,-6141000,-6141000,3566000,None,-6141000,None,1697000,4000,-6145000,None,None,None,None,None,None,None,None,None,4000,None,-6141000,-6141000,None,USD,12394000,306000,None,574000,17363000,-4969000,None,10711000,119000,-569315000,None,None,621000,6642000,15866000,None,None,None,2111000,7962000,None,-5275000,None,505000,None,241000,5155000,None,None,119000,None,-569315000,None,None,2015000,None,4432000,2172000,15000,1497000,1497000,None,None,None,564227000,12394000,6642000,None,119417000,USD,-158000,-1589000,-158000,None,-6000,5561000,None,885000,-6141000,2028000,-3375000,1685000,279000,None,5567000,-1538000,2019000,1910000,158000,2019000,None,2028000,0.5991,0.72
4,2019-06-30,USD,1240000,8400000,1823000,-583000,-8990000,-8990000,5945000,None,-8990000,None,2455000,-7000,-8983000,None,None,None,None,None,None,None,None,None,-7000,None,-8990000,-8990000,None,USD,14240000,428000,None,951000,18970000,-4730000,None,10812000,110000,-563174000,None,None,1929000,4614000,17333000,646000,646000,None,2263000,8143000,None,-5158000,None,2524000,1615000,54000,6521000,None,None,110000,None,-563174000,None,None,3406000,None,6097000,2306000,22000,1637000,1637000,None,None,None,558334000,14240000,4614000,None,110223000,USD,-200000,-613000,-200000,None,-5000,6546000,None,-374000,-8990000,-2365000,-8711000,116000,551000,None,6551000,156000,-2250000,1120000,200000,-1051000,None,-2365000,0.8052,0.5991
5,2019-03-31,USD,1851000,8672000,1243000,608000,-8068000,-8068000,5973000,None,-8068000,None,2699000,-4000,-8064000,None,None,None,None,None,None,None,None,0,-4000,None,-8068000,-8068000,None,USD,17201000,457000,None,1091000,19633000,-2432000,None,10764000,102000,-554184000,None,None,1905000,6979000,17859000,642000,642000,None,2675000,10605000,None,-2889000,None,1473000,1746000,1062000,7095000,None,None,102000,None,-554184000,None,None,3464000,None,6596000,2438000,28000,1774000,1774000,None,None,None,551650000,17201000,6979000,None,102105000,USD,-313000,-739000,-313000,None,-4000,1173000,None,-331000,-8068000,-6787000,-7647000,220000,552000,None,1177000,47000,202000,351000,313000,-10000,None,-6787000,0.9688,0.8052
6,2018-12-31,USD,1833000,9331000,4439000,-2606000,-11948000,-11948000,6761000,0,-11948000,0,2570000,-11000,-11937000,0,0,None,None,None,0,0,0,0,-11000,0,-11948000,-11948000,None,USD,23033000,486000,None,1311000,18916000,4117000,695000,10154000,100000,-546116000,695000,None,1905000,13766000,18188000,21000,None,None,2993000,17649000,None,3631000,None,1463000,None,1109000,8013000,None,None,100000,None,-546116000,None,None,1905000,None,5384000,33000,33000,None,728000,None,None,None,550133000,23033000,13766000,None,100105000,USD,None,277000,-147000,None,-10000,3813000,139000,702000,-11948000,556000,-3110000,761000,457000,None,3823000,-1037000,4661000,3719000,147000,4661000,None,556000,0.6039,0.9688
7,2018-09-30,USD,11572000,8639000,2645000,8927000,289000,289000,6386000,0,289000,0,2253000,1000,288000,0,0,None,None,None,0,0,0,0,1000,0,289000,289000,None,USD,29970000,515000,None,893000,17922000,12048000,504000,10027000,93000,-534168000,504000,0,2927000,13210000,17391000,13000,None,None,2954000,23574000,None,11533000,0,6124000,27000,3347000,7351000,10086000,0,93000,0,-534168000,0,None,2927000,None,6396000,27000,27000,None,531000,None,None,None,546123000,29970000,13210000,None,93073000,USD,None,-6174000,-469000,0,137000,-105000,139000,-333000,289000,-7783000,-7209000,195000,471000,0,-242000,23000,-3452000,1439000,469000,-3452000,None,-7783000,1.21,0.6039
8,2018-06-30,USD,2014000,8784000,1681000,333000,-8459000,-8459000,6691000,0,-8459000,0,2093000,-8000,-8451000,0,0,None,None,None,0,0,0,0,-8000,0,-8459000,-8459000,None,USD,35990000,544000,None,1221000,24376000,11614000,416000,15063000,93000,-534457000,437000,0,2933000,20993000,23939000,None,None,None,3122000,29391000,None,11070000,0,2672000,0,4505000,8876000,10086000,0,93000,0,-534457000,0,None,2933000,None,6599000,None,None,21000,437000,None,None,None,545978000,35990000,20993000,None,93073000,USD,None,4583000,-320000,0,-2000,16782000,139000,-245000,-8459000,13765000,-2697000,409000,462000,0,16782000,14000,88000,206000,320000,88000,None,13765000,1.12,1.21
9,2018-03-31,USD,2188000,7435000,1873000,315000,-7132000,-7132000,4828000,0,-7132000,0,2607000,-12000,-7120000,0,0,None,None,None,0,0,0,0,-12000,0,-7132000,-7132000,None,USD,22518000,573000,None,1547000,19232000,3286000,366000,10103000,79000,-525998000,529000,0,3514000,7228000,18703000,None,None,None,2950000,16054000,None,2713000,0,2760000,0,4519000,8600000,3286000,0,79000,0,-525998000,0,None,2941000,None,6464000,None,None,163000,529000,None,None,None,529205000,22518000,7228000,None,78613000,USD,None,-437000,-182000,0,-2000,16782000,139000,-128000,-7132000,-9738000,-9556000,-702000,448000,0,0,18000,-2065000,314000,182000,-2065000,None,-9738000,1.13,1.12
10,2017-12-31,USD,2560000,7868000,2550000,10000,-7861000,-7861000,4679000,0,-7861000,0,3189000,-3000,-7858000,0,0,None,None,None,0,0,0,0,-6000,0,-7861000,-7861000,None,USD,29697000,602000,None,945000,24831000,4866000,4453000,11141000,79000,-524086000,4758000,0,3299000,16966000,20073000,None,None,None,3251000,23147000,None,4264000,0,695000,0,4541000,8932000,7474000,0,79000,0,-524086000,0,None,2697000,None,6550000,None,None,305000,4758000,None,None,None,528873000,29697000,16966000,None,78597000,USD,None,189000,-593000,59000,None,-112000,None,9909000,-7861000,-8337000,-7632000,-99000,491000,0,-112000,-1090000,-325000,1068000,652000,-330000,None,-8337000,1.63,1.13
11,2017-09-30,USD,6086000,5489000,5843000,243000,-5241000,-5241000,3427000,0,-5241000,0,2062000,5000,-5246000,0,0,None,None,None,0,0,0,0,0,0,-5241000,-5241000,None,USD,37304000,631000,None,3192000,24827000,12477000,4461000,11033000,79000,-516225000,4488000,0,1116000,25303000,20339000,None,None,None,3200000,32988000,None,11846000,0,240000,0,4253000,9306000,7474000,0,79000,0,-516225000,0,None,485000,None,4316000,None,None,27000,4488000,None,None,None,528623000,37304000,25303000,None,78594000,USD,None,-1317000,-448000,0,None,13695000,None,140000,-5241000,7559000,-5688000,1037000,536000,0,13695000,-1741000,5000,473000,448000,565000,None,7559000,2.78,1.63
12,2017-06-30,USD,1453000,5997000,945000,508000,-5494000,-5494000,3672000,0,-5494000,0,2325000,-5000,-5489000,0,0,None,None,None,0,0,0,0,0,0,-5494000,-5494000,None,USD,29911000,660000,None,4233000,26086000,3825000,4756000,11069000,72000,-510984000,4792000,0,1153000,17744000,21294000,None,None,None,3299000,25459000,None,3165000,0,805000,0,2677000,10225000,7474000,0,72000,0,-510984000,0,None,493000,None,4452000,None,None,36000,4792000,None,None,None,514737000,29911000,17744000,None,71596000,USD,None,13856000,-1245000,0,None,6764000,None,7322000,-5494000,10089000,4570000,-3200000,116000,0,6764000,-662000,400000,415000,1245000,-461000,None,10089000,2.12,2.78
13,2017-03-31,USD,792000,5898000,538000,254000,-5647000,-5647000,3318000,0,-5647000,0,2580000,-3000,-5644000,0,0,None,None,None,0,0,0,0,0,0,-5647000,-5647000,None,USD,14823000,689000,None,810000,12673000,2150000,5046000,999000,68000,-505490000,5091000,0,1268000,7655000,7582000,None,None,None,2569000,10986000,None,1461000,0,469000,0,2052000,6583000,2150000,0,68000,0,-505490000,0,None,579000,None,3837000,None,None,45000,5091000,None,None,None,507572000,14823000,7655000,None,68122000,USD,None,-301000,-755000,0,None,6385000,None,-271000,-5647000,-7484000,-6729000,-271000,114000,0,6385000,-819000,-691000,294000,755000,-99000,None,-7484000,2.49,2.12
14,2016-12-31,USD,2905000,5846000,2400000,505000,-5370000,-5370000,3605000,0,-5370000,0,2273000,-29000,-5341000,-32000,0,None,None,None,0,0,0,0,-14000,0,-5370000,-5370000,None,USD,20106000,718000,None,731000,12632000,7474000,5335000,999000,68000,-499843000,5388000,0,1221000,15139000,7244000,None,None,None,1537000,17348000,None,6756000,0,245000,0,1233000,6245000,-153000,0,68000,0,-499843000,0,None,503000,None,2758000,None,None,53000,5388000,None,None,None,507249000,20106000,15139000,None,68093000,USD,None,-641000,-609000,4000,-15000,13908000,None,336000,-5370000,9336000,-3963000,-320000,550000,0,13923000,19000,1317000,223000,613000,1576000,None,9336000,1.26,2.49
15,2016-09-30,USD,4000000,5284000,2793000,1207000,-4070000,-4070000,3053000,0,-4070000,0,2231000,7000,-4077000,0,0,None,None,None,0,0,0,0,0,0,-4070000,-4070000,None,USD,11907000,750000,None,461000,13203000,-1296000,5628000,2184000,54000,-494473000,5628000,0,1203000,5803000,7575000,None,None,None,1367000,9337000,None,-2046000,0,1821000,0,1252000,5391000,-153000,0,54000,0,-494473000,0,None,453000,None,2570000,None,None,None,5628000,None,None,None,493123000,11907000,5803000,None,53944000,USD,None,-515000,-89000,0,-15000,2461000,None,165000,-4070000,-1388000,-3760000,165000,237000,0,2461000,-150000,-95000,307000,89000,266000,None,-1388000,1.38,1.26
16,2016-06-30,USD,4155000,5050000,2592000,1563000,-3476000,-3476000,2879000,0,-3476000,0,2171000,11000,-3487000,0,0,None,None,None,0,0,0,0,0,0,-3476000,-3476000,None,USD,13580000,781000,None,626000,13472000,108000,5919000,1904000,52000,-490403000,5919000,0,1234000,7191000,7553000,None,None,None,1324000,11022000,None,-673000,0,2087000,0,1118000,5649000,-153000,0,52000,0,-490403000,0,None,453000,None,2558000,None,None,None,5919000,None,None,None,490459000,13580000,7191000,None,51759000,USD,None,23000,-111000,0,-15000,209000,None,-36000,-3476000,-4018000,-4116000,-36000,241000,0,209000,-261000,651000,484000,111000,-1091000,None,-4018000,1.68,1.38
17,2016-03-31,USD,3701000,4665000,2589000,1112000,-3556000,-3556000,2597000,0,-3556000,0,2068000,-3000,-3553000,0,0,None,None,None,0,0,0,0,0,0,-3556000,-3556000,None,USD,16504000,813000,None,590000,13646000,2858000,6207000,1203000,51000,-486927000,6207000,0,1266000,11209000,7439000,None,None,None,1537000,13701000,None,2045000,0,996000,0,906000,6236000,0,0,51000,0,-486927000,0,None,453000,None,2803000,None,None,None,6207000,None,None,None,489734000,16504000,11209000,None,51494000,USD,None,-641000,-82000,0,None,6385000,None,None,-3556000,3321000,-2982000,48000,219000,0,6385000,-166000,691000,423000,82000,691000,None,3321000,1.87,1.68
18,2015-12-31,USD,1846000,4679000,1467000,379000,-4298000,-4298000,2540000,0,-4298000,0,2139000,2000,-4300000,-1000,0,None,None,None,0,0,0,0,8000,0,-4298000,-4298000,None,USD,14042000,845000,None,638000,14195000,-153000,6491000,2122000,47000,-483371000,6491000,0,1298000,7888000,7704000,None,None,None,1669000,11075000,None,-998000,0,1687000,0,862000,5582000,0,0,47000,0,-483371000,0,None,453000,None,2967000,None,None,None,6491000,None,None,None,483171000,14042000,7888000,None,47423000,USD,None,2005000,-129000,0,-15000,523000,None,443000,-4298000,-3272000,-3666000,-104000,164000,0,523000,-593000,-1018000,273000,129000,-1113000,None,-3272000,2.86,1.87
19,2015-09-30,USD,2398000,4103000,1813000,585000,-3513000,-3513000,2231000,0,-3513000,0,1873000,5000,-3518000,-1000,0,None,None,None,0,0,0,0,0,0,-3513000,-3513000,None,USD,15538000,877000,None,543000,12192000,3346000,6782000,1002000,47000,-479073000,6782000,0,1330000,11160000,5410000,None,None,None,1662000,12546000,None,2469000,0,574000,0,269000,4408000,0,0,47000,0,-479073000,0,None,453000,None,2992000,None,None,None,6782000,None,None,None,482372000,15538000,11160000,None,47216000,USD,None,-1349000,-292000,0,None,-11000,None,None,-3513000,-3925000,-3622000,-13000,149000,0,-11000,79000,95000,279000,292000,746000,None,-3925000,3.19,2.86
