,fiscalDateEnding,reportedCurrency_x,totalRevenue,totalOperatingExpense,costOfRevenue,grossProfit,ebit,netIncome_x,researchAndDevelopment,effectOfAccountingCharges,incomeBeforeTax,minorityInterest,sellingGeneralAdministrative,otherNonOperatingIncome,operatingIncome,otherOperatingExpense,interestExpense,taxProvision,interestIncome,netInterestIncome,extraordinaryItems,nonRecurring,otherItems,incomeTaxExpense,totalOtherIncomeExpense,discontinuedOperations,netIncomeFromContinuingOperations,netIncomeApplicableToCommonShares,preferredStockAndOtherAdjustments,reportedCurrency_y,totalAssets,intangibleAssets,earningAssets,otherCurrentAssets,totalLiabilities,totalShareholderEquity,deferredLongTermLiabilities,otherCurrentLiabilities,commonStock,retainedEarnings,otherLiabilities,goodwill,otherAssets,cash,totalCurrentLiabilities,shortTermDebt,currentLongTermDebt,otherShareholderEquity,propertyPlantEquipment,totalCurrentAssets,longTermInvestments,netTangibleAssets,shortTermInvestments,netReceivables,longTermDebt,inventory,accountsPayable,totalPermanentEquity,additionalPaidInCapital,commonStockTotalEquity,preferredStockTotalEquity,retainedEarningsTotalEquity,treasuryStock,accumulatedAmortization,otherNonCurrrentAssets,deferredLongTermAssetCharges,totalNonCurrentAssets,capitalLeaseObligations,totalLongTermDebt,otherNonCurrentLiabilities,totalNonCurrentLiabilities,negativeGoodwill,warrants,preferredStockRedeemable,capitalSurplus,liabilitiesAndShareholderEquity,cashAndShortTermInvestments,accumulatedDepreciation,commonStockSharesOutstanding,reportedCurrency,investments,changeInLiabilities,cashflowFromInvestment,otherCashflowFromInvestment,netBorrowings,cashflowFromFinancing,otherCashflowFromFinancing,changeInOperatingActivities,netIncome_y,changeInCash,operatingCashflow,otherOperatingCashflow,depreciation,dividendPayout,stockSaleAndPurchase,changeInInventory,changeInAccountReceivables,changeInNetIncome,capitalExpenditures,changeInReceivables,changeInExchangeRate,changeInCashAndCashEquivalents,clossingVal,nextClossingVal
0,2020-06-30,USD,545369000,366704000,183001000,362368000,237185000,207298000,110172000,None,169499000,None,72893000,None,178665000,-173000,None,-37799000,None,-5767000,None,None,None,-37799000,-3399000,None,207298000,207298000,None,USD,3629303000,87959000,None,39219000,1971846000,1657457000,None,None,266000,1671786000,524490000,562540000,110569000,1578670000,453334000,None,None,-14595000,550406000,2317829000,None,1006958000,35536000,404778000,994022000,259626000,91982000,None,None,None,None,None,None,None,110569000,None,1311474000,None,None,139418000,1518512000,None,None,None,None,None,None,None,None,USD,-74435000,5405000,-74435000,2000,None,-191133000,-6741000,-10304000,207298000,-53239000,212329000,None,36384000,-128058000,-82299000,-34562000,None,43888000,15680000,None,None,None,60.61,
1,2020-03-31,USD,561916000,183090000,-195479000,366437000,181725000,161190000,109091000,None,181725000,None,71643000,-1622000,183347000,1833000,-9300000,20535000,None,-1622000,None,523000,None,20535000,-523000,None,161190000,161190000,None,USD,3548935000,44642000,None,25288000,1928992000,1619943000,None,111235000,267000,1632325000,499302000,532251000,43028000,1638667000,387926000,None,None,-12649000,564636000,2310023000,None,1043050000,47109000,378273000,993663000,220686000,276691000,None,None,267000,None,1632325000,None,None,97383000,None,1238912000,None,993663000,547403000,1541066000,None,None,None,None,3548935000,1685776000,None,267563000,USD,15365000,26143000,-1483000,220000,None,-289835000,18535000,21914000,161190000,-81527000,209791000,-4710000,24141000,-129072000,-179298000,3308000,None,23652000,17068000,-23933000,None,-81527000,48.61,60.61
2,2019-12-31,USD,551070000,191468000,-190546000,360524000,169039000,146050000,111914000,None,169039000,None,76071000,-17000,169056000,755000,-9300000,22989000,None,-17000,None,2728000,None,22989000,-2728000,None,146050000,146050000,None,USD,3626829000,48509000,None,23797000,1900320000,1726509000,None,105237000,270000,1737528000,495762000,532251000,39243000,1720194000,360471000,None,None,-11289000,571359000,2379297000,None,1145749000,63006000,348342000,993303000,223958000,255234000,None,None,270000,None,1737528000,None,None,95413000,None,1247532000,None,993303000,546546000,1539849000,None,None,None,None,3626829000,1783200000,None,269743000,USD,34630000,-5735000,21055000,95000,None,-233517000,-8000000,-6922000,146050000,25003000,237465000,-3377000,24087000,-129810000,-95707000,12005000,37005000,27430000,13670000,37005000,None,25003000,61.51,48.61
3,2019-09-30,USD,533040000,187319000,-189717000,343323000,157833000,140156000,108989000,None,157833000,None,76115000,1829000,156004000,781000,-9300000,17677000,None,1829000,None,1434000,None,17677000,-1434000,None,140156000,140156000,None,USD,3680787000,52376000,None,24982000,1899501000,1781286000,None,90206000,271000,1793012000,510942000,532251000,38558000,1695191000,342516000,None,None,-11997000,574097000,2424624000,None,1196659000,98176000,370316000,992944000,235959000,252310000,None,None,271000,None,1793012000,None,None,97439000,None,1256163000,None,992944000,564041000,1556985000,None,None,None,None,3680787000,1793367000,None,270883000,USD,43437000,14115000,22814000,8000,None,-226235000,-9943000,-14229000,140156000,-62151000,141270000,-52443000,23921000,-130222000,-96013000,10578000,-20584000,25527000,20631000,-20584000,None,-62151000,57.91,61.51
4,2019-06-30,USD,556545000,182820000,-616672000,356391000,177650000,367558000,-765308000,None,177650000,None,-542104000,4079000,173571000,-5386000,-9643000,-189908000,None,1057000,None,-5423000,None,-189908000,1307000,None,367558000,367558000,None,USD,3743982000,56242000,None,34640000,1898706000,1845276000,None,100490000,272000,1856358000,534955000,532251000,38267000,1757342000,371167000,None,None,-11354000,577722000,2539500000,None,1256783000,140990000,360016000,992584000,246512000,270677000,None,None,272000,None,1856358000,None,None,38267000,None,1204482000,None,992584000,534955000,1527539000,None,None,None,None,3743982000,1898332000,None,279000000,USD,101931000,-234280000,71524000,246000,None,-206212000,-6663000,-17078000,367558000,102779000,237467000,-11875000,25569000,-125345000,-80867000,26383000,15615000,48497000,30653000,15615000,None,102779000,59.82,57.91
5,2019-03-31,USD,542383000,183691000,-201552000,340831000,160458000,130613000,107075000,None,160458000,None,74116000,3318000,157140000,756000,-9300000,29845000,None,3318000,None,1744000,None,29845000,-1744000,None,130613000,130613000,None,USD,3803854000,61036000,None,24358000,2141107000,1662747000,None,106011000,279000,1672938000,749885000,532251000,61843000,1654563000,398997000,None,None,-10470000,571955000,2576769000,None,1069460000,243864000,381152000,992225000,272832000,292986000,None,None,279000,None,1672938000,None,None,61843000,None,1227085000,None,992225000,749885000,1742110000,None,None,None,None,3803854000,1898427000,None,272695000,USD,310698000,34860000,288933000,-508000,None,-248048000,-1052000,31392000,130613000,247823000,206938000,3561000,27182000,-125566000,-121430000,6123000,-14323000,18922000,21257000,-14323000,None,247823000,53.17,59.82
6,2018-12-31,USD,576906000,190844000,-203858000,373048000,182676000,131892000,110303000,None,182676000,None,77853000,472000,182204000,756000,-11700000,None,None,None,-22100000,1932000,None,50784000,-1460000,None,131892000,131892000,None,USD,3888927000,67161000,None,26933000,2133513000,1755414000,None,130601000,279000,1766471000,735167000,532251000,59614000,1406740000,406480000,None,None,-11336000,571983000,2657918000,None,1156002000,553901000,391419000,991866000,278925000,275879000,None,None,279000,None,1766471000,None,None,59614000,None,1231009000,None,991866000,735167000,1727033000,None,None,None,None,3888927000,1960641000,None,273942000,USD,411672000,110000,399076000,1000,-500000000,-815358000,-5916000,-1034000,131892000,-192032000,224250000,6038000,26803000,-126808000,-188550000,-3505000,43402000,19510000,12597000,43402000,None,-192032000,50.85,53.17
7,2018-09-30,USD,638495000,196053000,208259000,430236000,233637000,197423000,112708000,None,233637000,None,81518000,-546000,234183000,833000,-12400000,None,None,None,None,994000,None,36214000,-1540000,None,197423000,197423000,None,USD,4548552000,74785000,None,33329000,2636229000,1912323000,0,135187000,279000,1924764000,716446000,532251000,56977000,1598772000,928277000,499762000,499762000,-12720000,573014000,3311525000,None,1305287000,964643000,439407000,991506000,275374000,293328000,0,0,279000,0,1924764000,0,None,56977000,None,1237027000,None,991506000,716446000,1707952000,None,None,None,None,4548552000,2563415000,None,282000000,USD,118642000,-10171000,97378000,-2948000,-500000000,-249275000,-8000000,-51276000,197423000,55288000,207185000,-12625000,31191000,-127857000,-113418000,7002000,-23604000,17969000,18316000,-23604000,None,55288000,56.39,50.85
8,2018-06-30,USD,633154000,196272000,214486000,418668000,223702000,194173000,112056000,0,223702000,0,81003000,1306000,222396000,17441000,-12615000,None,None,None,0,-14228000,0,29529000,1044000,0,194173000,194173000,None,USD,4451561000,78246000,None,21548000,2520621000,1930940000,0,27806000,279000,1945646000,732079000,532251000,51291000,1543484000,797395000,499406000,499406000,-14985000,579364000,3210409000,None,1320443000,1082915000,280072000,991147000,282390000,297989000,0,0,279000,0,1945646000,0,None,51291000,None,1241152000,None,991147000,732079000,1723226000,None,None,None,None,4451561000,2626399000,None,278664000,USD,10809000,-156048000,-1247000,62000,-500000000,-231521000,-9148000,1496000,194172000,-86109000,146659000,-185000,35206000,-117321000,-114200000,-9450000,40480000,42484000,12118000,40480000,None,-86109000,58.66,56.39
9,2018-03-31,USD,648599000,199108000,224653000,423946000,222304000,193627000,114390000,0,222304000,0,81304000,-2534000,224838000,1142000,-12500000,None,None,None,0,2272000,0,28677000,-4806000,0,193627000,193627000,None,USD,4623195000,90848000,None,22275000,2672204000,1950991000,0,32599000,283000,1963912000,877466000,532904000,69428000,1629593000,803951000,499050000,499050000,-13204000,589177000,3340838000,None,1327239000,1094801000,320553000,990787000,273616000,304901000,0,0,283000,0,1963912000,0,None,69428000,None,1282357000,None,990787000,877466000,1868253000,None,None,None,None,4623195000,2724394000,None,286000000,USD,94226000,66535000,22367000,-54929000,-500000000,-247509000,-9642000,35459000,193627000,-1917000,223225000,-1244000,37201000,-117883000,-129626000,-11036000,-80953000,19095000,16930000,-80953000,None,-1917000,60.22,58.66
10,2017-12-31,USD,622637000,208628000,212961000,409676000,197927000,-75015000,115896000,0,197927000,0,85323000,-3121000,201048000,36000,12500000,None,None,None,0,7373000,0,272942000,-10494000,0,-75015000,-75015000,None,USD,4564512000,67716000,None,24153000,2578814000,1985698000,0,151403000,283000,1997207000,842996000,491015000,623974000,1631510000,745390000,498694000,498694000,-11792000,597818000,3342720000,None,1426967000,1191765000,235695000,990428000,259597000,246696000,0,0,283000,0,1997207000,0,None,65243000,None,1221792000,None,990428000,842996000,1833424000,None,None,None,None,4564512000,2823275000,None,282000000,USD,1440000,236169000,-19529000,1444000,None,-155996000,-6104000,36715000,-75014000,54350000,229875000,32309000,35813000,-101421000,-54575000,-14125000,20759000,17203000,22413000,-2480000,None,54350000,52.28,60.22
11,2017-09-30,USD,575676000,188665000,201845000,373831000,180952000,154533000,108601000,0,180952000,0,73681000,-4214000,185166000,908000,12600000,None,None,None,0,5475000,0,26419000,0,0,154533000,154533000,None,USD,4536006000,79850000,None,55033000,2338262000,2197744000,1436000,16994000,283000,2207052000,614508000,491015000,632802000,1577160000,233912000,1488406000,1488406000,-9591000,598313000,3307582000,None,1626879000,1196827000,233215000,1488406000,245347000,216918000,0,0,283000,0,2207052000,0,None,59246000,None,1228424000,None,1488406000,614508000,2104350000,None,None,None,None,4536006000,2773987000,None,286000000,USD,-698809000,-27649000,-711657000,1473000,None,-177009000,-5416000,-34535000,154533000,-668961000,219705000,1488000,36754000,-101462000,-75547000,1835000,23239000,29505000,14321000,23239000,None,-668961000,47.71,52.28
12,2017-06-30,USD,602005000,194288000,208339000,393666000,195580000,163309000,114011000,0,195580000,0,52185000,-3798000,199378000,39371000,7500000,None,None,None,0,-11279000,0,32271000,-12038000,0,163309000,163309000,None,USD,4570233000,90867000,None,57059000,2367539000,2202694000,1514000,14974000,283000,2212301000,599350000,491015000,658058000,2246121000,278997000,1487678000,1487678000,-9890000,609783000,3305594000,None,1620812000,498718000,256454000,1487678000,247242000,264023000,0,0,283000,0,2212301000,0,None,72974000,None,1264639000,None,1487678000,599350000,2088542000,None,None,None,None,4570233000,2744839000,None,282912000,USD,109000,13736000,-5365000,7576000,496312000,357831000,-28871000,-33048000,163309000,589394000,236928000,-7447000,38194000,-93395000,-45086000,-5715000,78000,33712000,13050000,1139000,None,589394000,44.9,47.71
13,2017-03-31,USD,581216000,192652000,214312000,366904000,170368000,140213000,113163000,0,170368000,0,73987000,-3884000,174252000,4052000,8000000,None,None,None,0,1450000,0,30155000,0,0,140213000,140213000,None,USD,4017783000,103981000,None,60195000,1857474000,2160309000,0,35724000,284000,2169760000,571487000,491015000,665841000,1656727000,294110000,None,None,-9735000,637991000,2715107000,None,1565313000,499154000,257592000,991877000,241439000,258386000,0,0,284000,0,2169760000,0,None,69689000,None,1302676000,None,991877000,571487000,1563364000,None,None,None,None,4017783000,2155881000,None,288000000,USD,-99560000,54762000,-107059000,787000,500000000,-144346000,-8268000,16862000,140213000,-30708000,220697000,17862000,40473000,-93387000,-50959000,-5505000,1061000,6142000,8286000,-33250000,None,-30708000,44.96,44.9
14,2016-12-31,USD,550998000,191104000,210820000,340178000,148438000,130477000,114057000,0,148438000,0,71543000,-636000,149074000,4257000,9500000,None,None,None,0,1247000,0,17961000,0,0,130477000,130477000,None,USD,3947974000,117393000,None,75284000,1803783000,2144191000,0,36137000,284000,2155698000,551829000,491015000,664752000,1687435000,260673000,None,None,-11791000,661816000,2622562000,None,1535783000,399461000,224342000,991281000,236040000,224536000,0,0,284000,0,2155698000,0,None,55188000,None,1325412000,None,991281000,551829000,1543110000,None,None,None,None,3947974000,2086896000,None,288000000,USD,-199494000,-3902000,-213045000,2224000,-250000000,-384223000,-4239000,-7583000,130477000,-404638000,192630000,-1863000,42140000,-93562000,-40661000,-12512000,32189000,9114000,15775000,29176000,None,-404638000,38.57,44.96
15,2016-09-30,USD,561396000,173659000,215664000,345732000,165203000,137614000,112746000,0,165203000,0,70852000,-6870000,161252000,-26038000,9300000,None,None,None,0,16099000,0,27589000,0,0,137614000,137614000,None,USD,4192616000,131496000,None,89398000,2057380000,2135236000,0,35754000,284000,2134952000,534728000,491015000,680255000,2092073000,531967000,249788000,249788000,-6374000,678447000,2833914000,None,1512725000,175441000,253518000,990685000,223484000,246425000,0,0,284000,0,2141326000,0,None,54890000,None,1358702000,None,990685000,534728000,1525413000,None,None,None,None,4192616000,2267514000,None,289000000,USD,-28021000,-63309000,73000,42199000,-250000000,-136631000,-5206000,-12099000,137614000,-13156000,123402000,-12099000,43485000,-93627000,-43004000,2517000,3013000,12181000,14310000,3013000,None,-13156000,39.93,38.57
16,2016-06-30,USD,566126000,224654000,219099000,347027000,115946000,92339000,113491000,0,115946000,0,76445000,-6427000,122373000,27017000,8200000,None,None,None,0,7701000,0,23607000,-237114000,0,92339000,92339000,None,USD,4234616000,146540000,None,91920000,2126802000,2107814000,756000,38779000,284000,2121749000,526553000,490648000,735017000,2105229000,609403000,249717000,1239807000,-14219000,706280000,2807048000,None,1470626000,125439000,256531000,990090000,227929000,320907000,0,0,284000,0,2121749000,0,None,84100000,None,1427568000,None,990090000,526553000,1517399000,None,None,None,None,4234616000,2230668000,None,283909000,USD,23446000,40327000,35649000,34691000,249717000,105169000,1890000,-28525000,92339000,394889000,254071000,8012000,46414000,-85210000,-61228000,7657000,22313000,37351000,22488000,21971000,None,394889000,35.69,39.93
17,2016-03-31,USD,555252000,141133000,236411000,318841000,171335000,139810000,119178000,0,171335000,0,16359000,-6373000,177708000,2538000,8200000,None,None,None,0,3058000,0,31525000,0,0,139810000,139810000,None,USD,3981468000,188510000,None,88389000,1842705000,2138763000,643000,34457000,280000,2154767000,500029000,490648000,770777000,1710340000,342033000,None,None,-16284000,762514000,2461910000,None,1459605000,150076000,278502000,1000000000,234603000,307576000,0,0,280000,0,2154767000,0,None,77886000,None,1519558000,None,1000000000,500029000,1500672000,None,None,None,None,3981468000,1860416000,None,290000000,USD,-26782000,53316000,60824000,105136000,None,-166988000,1491000,None,139810000,61822000,167986000,-8947000,47088000,-85714000,-82765000,22785000,342000,-38744000,17530000,-47322000,None,61822000,36.78,35.69
18,2015-12-31,USD,510831000,202636000,218662000,292169000,79940000,67469000,113100000,0,79940000,0,73396000,-9593000,89533000,3538000,8100000,None,None,None,0,12602000,0,12471000,0,0,67469000,67469000,None,USD,3937481000,202877000,None,47235000,1788657000,2148824000,651000,32067000,63014000,2103339000,472755000,490648000,840304000,1648518000,315251000,None,None,-17529000,853222000,2326629000,None,1455299000,124955000,231180000,1000000000,274741000,283184000,0,0,63014000,0,2103339000,0,None,64105000,None,1610852000,None,1000000000,472755000,1473406000,None,None,None,None,3937481000,1773473000,None,291000000,USD,-31040000,-32974000,7519000,52089000,None,-49837000,3920000,None,67469000,140171000,182489000,-918000,49082000,-85712000,31955000,15811000,47664000,32728000,13530000,51291000,None,140171000,38.0,36.78
19,2015-09-30,USD,562510000,362116000,276159000,286351000,-82167000,-72143000,121392000,0,-82167000,0,72310000,-6402000,-75765000,3591000,8200000,None,None,None,0,164823000,0,-10024000,0,0,-72143000,-72143000,None,USD,3944886000,241423000,None,46627000,1830085000,2114801000,10602000,35091000,10819000,2103982000,473529000,511647000,860260000,1508347000,345954000,None,None,-17600000,805580000,2279046000,None,1361731000,100285000,333075000,1000000000,290712000,310863000,0,0,10819000,0,2121582000,0,None,107190000,None,1665840000,None,1000000000,473529000,1484131000,None,None,None,None,3944886000,1608632000,None,285000000,USD,-26055000,-30720000,-41270000,606000,None,-118687000,2249000,None,-72143000,-42618000,117339000,4796000,102053000,-85387000,-35549000,-2167000,0,119147000,15821000,-3627000,None,-42618000,33.39,38.0
