,fiscalDateEnding,reportedCurrency_x,totalRevenue,totalOperatingExpense,costOfRevenue,grossProfit,ebit,netIncome_x,researchAndDevelopment,effectOfAccountingCharges,incomeBeforeTax,minorityInterest,sellingGeneralAdministrative,otherNonOperatingIncome,operatingIncome,otherOperatingExpense,interestExpense,taxProvision,interestIncome,netInterestIncome,extraordinaryItems,nonRecurring,otherItems,incomeTaxExpense,totalOtherIncomeExpense,discontinuedOperations,netIncomeFromContinuingOperations,netIncomeApplicableToCommonShares,preferredStockAndOtherAdjustments,reportedCurrency_y,totalAssets,intangibleAssets,earningAssets,otherCurrentAssets,totalLiabilities,totalShareholderEquity,deferredLongTermLiabilities,otherCurrentLiabilities,commonStock,retainedEarnings,otherLiabilities,goodwill,otherAssets,cash,totalCurrentLiabilities,shortTermDebt,currentLongTermDebt,otherShareholderEquity,propertyPlantEquipment,totalCurrentAssets,longTermInvestments,netTangibleAssets,shortTermInvestments,netReceivables,longTermDebt,inventory,accountsPayable,totalPermanentEquity,additionalPaidInCapital,commonStockTotalEquity,preferredStockTotalEquity,retainedEarningsTotalEquity,treasuryStock,accumulatedAmortization,otherNonCurrrentAssets,deferredLongTermAssetCharges,totalNonCurrentAssets,capitalLeaseObligations,totalLongTermDebt,otherNonCurrentLiabilities,totalNonCurrentLiabilities,negativeGoodwill,warrants,preferredStockRedeemable,capitalSurplus,liabilitiesAndShareholderEquity,cashAndShortTermInvestments,accumulatedDepreciation,commonStockSharesOutstanding,reportedCurrency,investments,changeInLiabilities,cashflowFromInvestment,otherCashflowFromInvestment,netBorrowings,cashflowFromFinancing,otherCashflowFromFinancing,changeInOperatingActivities,netIncome_y,changeInCash,operatingCashflow,otherOperatingCashflow,depreciation,dividendPayout,stockSaleAndPurchase,changeInInventory,changeInAccountReceivables,changeInNetIncome,capitalExpenditures,changeInReceivables,changeInExchangeRate,changeInCashAndCashEquivalents,clossingVal,nextClossingVal
0,2020-06-30,USD,2731200000,891500000,1705500000,1025700000,136200000,39400000,156300000,None,20000000,None,719400000,2000000,134200000,None,116200000,-19400000,None,-116200000,None,15800000,None,-19400000,-13800000,None,39400000,39400000,None,USD,30155400000,10955900000,None,602100000,18409200000,11746200000,1542200000,2228200000,6100000,6091500000,2284300000,9523300000,872500000,323600000,6971300000,3198400000,3144400000,-2024900000,2037500000,6464600000,71400000,-8733000000,96700000,2753200000,8994400000,2785700000,1544700000,None,None,6100000,None,6091500000,-999700000,None,424700000,None,749400000,227400000,8994400000,901300000,11437900000,None,None,None,8673200000,30155400000,323600000,None,None,USD,-21600000,5000000,-74500000,-8400000,-557100000,-584300000,-27200000,-30400000,39400000,-279300000,379500000,28400000,415700000,None,None,-144000000,49000000,25400000,44500000,49000000,None,-279300000,16.08,
1,2020-03-31,USD,2619200000,721400000,1713100000,906100000,150600000,20800000,114200000,None,30700000,None,605400000,-34100000,184700000,None,119900000,9900000,-121400000,-119900000,None,1800000,None,9900000,-35900000,None,20800000,20800000,None,USD,30145900000,11046900000,None,613900000,18883200000,11262700000,1538200000,2212700000,6100000,6051900000,2293100000,9326700000,787300000,572400000,5228200000,1487700000,1433900000,-2453500000,2067000000,6600500000,81100000,-9110900000,125400000,2774600000,11197800000,2639600000,1527800000,None,None,6100000,None,6051900000,-999700000,None,403500000,None,701300000,234600000,11197800000,919000000,13655000000,None,None,None,8657900000,30145900000,572400000,None,517000000,USD,-35500000,-190200000,-145600000,-66700000,100000,-24800000,-25500000,75000000,20800000,120700000,291100000,103000000,415000000,None,600000,-131800000,73600000,21500000,43400000,73600000,None,120700000,14.91,16.08
2,2019-12-31,USD,3191800000,2910600000,2104400000,1087400000,808900000,20500000,151800000,None,135200000,None,654400000,None,281200000,None,126000000,114700000,-144800000,-126000000,None,None,None,114700000,-20000000,None,20500000,20500000,None,USD,31255500000,11649900000,None,270700000,19371700000,11883800000,None,1722900000,6100000,6031100000,2412600000,9590600000,761300000,475600000,5569100000,567500000,567500000,-1797200000,2404200000,6757300000,92200000,-9356700000,109100000,2640100000,11214300000,2670900000,1061900000,None,None,None,None,None,-999700000,None,58200000,None,24498200000,252400000,11214300000,266600000,13802600000,None,None,None,8643500000,None,541400000,None,517000000,USD,-114500000,-13100000,-114500000,-119400000,-450300000,-464400000,-14200000,-153100000,20500000,116700000,686700000,None,547700000,None,8100000,-35300000,700000,310000000,119900000,None,None,None,20.1,14.91
3,2019-09-30,USD,2961700000,748700000,1889300000,1072400000,314700000,181800000,167900000,None,185800000,None,632700000,-9000000,323700000,None,128900000,-4000000,-123400000,-128900000,None,-51900000,None,4000000,42900000,None,181800000,189800000,None,USD,31053500000,11824300000,None,574700000,19590100000,11463400000,1557000000,2375200000,6100000,6010600000,2303300000,9387100000,707600000,358900000,4645000000,605300000,554500000,-2191200000,2123900000,6645100000,106600000,-9748000000,121700000,2948000000,12460500000,2763500000,1664500000,None,None,6100000,None,6010600000,-999700000,None,445000000,628100000,24408400000,257700000,12460500000,927600000,14945100000,None,None,None,8637600000,31053500000,358900000,None,516000000,USD,6800000,23000000,-176900000,141600000,900000,-132700000,100000,199600000,189800000,178200000,487800000,378500000,469700000,None,4000000,-150800000,-219600000,-13000000,42400000,-219600000,None,178200000,19.78,20.1
4,2019-06-30,USD,2851500000,837100000,1918900000,932600000,79100000,64300000,147600000,None,-52100000,None,668600000,-16400000,95500000,None,131200000,116400000,-169500000,-131200000,None,20900000,None,-116400000,-37300000,None,64300000,-168500000,None,USD,31816900000,12730700000,None,573900000,19914100000,4821100000,1635100000,2133000000,6100000,5820800000,2592800000,9692900000,612700000,211500000,4560300000,750600000,700200000,-1541700000,2146000000,6265400000,118400000,-10520800000,117400000,2703800000,12590100000,2776200000,1676700000,None,None,None,None,5820800000,-999700000,None,428800000,553100000,25551500000,249700000,12590100000,1128600000,15353800000,None,None,None,8617300000,31816900000,211500000,None,516000000,USD,4900000,324700000,-158400000,-7300000,5300000,-531800000,1200000,-43400000,-168500000,-21300000,668900000,-183800000,501400000,None,1600000,-143800000,136100000,34300000,44100000,136100000,None,-21300000,19.04,19.78
5,2019-03-31,USD,2495500000,781200000,1690300000,805200000,16700000,-204000000,172600000,None,-114500000,None,607900000,-7300000,24000000,None,131200000,-89500000,-149600000,-131200000,None,700000,None,89500000,-8000000,None,-204000000,-25000000,None,USD,31906600000,12955500000,None,545200000,20015000000,4989600000,1643200000,2114000000,6000000,5989300000,2616200000,9607900000,565900000,229800000,4157600000,703900000,655300000,-1710900000,2151400000,6262300000,127400000,-10671800000,101800000,2778500000,13086900000,2708800000,1339700000,None,None,None,None,5989300000,-999700000,None,421700000,507800000,25644300000,234300000,13086900000,1127300000,15857400000,None,None,None,8606500000,31906600000,229800000,None,515000000,USD,7800000,-491100000,-75600000,7100000,200000,-40100000,7100000,60400000,-25000000,-155400000,-39700000,31700000,500500000,None,2400000,-183000000,62800000,39400000,53100000,62800000,None,-155400000,28.34,19.04
6,2018-12-31,USD,3078700000,782800000,2063100000,1015600000,212200000,211000000,148800000,0,77000000,0,632900000,-20600000,232800000,0,135200000,None,None,None,-6800000,1100000,0,-134000000,-445900000,0,211000000,51200000,None,USD,32734900000,13664600000,None,518400000,20567800000,26775200000,1722000000,2147600000,6000000,6010700000,2818800000,9747800000,645900000,388100000,4587800000,701700000,655200000,13166800000,2170200000,6367700000,138700000,-11245300000,57500000,2881000000,13161200000,2580200000,1738500000,None,None,6000000,None,6010700000,-999700000,None,212400000,572200000,26367200000,None,13161200000,1096800000,15980000000,None,None,None,8591400000,32734900000,388100000,None,517000000,USD,-27600000,307900000,-175600000,-1046000000,-20700000,-576200000,-13500000,-258500000,352500000,-115700000,636100000,-550500000,608900000,600000,-414200000,-122100000,77900000,-38500000,389500000,77900000,-21000000,-136700000,27.4,28.34
7,2018-09-30,USD,2862400000,701000000,1823200000,1039200000,328400000,207700000,144100000,0,192200000,0,577300000,-9800000,338200000,0,136200000,None,None,None,0,-20400000,0,-15500000,-291900000,0,207700000,176700000,None,USD,33455600000,14239000000,None,583200000,21389400000,12066200000,1764400000,2528400000,6000000,5965800000,2916000000,9796600000,609200000,449200000,5182000000,1176800000,1146700000,-1490900000,2119600000,6541700000,149500000,-11969400000,61900000,2948700000,13291400000,2560600000,1476800000,12066200000,0,6000000,0,5965800000,-999700000,None,244700000,514000000,26913900000,None,13291400000,1151600000,16207400000,None,None,None,8585000000,33455600000,449200000,None,517000000,USD,5000000,142000000,-302100000,2600000,-224400000,-224800000,-2300000,338900000,176700000,126700000,653600000,497000000,500600000,0,0,-144800000,-216800000,-124400000,61500000,-216800000,None,126700000,36.6,27.4
8,2018-06-30,USD,2808300000,783600000,1845800000,962500000,157900000,-100000,206700000,0,18700000,0,623300000,-21000000,178900000,0,139200000,None,None,None,0,-46400000,0,18800000,-337600000,0,-100000,37500000,None,USD,33271500000,14152800000,None,588400000,21062800000,12208700000,1824400000,2072300000,6000000,5789100000,2879600000,9880600000,560900000,330200000,4863200000,1422100000,1141800000,-1199300000,2186200000,6297800000,193200000,-11824700000,60000000,2818200000,13320000000,2561000000,1368800000,12208700000,0,6000000,0,5789100000,-999700000,None,286300000,467800000,26973700000,None,13320000000,1055200000,16199600000,None,None,None,8612600000,33271500000,330200000,None,516000000,USD,36900000,-5000000,-303800000,0,2100600000,-168500000,1200000,-215500000,37500000,-42100000,430200000,-216700000,501900000,0,0,-123100000,108800000,164300000,45200000,108800000,None,-42100000,36.14,36.6
9,2018-03-31,USD,2684500000,828600000,1700200000,984300000,142200000,-66100000,204900000,0,10500000,0,607500000,-13500000,155700000,0,131700000,None,None,None,0,16200000,0,76600000,-265400000,0,-66100000,87100000,None,USD,35184500000,15047600000,None,728000000,22007800000,13176700000,2042400000,2287300000,6000000,5751600000,3169600000,10318300000,573100000,367400000,6386800000,2681300000,2265200000,-191500000,2275200000,6761300000,209000000,-12189200000,58100000,3024800000,12451400000,2641100000,1418200000,13176700000,0,6000000,0,5751600000,-999700000,None,284500000,497600000,28423200000,None,12451400000,1127200000,15621000000,None,None,None,8610300000,35184500000,367400000,None,517000000,USD,7500000,-248500000,-428900000,63300000,498000000,-121400000,8900000,-42800000,87100000,71500000,621800000,60700000,498500000,0,432000000,-157600000,370200000,98500000,30700000,370200000,None,71500000,41.17,36.14
10,2017-12-31,USD,3238900000,874100000,1944300000,1294600000,455400000,409900000,202400000,0,327100000,0,659000000,34900000,420500000,0,128300000,None,None,None,0,12700000,0,-82800000,-985600000,0,409900000,658300000,None,USD,35806300000,15245800000,None,766100000,22498700000,21899600000,2012400000,2964500000,6000000,5283300000,1235700000,10205700000,26253900000,292100000,6385300000,1855400000,1749200000,13875300000,2339100000,7213300000,226000000,-12143900000,188400000,3612400000,12865300000,2542700000,1565400000,13307600000,7128600000,6000000,0,5644500000,-567700000,None,305600000,496800000,28593000000,None,12865300000,1235700000,16113400000,None,None,None,8586000000,35806300000,292100000,None,537000000,USD,87600000,366300000,-162300000,95400000,-871200000,-639200000,-43800000,-420300000,332600000,-306000000,495500000,-534100000,526000000,7500000,487400000,-41600000,-162200000,-138700000,119500000,-378400000,-16800000,-322800000,42.31,41.17
11,2017-09-30,USD,2987100000,862100000,1809000000,1178100000,311400000,270900000,182300000,0,179600000,0,664600000,-4600000,316000000,0,131800000,None,None,None,0,15200000,0,-91300000,0,0,270900000,88300000,None,USD,35818900000,15270500000,None,883400000,22527300000,13291600000,2138400000,2900100000,6000000,5393800000,1412500000,9984700000,26242300000,614900000,4984000000,793000000,722800000,-611200000,2310000000,7266600000,None,-11963600000,256200000,3220200000,13992400000,2548100000,1290900000,13291600000,0,6000000,0,5393800000,-67500000,None,427300000,559800000,28552300000,None,13992400000,1412500000,17543300000,None,None,None,8570500000,35818900000,614900000,None,537000000,USD,2700000,-2500000,-126900000,0,420700000,-423100000,-800000,-155200000,88300000,-1400000,548600000,292700000,443100000,0,3900000,52000000,216200000,312800000,47100000,-186100000,3500000,2100000,31.37,42.31
12,2017-06-30,USD,2962200000,752000000,1736800000,1225400000,461000000,352400000,181100000,0,324700000,0,620900000,-12400000,473400000,0,136300000,None,None,None,0,-50000000,0,-27700000,0,0,352400000,297000000,None,USD,35506200000,15202000000,None,791900000,22673300000,12832900000,2111600000,2970000000,6000000,5305500000,1366400000,9801000000,26174100000,612800000,5169700000,1032300000,14989900000,-955600000,2366200000,6965900000,None,-12170100000,263500000,2951000000,14025600000,2610200000,1167400000,12832900000,0,6000000,0,5305500000,-67500000,None,448600000,722500000,28540300000,None,14025600000,1366400000,17503600000,None,None,None,8544500000,35506200000,612800000,None,537000000,USD,3900000,83500000,-452100000,0,776600000,-255100000,1300000,-185600000,297000000,-139400000,567800000,-235900000,421200000,0,3900000,-34300000,402300000,-79300000,50900000,115600000,28400000,-111000000,38.82,31.37
13,2017-03-31,USD,2719500000,857800000,1634500000,1085000000,209800000,76800000,217500000,0,71600000,0,631300000,-17400000,227200000,0,138200000,None,None,None,0,9000000,0,-5200000,0,0,76800000,66400000,None,USD,34272600000,14370000000,None,921900000,22616600000,11656000000,2019100000,3026400000,6000000,5008500000,1372500000,9394100000,24869100000,723800000,4524200000,325400000,325400000,-1813000000,2338000000,7065500000,None,-12108100000,257800000,2872000000,14700800000,2547800000,1172400000,11656000000,0,6000000,0,5008500000,-67500000,None,541000000,564000000,27207100000,None,14700800000,1372500000,18092400000,None,None,None,8522000000,34272600000,723800000,None,537000000,USD,2300000,-417700000,-164100000,71600000,550000000,-575700000,6100000,8000000,66400000,-286900000,452900000,16900000,415500000,0,5000000,-105600000,286700000,190700000,58400000,286700000,11900000,-275000000,38.99,38.82
14,2016-12-31,USD,3267800000,1019200000,1932800000,1335000000,374700000,32300000,194600000,0,224900000,-8100000,708500000,58900000,315800000,0,149800000,None,None,None,0,116100000,0,192600000,-1827600000,0,32300000,417500000,None,USD,34726200000,14447800000,None,756400000,23608600000,24563600000,2006400000,3258500000,6000000,4942100000,1358600000,9231900000,24881500000,998800000,5040700000,336400000,223300000,11183700000,2322200000,7522500000,396400000,-12563500000,261400000,3310900000,15202900000,2456400000,1445800000,11117600000,4212800000,6000000,0,4942100000,-67500000,None,568600000,633200000,27203700000,None,15202900000,1358600000,18567900000,None,None,None,8499300000,34726200000,998800000,None,521000000,USD,37200000,118900000,-539100000,13317000000,6346100000,-44800000,334800000,-523600000,417500000,-234400000,349500000,-471300000,476600000,2100000,2700000,57400000,-131800000,65500000,629900000,-315100000,-23400000,-257800000,38.15,38.99
15,2016-09-30,USD,3057100000,1414000000,1773800000,1283300000,-180900000,-530800000,199100000,0,-325300000,15600000,656900000,-50200000,-130700000,0,144400000,None,None,None,0,558000000,0,205500000,0,0,-530800000,-119800000,None,USD,36538500000,15613400000,None,922100000,24709700000,11827300000,2189600000,3645800000,6000000,4524600000,1637500000,9633100000,26289200000,1256600000,9554000000,4488800000,15663300000,-1120400000,2284200000,7965100000,None,-13419200000,156800000,3098900000,11328600000,2687500000,1419400000,11828800000,0,6000000,0,4524600000,-67500000,None,600900000,441800000,28573400000,None,11328600000,1637500000,15155700000,None,None,None,8484600000,36538500000,1256600000,None,524000000,USD,-24300000,125200000,-5780300000,-6885700000,-535100000,-531000000,600000,41000000,-119800000,-5110700000,1200600000,597200000,445900000,-800000,3500000,-101200000,183300000,-30600000,360500000,283900000,5400000,-5105300000,38.12,38.15
16,2016-06-30,USD,2560700000,760800000,1389000000,1171700000,293400000,237800000,179500000,0,203100000,-7600000,581400000,-117500000,410900000,0,90300000,None,None,None,0,-100000,0,-34700000,0,0,237800000,168400000,None,USD,28836300000,7716500000,None,716100000,18505000000,10329900000,682500000,1925000000,5700000,4644400000,1275100000,5830200000,14592000000,6361900000,3774600000,710600000,710600000,-1431300000,2057600000,12186700000,None,-3216800000,156100000,2917400000,12772800000,2191300000,1139000000,10331300000,0,5700000,0,4644400000,-67500000,None,719000000,326300000,16649600000,None,12772800000,1275100000,14730400000,None,None,None,7178600000,28836300000,6361900000,None,510000000,USD,8800000,23000000,-1141300000,-55000000,5909600000,5889900000,-34300000,72300000,168400000,5165200000,416600000,74400000,303400000,-200000,3000000,-12700000,100600000,44200000,69200000,-184100000,-2700000,5162500000,43.24,38.12
17,2016-03-31,USD,2191300000,801400000,1284300000,907000000,89300000,24100000,253600000,0,19000000,1500000,549300000,-16300000,105600000,0,70300000,None,None,None,0,-1500000,0,-5100000,0,0,24100000,13900000,None,USD,22644100000,7278400000,None,696700000,12369200000,10273400000,744000000,1690900000,5500000,4476000000,1340100000,5566900000,14017700000,1199400000,3959400000,1148900000,1148900000,-1290500000,1998800000,6627600000,None,-2571900000,107100000,2587400000,6325700000,2144100000,1119600000,0,0,5500000,0,4476000000,-67500000,None,731400000,441000000,16016500000,None,6325700000,1340100000,8409800000,None,None,None,7149900000,22644100000,1199400000,None,510000000,USD,8500000,-141900000,-160000000,105600000,31600000,30500000,6900000,-126500000,13900000,-49000000,80500000,-126200000,297100000,0,3600000,-222800000,83500000,176900000,51800000,83500000,12400000,-36600000,46.35,43.24
18,2015-12-31,USD,2490700000,638700000,1428100000,1062600000,289200000,242000000,159000000,0,218300000,1400000,596200000,-134700000,423900000,0,70900000,None,None,None,0,-116500000,0,-23700000,-891700000,0,242000000,194600000,None,USD,22267700000,7221900000,None,596600000,12501900000,9764400000,718100000,1841900000,5500000,4462100000,1366000000,5380100000,13811100000,1236000000,4122200000,1078300000,1009200000,-1764300000,1983900000,6472700000,475500000,-2837600000,160600000,2689100000,6295600000,1951000000,1202000000,0,0,5500000,0,4462100000,-67500000,None,751500000,457600000,15795000000,None,6295600000,1366000000,8379700000,None,None,None,7128600000,22267700000,1236000000,None,497000000,USD,3000000,-96400000,-930400000,-24100000,984000000,923500000,2100000,-44200000,194600000,645100000,652000000,-81500000,440300000,0,-74300000,-32000000,65800000,38200000,155600000,188800000,3900000,649000000,54.07,46.35
19,2015-09-30,USD,2695200000,714200000,1379900000,1315300000,550200000,481600000,174800000,0,455100000,-100000,537100000,-50900000,601100000,0,95100000,None,None,None,0,2300000,0,-26500000,0,0,481600000,428600000,None,USD,21316500000,6888200000,None,593700000,11501500000,9813600000,613100000,1777100000,5500000,4267500000,1358500000,5125300000,12945900000,587000000,3684100000,568300000,None,-1553600000,1884700000,6485900000,None,-2199900000,106500000,3361100000,5845800000,1944100000,1338700000,0,0,5500000,0,4267500000,0,None,854400000,78000000,14830600000,None,5845800000,1358500000,7817400000,None,None,None,7094200000,21316500000,587000000,None,514000000,USD,7500000,137600000,-371500000,-113500000,-501300000,-432100000,-13800000,None,428600000,171200000,974800000,398100000,257700000,-22300000,-5300000,-57000000,454100000,123600000,85300000,-313800000,-23900000,147300000,40.26,54.07
