,fiscalDateEnding,reportedCurrency_x,totalRevenue,totalOperatingExpense,costOfRevenue,grossProfit,ebit,netIncome_x,researchAndDevelopment,effectOfAccountingCharges,incomeBeforeTax,minorityInterest,sellingGeneralAdministrative,otherNonOperatingIncome,operatingIncome,otherOperatingExpense,interestExpense,taxProvision,interestIncome,netInterestIncome,extraordinaryItems,nonRecurring,otherItems,incomeTaxExpense,totalOtherIncomeExpense,discontinuedOperations,netIncomeFromContinuingOperations,netIncomeApplicableToCommonShares,preferredStockAndOtherAdjustments,reportedCurrency_y,totalAssets,intangibleAssets,earningAssets,otherCurrentAssets,totalLiabilities,totalShareholderEquity,deferredLongTermLiabilities,otherCurrentLiabilities,commonStock,retainedEarnings,otherLiabilities,goodwill,otherAssets,cash,totalCurrentLiabilities,shortTermDebt,currentLongTermDebt,otherShareholderEquity,propertyPlantEquipment,totalCurrentAssets,longTermInvestments,netTangibleAssets,shortTermInvestments,netReceivables,longTermDebt,inventory,accountsPayable,totalPermanentEquity,additionalPaidInCapital,commonStockTotalEquity,preferredStockTotalEquity,retainedEarningsTotalEquity,treasuryStock,accumulatedAmortization,otherNonCurrrentAssets,deferredLongTermAssetCharges,totalNonCurrentAssets,capitalLeaseObligations,totalLongTermDebt,otherNonCurrentLiabilities,totalNonCurrentLiabilities,negativeGoodwill,warrants,preferredStockRedeemable,capitalSurplus,liabilitiesAndShareholderEquity,cashAndShortTermInvestments,accumulatedDepreciation,commonStockSharesOutstanding,reportedCurrency,investments,changeInLiabilities,cashflowFromInvestment,otherCashflowFromInvestment,netBorrowings,cashflowFromFinancing,otherCashflowFromFinancing,changeInOperatingActivities,netIncome_y,changeInCash,operatingCashflow,otherOperatingCashflow,depreciation,dividendPayout,stockSaleAndPurchase,changeInInventory,changeInAccountReceivables,changeInNetIncome,capitalExpenditures,changeInReceivables,changeInExchangeRate,changeInCashAndCashEquivalents,clossingVal,nextClossingVal
0,2020-06-30,USD,269000,1737000,231000,38000,-1468000,-1477000,16000,None,-1473000,None,1490000,None,-1468000,None,5000,4000,None,-5000,None,None,None,4000,None,None,-1477000,-1477000,None,USD,1009000,None,None,None,1793000,-784000,None,None,7000,-40728000,505000,None,241000,0,1250000,None,81000,None,3000,765000,None,-786000,None,257000,38000,148000,136000,None,None,None,None,None,None,None,32000,None,244000,None,None,None,543000,None,None,None,None,None,None,None,None,USD,None,135000,None,None,242000,242000,None,134000,-1477000,-241000,-483000,None,0,None,None,-37000,-122000,884000,0,None,None,None,2.25,
1,2020-03-31,USD,114000,1021000,63000,51000,-906000,-921000,47000,None,-912000,None,911000,None,-907000,None,None,9000,-5000,-5000,None,None,None,9000,None,None,-921000,-921000,None,USD,1121000,None,None,350000,623000,498000,None,None,7000,-39251000,271000,None,204000,93000,352000,None,None,None,3000,914000,None,496000,None,135000,None,111000,227000,None,None,None,None,None,None,None,None,None,207000,None,None,None,271000,None,None,None,39740000,None,93000,None,None,USD,None,98000,None,None,242000,0,None,-130000,-921000,-895000,-895000,None,1000,None,None,10000,-24000,71000,0,None,None,None,2.15,2.25
2,2019-12-31,USD,87000,1326000,113000,-26000,-1836000,-1193000,133000,None,-1230000,None,1080000,None,-1239000,None,None,-37000,9000,9000,None,None,None,-37000,0,None,-1193000,-1193000,None,USD,2036000,None,None,None,688000,1348000,None,None,7000,-38330000,279000,None,194000,1338000,409000,None,None,None,4000,1838000,None,1346000,None,111000,None,121000,129000,None,None,None,None,None,None,None,198000,None,198000,None,None,None,279000,None,None,None,39669000,None,1338000,None,7000000,USD,0,-57000,None,None,242000,112000,-475000,-78000,-1193000,-920000,-1032000,None,1000,None,4791000,32000,64000,199000,0,None,None,None,2.85,2.15
3,2019-09-30,USD,101000,894000,54000,47000,-792000,-815000,79000,None,-813000,None,761000,None,-793000,None,-20000,2000,-20000,-20000,None,None,None,2000,-20000,None,-815000,-815000,None,USD,3070000,None,None,None,840000,2230000,None,336000,7000,-37137000,318000,None,218000,2258000,522000,None,None,None,5000,2847000,None,2228000,None,175000,None,104000,186000,None,None,None,None,None,None,None,223000,None,223000,None,None,None,318000,None,None,None,39358000,None,2258000,None,7000000,USD,0,-157000,None,None,242000,1000000,-475000,-314000,-815000,-113000,-1113000,None,1000,None,4679000,-2000,64000,110000,0,None,None,None,2.5,2.85
4,2019-06-30,USD,263000,1159000,56000,207000,-894000,-1107000,150000,None,-1101000,None,953000,None,-896000,None,-24000,6000,83000,-24000,None,None,None,6000,-181000,None,-1107000,-1107000,None,USD,3107000,None,None,None,1172000,1935000,None,522000,6000,-36322000,307000,None,212000,2371000,865000,None,None,None,6000,2889000,None,1933000,None,239000,None,102000,343000,None,None,None,None,None,None,None,218000,None,218000,None,None,None,307000,None,None,None,38249000,None,2371000,None,7000000,USD,0,113000,None,None,-225000,2979000,-475000,37000,-1107000,2187000,-792000,None,2000,None,3679000,39000,-171000,295000,0,None,None,None,2.9,2.5
5,2019-03-31,USD,79000,2302000,26000,53000,-2223000,-2679000,152000,None,-2667000,None,2124000,None,-2223000,None,-32000,12000,-32000,-32000,None,None,None,12000,-412000,None,-2679000,-2679000,None,USD,817000,None,None,None,1286000,-469000,None,151000,4000,-35215000,498000,None,359000,184000,702000,None,None,None,6000,452000,None,-469000,None,70000,86000,141000,230000,None,None,None,None,None,None,None,365000,None,365000,None,86000,None,584000,None,None,None,34740000,None,184000,None,7000000,USD,0,37000,None,None,225000,225000,None,-35000,-2679000,-712000,-937000,None,0,None,225000,-46000,27000,1759000,0,None,None,None,4.05,2.9
6,2018-12-31,USD,54000,1399000,17000,37000,-1345000,-1197000,206000,0,-1357000,0,1176000,None,-1345000,0,-32000,-160000,None,None,0,0,0,-160000,-12000,0,-1197000,-1197000,None,USD,1580000,None,None,None,1117000,463000,None,120000,6000,-32536000,477000,None,342000,896000,640000,None,None,None,8000,1230000,None,463000,None,95000,None,144000,193000,None,None,None,None,None,None,None,None,None,None,None,None,None,None,None,None,None,32993000,None,896000,None,6000000,USD,None,50000,-8000,None,225000,50000,None,76000,-1197000,-831000,-881000,None,2000,None,94000,-10000,-25000,223000,8000,None,None,None,3.6212,4.05
7,2018-09-30,USD,54000,1380000,46000,8000,-1326000,-1344000,121000,0,-1333000,0,1213000,None,-1326000,0,-32000,11000,None,None,0,0,0,11000,-7000,0,-1344000,-1344000,None,USD,2425000,None,None,130000,1039000,1386000,None,439000,6000,-31339000,457000,None,354000,1727000,582000,None,None,None,10000,2061000,None,1386000,None,70000,None,134000,143000,None,None,None,None,None,None,None,None,None,None,None,None,None,None,None,None,None,32719000,None,1727000,None,6000000,USD,None,67000,-3000,None,225000,13000,None,37000,-1344000,-788000,-798000,None,1000,None,44000,-56000,-25000,497000,3000,None,None,None,4.59,3.6212
8,2018-06-30,USD,132000,957000,55000,77000,-825000,-824000,151000,0,-814000,0,751000,None,-825000,0,-32000,None,None,None,0,0,0,10000,11000,0,-824000,-824000,None,USD,3173000,None,None,159000,953000,2220000,None,435000,6000,-29995000,442000,None,343000,2515000,511000,None,None,None,8000,2822000,None,2220000,None,70000,None,78000,76000,None,None,None,None,None,None,None,None,None,None,None,None,None,None,None,None,None,None,None,None,None,6000000,USD,None,-92000,-3000,None,225000,31000,None,-101000,-824000,-976000,-1004000,None,1000,None,None,-2000,-46000,60000,3000,None,None,None,4.79,4.59
9,2018-03-31,USD,77000,867000,22000,55000,-790000,-789000,136000,0,-777000,0,709000,None,-790000,0,-7000,None,None,None,0,0,0,12000,13000,0,-789000,-789000,None,USD,3975000,None,None,29000,1021000,2954000,None,543000,6000,-29171000,438000,None,348000,3491000,583000,None,None,None,6000,3621000,343000,2954000,None,23000,None,78000,40000,None,None,None,None,None,None,None,None,None,None,None,None,None,None,None,None,None,None,None,None,None,6000000,USD,None,0,-2000,None,None,31000,None,-189000,-789000,-869000,-867000,None,2000,None,None,-2000,-46000,109000,2000,None,None,None,4.76,4.79
10,2017-12-31,USD,70000,4076000,32000,140000,-2996000,-4187000,219000,0,-4149000,0,1055000,None,-2996000,0,-679000,None,None,None,0,0,0,5000,-1152000,0,-4187000,-3346000,None,USD,4865000,None,None,45000,1231000,3634000,None,369000,6000,-28382000,434000,None,343000,4360000,797000,None,None,None,6000,4516000,338000,3634000,None,35000,None,76000,168000,None,None,None,None,None,None,None,None,None,None,None,None,None,None,None,None,None,None,None,None,None,5000000,USD,None,90000,-8000,None,1380000,6436000,1380000,173000,-4965000,4254000,-2182000,None,5000,None,5056000,-9000,-18000,1349000,8000,None,None,None,4.68,4.76
11,2017-09-30,USD,65000,-1458000,22000,49000,-1039000,-1683000,160000,0,-1672000,0,656000,None,-1039000,0,-249000,None,None,None,0,0,0,11000,-636000,0,-1683000,-4206000,None,USD,809000,None,None,80000,5098000,-4291000,None,576000,4000,-26741000,2771000,None,520000,82000,933000,1394000,1394000,None,7000,282000,298000,-4291000,None,29000,1394000,91000,357000,None,None,None,None,None,None,None,None,None,None,None,None,None,None,None,None,None,None,None,None,None,5000000,USD,None,134000,2000,None,350000,1380000,1380000,-100000,-1599000,-133000,-483000,None,1000,None,5056000,-9000,-26000,571000,2000,None,None,None,6.75,4.68
12,2017-06-30,USD,52000,712000,18000,-74000,1746000,1782000,164000,0,1760000,0,693000,None,1746000,0,-370000,None,None,None,0,0,0,11000,17000,0,1782000,4305000,None,USD,757000,None,None,47000,3808000,-3053000,None,531000,4000,-25142000,2341000,None,402000,215000,754000,713000,713000,None,8000,347000,292000,-3053000,None,3000,713000,82000,223000,None,None,None,None,None,None,None,None,None,None,None,None,None,None,None,None,None,None,None,None,None,5000000,USD,None,99000,-2000,None,680000,1030000,1030000,-82000,-849000,164000,-514000,None,4000,None,5056000,-22000,1000,19000,2000,None,None,None,5.9,6.75
13,2017-03-31,USD,52000,0,16000,36000,-802000,-877000,150000,0,-866000,0,838000,None,-802000,0,64000,None,None,None,0,0,0,11000,-65000,0,-877000,-1718000,None,USD,446000,None,None,44000,3249000,-2803000,None,508000,4000,-24294000,2484000,None,277000,51000,631000,134000,134000,None,10000,159000,272000,-2803000,None,4000,134000,60000,123000,None,None,None,None,None,None,None,None,None,None,None,None,None,None,None,None,None,None,None,None,None,5000000,USD,None,73000,-2000,None,350000,350000,350000,-2000,-877000,-55000,-405000,None,1000,None,5056000,7000,2000,391000,2000,None,None,None,nan,5.9
14,2016-12-31,USD,49000,2545000,10000,141000,-2316000,-2831000,137000,0,-2714000,0,879000,None,-2316000,0,-1234000,None,None,None,0,0,0,89000,-398000,0,-2831000,-2831000,None,USD,494000,None,None,34000,2993000,-2499000,None,269000,4000,-22576000,2428000,None,262000,106000,565000,None,None,None,11000,221000,257000,-2499000,None,14000,None,67000,82000,None,None,None,None,None,None,None,None,None,None,None,None,None,None,None,None,None,None,None,None,None,5000000,USD,None,24000,-8000,None,1380000,33000,None,373000,-2831000,-1508000,-1533000,None,7000,None,33000,4000,-1000,891000,8000,None,None,None,nan,nan
15,2016-09-30,USD,61000,0,26000,0,0,0,160000,0,0,0,578000,None,0,0,0,None,None,None,0,0,0,9000,0,0,0,0,None,USD,924000,None,None,71000,2527000,None,None,334000,4000,None,2124000,None,235000,532000,403000,None,None,None,12000,None,None,None,None,None,None,63000,69000,None,None,None,None,None,None,None,None,None,None,None,None,None,None,None,None,None,None,None,None,None,5000000,USD,None,None,None,None,None,33000,None,None,None,None,None,None,None,None,None,8000,None,None,8000,None,None,None,nan,nan
16,2016-06-30,USD,62000,0,20000,0,0,0,173000,0,0,0,496000,None,0,0,0,None,None,None,0,0,0,10000,0,0,0,0,None,USD,1237000,None,None,123000,2397000,None,None,289000,4000,None,2080000,None,235000,799000,317000,None,None,None,14000,None,None,None,None,None,None,59000,28000,None,None,None,None,None,None,None,None,None,None,None,None,None,None,None,None,None,None,None,None,None,5000000,USD,None,None,None,None,None,33000,None,None,None,None,None,None,None,None,None,12000,None,None,8000,None,None,None,nan,nan
17,2016-03-31,USD,57000,0,25000,0,0,0,114000,0,0,0,504000,None,0,0,0,None,None,None,0,0,0,9000,0,0,0,0,None,USD,1651000,None,None,54000,2257000,None,None,286000,2000,None,1928000,None,217000,1278000,329000,None,None,None,15000,None,None,None,None,None,None,76000,43000,None,None,None,2000,None,None,None,None,None,None,None,None,None,None,None,None,None,None,None,None,None,5000000,USD,None,None,None,None,None,33000,None,None,None,None,None,None,None,None,None,None,None,None,7000,None,None,None,nan,nan
18,2015-12-31,USD,39000,1571000,12000,98000,-1424000,-2884000,102000,0,-2856000,0,485000,None,-1424000,0,-449000,None,None,None,0,0,0,1000,-1432000,0,-2884000,-2884000,None,USD,1983000,None,None,50000,2192000,-209000,None,142000,2000,-19734000,1895000,None,197000,1614000,297000,None,None,None,10000,1776000,197000,-209000,None,41000,None,71000,58000,None,None,None,2000,None,None,None,None,None,None,None,None,None,None,None,None,None,None,None,None,None,4000000,USD,None,-43000,-1000,None,1380000,3005000,None,-108000,-2884000,1524000,-1480000,None,9000,None,3005000,-36000,16000,1182000,1000,None,None,None,nan,nan
19,2015-09-30,USD,40000,0,8000,0,0,0,87000,0,0,0,368000,None,0,0,0,None,None,None,0,0,0,18000,0,0,0,0,None,USD,2353000,None,None,77000,1848000,505000,None,231000,2000,None,1578000,None,190000,1994000,270000,None,None,None,12000,None,None,None,None,None,None,74000,39000,None,None,None,2000,None,None,None,None,None,None,None,None,None,None,None,None,None,None,None,None,None,5000000,USD,None,None,None,None,None,3005000,None,None,None,None,None,None,None,None,None,None,None,None,1000,None,None,None,nan,nan
