,fiscalDateEnding,reportedCurrency_x,totalRevenue,totalOperatingExpense,costOfRevenue,grossProfit,ebit,netIncome_x,researchAndDevelopment,effectOfAccountingCharges,incomeBeforeTax,minorityInterest,sellingGeneralAdministrative,otherNonOperatingIncome,operatingIncome,otherOperatingExpense,interestExpense,taxProvision,interestIncome,netInterestIncome,extraordinaryItems,nonRecurring,otherItems,incomeTaxExpense,totalOtherIncomeExpense,discontinuedOperations,netIncomeFromContinuingOperations,netIncomeApplicableToCommonShares,preferredStockAndOtherAdjustments,reportedCurrency_y,totalAssets,intangibleAssets,earningAssets,otherCurrentAssets,totalLiabilities,totalShareholderEquity,deferredLongTermLiabilities,otherCurrentLiabilities,commonStock,retainedEarnings,otherLiabilities,goodwill,otherAssets,cash,totalCurrentLiabilities,shortTermDebt,currentLongTermDebt,otherShareholderEquity,propertyPlantEquipment,totalCurrentAssets,longTermInvestments,netTangibleAssets,shortTermInvestments,netReceivables,longTermDebt,inventory,accountsPayable,totalPermanentEquity,additionalPaidInCapital,commonStockTotalEquity,preferredStockTotalEquity,retainedEarningsTotalEquity,treasuryStock,accumulatedAmortization,otherNonCurrrentAssets,deferredLongTermAssetCharges,totalNonCurrentAssets,capitalLeaseObligations,totalLongTermDebt,otherNonCurrentLiabilities,totalNonCurrentLiabilities,negativeGoodwill,warrants,preferredStockRedeemable,capitalSurplus,liabilitiesAndShareholderEquity,cashAndShortTermInvestments,accumulatedDepreciation,commonStockSharesOutstanding,reportedCurrency,investments,changeInLiabilities,cashflowFromInvestment,otherCashflowFromInvestment,netBorrowings,cashflowFromFinancing,otherCashflowFromFinancing,changeInOperatingActivities,netIncome_y,changeInCash,operatingCashflow,otherOperatingCashflow,depreciation,dividendPayout,stockSaleAndPurchase,changeInInventory,changeInAccountReceivables,changeInNetIncome,capitalExpenditures,changeInReceivables,changeInExchangeRate,changeInCashAndCashEquivalents,clossingVal,nextClossingVal
0,2020-06-30,USD,301329000,199013000,85901000,215428000,15272000,10889000,64225000,None,15272000,None,134788000,-1143000,16415000,None,None,4383000,1011000,1011000,None,None,None,4383000,-2154000,None,10889000,10889000,None,USD,1849815000,68975000,None,65817000,580176000,1269639000,16258000,314556000,1314000,299132000,125660000,255153000,118424000,471205000,334841000,3500000,3500000,-23865000,247548000,1095820000,None,945511000,137104000,211766000,85020000,209928000,154034000,None,None,1314000,None,299132000,None,None,182319000,None,753995000,48238000,85020000,6808000,108086000,None,None,None,993058000,1849815000,608309000,None,131436108,USD,195129000,0,182165000,-418000,88520000,45468000,-1480000,8372000,10889000,285511000,57878000,8372000,19076000,-34159000,-8893000,None,None,19541000,12546000,None,None,285511000,38.71,
1,2020-03-31,USD,469134000,213547000,83761000,225620000,172386000,132655000,71621000,None,172386000,None,141926000,560000,171826000,None,None,39731000,2299000,2299000,None,None,None,39731000,158014000,None,132655000,132655000,None,USD,1762865000,76308000,None,648912000,482748000,1280117000,None,248620000,1306000,335876000,132583000,253191000,51461000,254441000,313736000,None,None,-30419000,245166000,1070494000,None,1280117000,329573000,213015000,None,208493000,95695000,None,None,1306000,None,335876000,None,None,117706000,None,362872000,50371000,None,138433000,138433000,None,None,None,973354000,1762865000,329573000,None,130595203,USD,-94504000,0,49626000,156946000,90000000,-31532000,-1480000,40948000,132655000,61714000,43620000,40948000,19265000,-33997000,2465000,None,None,-149248000,12816000,None,None,61714000,33.08,38.71
2,2019-12-31,USD,367468000,222652000,91135000,276333000,54291000,58595000,71471000,None,54291000,None,151181000,610000,53681000,None,None,-4304000,1942000,1942000,None,None,None,-4304000,-1331000,None,58595000,58595000,None,USD,1651889000,84083000,None,65477000,475539000,1176350000,14065000,197068000,1305000,242537000,128766000,262242000,44082000,194616000,306123000,None,None,-21070000,243717000,947358000,None,830025000,237983000,248872000,None,200410000,109055000,None,None,1305000,None,242537000,None,None,114489000,None,704531000,54081000,None,155351000,169416000,None,None,None,953578000,1651889000,432599000,None,130504535,USD,-28611000,-1311000,-44248000,-1963000,90000000,-60386000,-837000,10581000,58596000,-29574000,75060000,10581000,18995000,-32772000,-26777000,-6773000,-7193000,2165000,13674000,-7193000,None,-29574000,42.34,33.08
3,2019-09-30,USD,340442000,189349000,85915000,254527000,67427000,51644000,66558000,None,67427000,None,149633000,2249000,65178000,None,None,15783000,1930000,1930000,None,-26842000,None,15783000,27161000,None,51644000,51644000,None,USD,1628321000,91162000,None,639678000,466160000,1162161000,None,225655000,1311000,245465000,139957000,259430000,45289000,222773000,293091000,None,None,-23736000,239140000,929534000,None,1162161000,209416000,269594000,None,206727000,108427000,None,None,1311000,None,245465000,None,None,63766000,None,302906000,47150000,None,132078000,132078000,None,None,None,939121000,1628321000,209416000,None,131059097,USD,23971000,0,41785000,38949000,90000000,-69634000,-837000,7682000,51643000,32859000,60708000,7682000,18562000,-33016000,-36618000,-6773000,-7193000,-17179000,21135000,None,None,32859000,41.99,42.34
4,2019-06-30,USD,334231000,218169000,83766000,250465000,32851000,28692000,68257000,None,32851000,None,149912000,555000,32296000,None,None,4159000,2023000,2023000,None,None,None,4159000,-1468000,None,28692000,28692000,None,USD,1639473000,97612000,None,619378000,464899000,1174574000,None,220482000,1319000,264484000,141121000,263984000,38088000,191761000,285283000,None,None,-16030000,233900000,935090000,None,1174574000,247892000,260653000,None,206851000,105939000,None,None,1319000,None,264484000,None,None,70799000,None,304699000,54230000,None,138478000,138478000,None,None,None,924801000,1639473000,247892000,None,131884775,USD,4274000,0,-13437000,-2599000,None,-70496000,-837000,-17720000,28692000,-37443000,46490000,-17720000,17972000,-32957000,-37539000,-6773000,-7193000,17546000,15112000,None,None,-37025000,41.99,41.99
5,2019-03-31,USD,311074000,211600000,76075000,234999000,25975000,23220000,66166000,None,25975000,None,145434000,2576000,23399000,None,None,2755000,2600000,2234000,None,None,None,2755000,342000,None,23220000,23220000,None,USD,1671338000,104066000,None,661650000,470085000,1201253000,None,232832000,1319000,307153000,143975000,262384000,39644000,228766000,287956000,16088000,16088000,-17821000,228164000,966219000,None,1201253000,251297000,215012000,38154000,204710000,92160000,None,None,1319000,None,307153000,None,None,110505000,None,338669000,54242000,None,145093000,145093000,None,None,None,910602000,1671338000,251297000,None,131866173,USD,21057000,0,-2048000,-12169000,None,-70301000,-837000,-8469000,23220000,-30202000,42147000,-8469000,18012000,-33110000,-37191000,-6773000,-7193000,9384000,10936000,None,-418000,-30620000,44.36,41.99
6,2018-12-31,USD,360099000,210249000,88030000,272069000,63464000,56541000,66151000,0,63464000,0,144098000,1644000,61820000,0,0,None,None,None,2400000,0,0,6923000,-1542000,0,56541000,56541000,None,USD,1671235000,110783000,None,429650000,432877000,1238358000,None,185451000,1327000,356418000,149893000,264530000,28501000,259386000,282984000,None,None,-16931000,245201000,1022220000,None,1238358000,271396000,271456000,None,194146000,140244000,None,None,1327000,None,356418000,None,None,None,None,245201000,None,None,107182000,107182000,None,None,None,897544000,1671235000,530782000,None,132655941,USD,-100460000,12546000,-114570000,-6824000,None,-24233000,-907000,5766000,56541000,-51560000,87243000,5766000,16932000,-30503000,7177000,-10642000,8446000,-2346000,7286000,8446000,-435000,-51995000,45.38,44.36
7,2018-09-30,USD,346127000,211102000,89015000,257112000,48375000,43194000,66170000,0,48375000,0,144932000,2365000,46010000,0,0,None,None,None,0,0,0,5181000,-4160000,0,43194000,43194000,None,USD,1629920000,116061000,None,441627000,433011000,1196909000,0,198272000,1324000,329342000,156948000,263119000,28106000,311381000,276063000,None,None,-15174000,245898000,976736000,None,1196909000,171028000,267574000,0,192412000,128962000,0,0,1324000,0,329342000,0,None,None,None,245898000,None,None,105777000,105777000,None,None,None,881417000,1629920000,482409000,None,132432594,USD,39905000,0,29259000,-3037000,None,-22657000,-907000,18132000,43194000,95087000,88485000,18132000,18637000,-30459000,7802000,-10642000,8446000,8522000,7609000,None,-1325000,93762000,48.33,45.38
8,2018-06-30,USD,341009000,221938000,82159000,258850000,35002000,31054000,66908000,0,35002000,0,155030000,-1910000,36912000,0,0,None,None,None,0,0,0,3948000,-6389000,0,31054000,31054000,None,USD,1593739000,121270000,None,441806000,428061000,1165678000,0,203953000,1322000,316607000,159833000,263796000,30349000,217619000,268228000,None,None,-16565000,249834000,928490000,None,1165678000,210804000,280259000,0,193417000,118543000,0,0,1322000,0,316607000,0,None,None,None,249834000,None,None,105565000,105565000,None,None,None,864314000,1593739000,428423000,None,132208105,USD,-47497000,0,-63903000,-4757000,None,-22376000,-907000,-3391000,31054000,-27410000,58869000,-3391000,17662000,-30398000,8022000,-10642000,8446000,13544000,11649000,None,-5336000,-32746000,41.98,48.33
9,2018-03-31,USD,311897000,209237000,74523000,237374000,29612000,24268000,61843000,0,29612000,0,147394000,1475000,28137000,0,0,None,None,None,0,0,0,5344000,-1019000,0,24268000,24268000,None,USD,1591605000,126242000,None,461563000,441899000,1149706000,31021000,223586000,1312000,315951000,165930000,269620000,31155000,250365000,275969000,None,None,-14300000,248799000,915789000,None,1149706000,164159000,242291000,0,193273000,105777000,0,0,1312000,0,315951000,0,None,31155000,None,279954000,None,None,81515000,112536000,None,None,None,846743000,1591605000,414524000,None,131204795,USD,-42144000,0,-60782000,-10523000,None,-21577000,-907000,-7879000,24268000,-42376000,39983000,-7879000,17436000,-30177000,8600000,-10642000,8446000,6158000,8115000,None,2577000,-39799000,50.57,41.98
10,2017-12-31,USD,349750000,206847000,85589000,264161000,56739000,-24281000,60059000,0,56739000,0,146788000,-575000,57314000,0,-633000,None,None,None,0,0,0,81020000,-16007000,0,-24281000,-24281000,None,USD,1566434000,390076000,None,438697000,438413000,1128021000,33742000,180529000,1310000,313241000,135549000,266783000,422629000,290164000,269255000,None,None,-16509000,249715000,894090000,None,1128021000,122000000,281378000,0,184592000,142627000,0,0,1310000,0,313241000,0,None,None,None,249715000,None,None,81515000,115257000,None,None,None,829979000,1566434000,412164000,None,130978947,USD,-30845000,79109000,-45278000,-8261000,-15000000,-37118000,-842000,1971000,-24282000,-5410000,76986000,2984000,17901000,-27500000,6224000,10154000,-15269000,6389000,6172000,-15269000,1380000,-4030000,41.63,50.57
11,2017-09-30,USD,320921000,199655000,83751000,237170000,38115000,33389000,56526000,0,38115000,0,143129000,600000,37515000,0,11000,None,None,None,0,0,0,4726000,0,0,33389000,33389000,None,USD,1531128000,387772000,None,438097000,367329000,1163799000,31405000,198631000,1307000,365021000,49845000,265091000,420650000,294194000,265410000,15000000,15000000,-18681000,254918000,855560000,None,1163799000,91223000,268055000,15000000,184641000,122293000,0,0,1307000,0,365021000,0,None,None,None,254918000,None,15000000,None,46405000,None,None,None,816152000,1531128000,385417000,None,130745022,USD,14527000,0,-3675000,-9845000,-10000000,-29993000,-842000,6271000,33390000,29003000,62671000,6271000,18879000,-27456000,7463000,0,0,4131000,8357000,None,2041000,31044000,42.17,41.63
12,2017-06-30,USD,318609000,207518000,82460000,236149000,29352000,25155000,56913000,0,29352000,0,150605000,721000,28631000,0,-13000,None,None,None,0,0,0,4197000,0,0,25155000,25155000,None,USD,1505314000,381738000,None,434306000,367266000,1138048000,31665000,132650000,1305000,359088000,51523000,261411000,410438000,263150000,255182000,25000000,25000000,-23119000,256761000,838115000,None,1138048000,105284000,259658000,25000000,186155000,177951000,0,0,1305000,0,359088000,0,None,None,None,256761000,None,25000000,None,56665000,None,None,None,800774000,1505314000,368434000,None,130493232,USD,-18468000,0,-37175000,-13791000,-10000000,-19804000,-842000,-13725000,25155000,-18870000,38109000,-13725000,17246000,-27394000,7590000,0,0,9433000,4916000,None,3012000,-15858000,40.22,42.17
13,2017-03-31,USD,300106000,201264000,76524000,223582000,23174000,18148000,58263000,0,23174000,0,143001000,856000,22318000,0,178000,None,None,None,0,0,0,5026000,0,0,18148000,18148000,None,USD,1491923000,367711000,None,413681000,376153000,1115770000,30024000,133668000,1296000,361327000,49888000,254523000,401182000,279008000,263529000,25000000,25000000,-32519000,260208000,830533000,None,1115770000,86410000,257738000,25000000,194878000,187461000,0,0,1296000,0,361327000,0,None,None,None,260208000,None,25000000,None,55024000,None,None,None,785666000,1491923000,365418000,None,129594639,USD,-13322000,0,-36282000,-12149000,-10000000,-19384000,-842000,6441000,18148000,-8990000,46676000,6441000,18669000,-27201000,7817000,0,0,3418000,10811000,None,2715000,-6275000,32.56,40.22
14,2016-12-31,USD,328533000,196550000,82735000,245798000,46893000,29147000,57461000,0,46893000,0,139089000,-2355000,49248000,0,157000,None,None,None,0,0,0,17746000,-6786000,0,29147000,29147000,None,USD,1496564000,361860000,None,415813000,382345000,1114219000,29752000,127296000,1292000,376202000,51884000,253197000,401461000,285283000,260075000,25000000,25000000,-34621000,260456000,834647000,None,1114219000,73117000,268287000,25000000,193608000,200297000,0,0,1292000,0,376202000,0,None,None,None,260456000,None,25000000,None,54752000,None,None,None,771346000,1496564000,358400000,None,129202979,USD,-20840000,10934000,-39041000,-8184000,-12000000,-19088000,3000,17421000,29147000,-15369000,42760000,-3900000,18226000,-25841000,6750000,2782000,-14131000,8085000,10017000,-22514000,None,-15369000,30.82,32.56
15,2016-09-30,USD,306364000,200265000,76732000,229632000,29184000,24489000,59066000,0,29184000,0,141199000,-183000,29367000,0,167000,None,None,None,0,0,0,4695000,0,0,24489000,24489000,None,USD,1472893000,371533000,None,426814000,365482000,1107411000,28148000,123682000,1289000,372893000,46842000,261372000,400262000,300652000,255853000,None,None,-25182000,261859000,810772000,None,1107411000,52277000,234900000,25000000,196391000,188652000,0,0,1289000,0,372893000,0,None,None,None,261859000,None,25000000,None,53148000,None,None,None,758411000,1472893000,352929000,None,128920278,USD,2786000,1134000,-20574000,-9922000,-15000000,-33456000,None,17037000,24489000,15391000,69421000,10841000,16947000,-25783000,7327000,-1806000,10073000,1744000,13438000,16072000,None,15391000,28.4,30.82
16,2016-06-30,USD,306105000,201330000,77508000,228597000,26293000,19800000,59839000,0,26293000,0,141491000,-974000,27267000,0,75000,None,None,None,0,0,0,6493000,0,0,19800000,19800000,None,USD,1473289000,368465000,None,431967000,382098000,1091191000,28066000,129025000,1286000,374190000,50107000,260224000,394767000,285261000,254240000,None,None,-29085000,257868000,820654000,None,1091191000,55063000,248545000,40000000,194585000,185007000,0,0,1286000,0,374190000,0,None,None,None,257868000,None,40000000,None,68066000,None,None,None,744800000,1473289000,340324000,None,128606647,USD,8145000,342000,-11287000,-7729000,15000000,-3893000,432000,-6946000,19800000,19861000,35041000,3276000,18785000,-25717000,6392000,-2532000,5999000,10305000,11703000,-14935000,None,19861000,27.4,28.4
17,2016-03-31,USD,287177000,197187000,76146000,211031000,12265000,9298000,59340000,0,12265000,0,137847000,-1579000,13844000,0,135000,None,None,None,0,0,0,2967000,0,0,9298000,9298000,None,USD,1456280000,373000000,None,438523000,367818000,1088462000,27359000,128939000,1277000,380896000,48380000,262900000,405826000,265400000,255085000,None,None,-24681000,256961000,793493000,None,1088462000,63208000,240134000,25000000,192054000,186520000,0,0,1277000,0,380896000,0,None,None,None,256961000,None,25000000,None,52359000,None,None,None,730970000,1456280000,328608000,None,127652149,USD,18581000,12403000,399000,-8915000,-12000000,-34746000,7000,None,9298000,14271000,48618000,5579000,19432000,-25556000,2803000,-6856000,8936000,-174000,9267000,8936000,None,14271000,30.11,27.4
18,2015-12-31,USD,334340000,197560000,86779000,247561000,44197000,32138000,56669000,0,44197000,0,140891000,-5804000,50001000,0,-534000,None,None,None,0,0,0,12059000,-5893000,0,32138000,32138000,None,USD,1453856000,365914000,None,431295000,372135000,1081721000,27708000,124257000,1275000,400831000,50247000,257718000,396263000,251129000,240215000,37000000,37000000,-38090000,257853000,799740000,None,1081721000,81789000,246593000,37000000,185197000,183170000,0,0,1275000,0,400831000,0,None,None,None,257853000,None,37000000,None,64708000,None,None,None,717705000,1453856000,332918000,None,127471604,USD,100271000,-642000,-11885000,-106271000,12000000,-8377000,23000,-11111000,32138000,21894000,42156000,-9756000,18172000,-24237000,3837000,6428000,-10709000,24738000,5885000,-28922000,None,21894000,28.69,30.11
19,2015-09-30,USD,299812000,190295000,77166000,222646000,33166000,23178000,52533000,0,33166000,0,137762000,815000,32351000,0,0,None,None,None,0,0,0,9988000,0,0,23178000,23178000,None,USD,1413307000,252015000,None,310425000,353704000,1059603000,26427000,114888000,1269000,395154000,48680000,169770000,273502000,229235000,235931000,None,None,-31637000,260775000,879030000,None,1059603000,182060000,240820000,25000000,189992000,187389000,0,0,1269000,0,395154000,0,None,None,None,260775000,None,25000000,None,51427000,None,None,None,694817000,1413307000,411295000,None,126928562,USD,7956000,-6194000,-16539000,-17019000,25000000,-56708000,7000,None,23178000,-3549000,69698000,16174000,18655000,-24537000,-57178000,-2581000,17162000,556000,7476000,19910000,None,-3549000,27.79,28.69
