,fiscalDateEnding,reportedCurrency_x,totalRevenue,totalOperatingExpense,costOfRevenue,grossProfit,ebit,netIncome_x,researchAndDevelopment,effectOfAccountingCharges,incomeBeforeTax,minorityInterest,sellingGeneralAdministrative,otherNonOperatingIncome,operatingIncome,otherOperatingExpense,interestExpense,taxProvision,interestIncome,netInterestIncome,extraordinaryItems,nonRecurring,otherItems,incomeTaxExpense,totalOtherIncomeExpense,discontinuedOperations,netIncomeFromContinuingOperations,netIncomeApplicableToCommonShares,preferredStockAndOtherAdjustments,reportedCurrency_y,totalAssets,intangibleAssets,earningAssets,otherCurrentAssets,totalLiabilities,totalShareholderEquity,deferredLongTermLiabilities,otherCurrentLiabilities,commonStock,retainedEarnings,otherLiabilities,goodwill,otherAssets,cash,totalCurrentLiabilities,shortTermDebt,currentLongTermDebt,otherShareholderEquity,propertyPlantEquipment,totalCurrentAssets,longTermInvestments,netTangibleAssets,shortTermInvestments,netReceivables,longTermDebt,inventory,accountsPayable,totalPermanentEquity,additionalPaidInCapital,commonStockTotalEquity,preferredStockTotalEquity,retainedEarningsTotalEquity,treasuryStock,accumulatedAmortization,otherNonCurrrentAssets,deferredLongTermAssetCharges,totalNonCurrentAssets,capitalLeaseObligations,totalLongTermDebt,otherNonCurrentLiabilities,totalNonCurrentLiabilities,negativeGoodwill,warrants,preferredStockRedeemable,capitalSurplus,liabilitiesAndShareholderEquity,cashAndShortTermInvestments,accumulatedDepreciation,commonStockSharesOutstanding,reportedCurrency,investments,changeInLiabilities,cashflowFromInvestment,otherCashflowFromInvestment,netBorrowings,cashflowFromFinancing,otherCashflowFromFinancing,changeInOperatingActivities,netIncome_y,changeInCash,operatingCashflow,otherOperatingCashflow,depreciation,dividendPayout,stockSaleAndPurchase,changeInInventory,changeInAccountReceivables,changeInNetIncome,capitalExpenditures,changeInReceivables,changeInExchangeRate,changeInCashAndCashEquivalents,clossingVal,nextClossingVal
0,2020-06-30,USD,302400000,223400000,2400000,300000000,91500000,79600000,80900000,None,83200000,None,96500000,14900000,76600000,None,8300000,3600000,None,-8300000,None,46000000,None,3600000,-31100000,None,79600000,79600000,None,USD,1515600000,None,None,27500000,684400000,831200000,None,16400000,100000,-1015700000,27100000,None,6800000,415100000,573000000,419500000,419500000,4600000,44600000,1146200000,195200000,831200000,533200000,148400000,None,22000000,137100000,None,None,100000,None,-1015700000,None,None,129600000,None,369400000,84300000,None,111400000,111400000,None,None,None,1842200000,1515600000,948300000,None,93200000,USD,98100000,11100000,93400000,None,None,15800000,None,2700000,79600000,228100000,118900000,-8600000,7500000,None,15800000,-800000,300000,29800000,4700000,300000,None,228100000,122.0,
1,2020-03-31,USD,237100000,178200000,2100000,237100000,47100000,37400000,58300000,None,38900000,None,117800000,-11800000,58900000,60400000,8200000,1500000,-20000000,-8200000,None,None,None,1500000,-11800000,None,37400000,37400000,None,USD,1361900000,None,None,26700000,661600000,700300000,None,14400000,100000,-1095300000,21600000,None,3200000,187000000,140300000,None,None,-1400000,41900000,968200000,235900000,700300000,584700000,148600000,414100000,21200000,125900000,None,None,100000,None,-1095300000,None,None,115900000,None,393700000,85600000,414100000,107200000,521300000,None,None,None,1796900000,1361900000,771700000,None,92800000,USD,34500000,-16200000,33200000,34500000,None,3300000,None,-4100000,37400000,74700000,38200000,12400000,7400000,None,3300000,-3900000,-22100000,23200000,1300000,-22100000,None,74700000,86.55,122.0
2,2019-12-31,USD,244010000,195289000,2462000,244010000,46768000,34000000,55425000,None,38638000,None,101211000,-1953000,48721000,157226000,8130000,4638000,-10083000,-8130000,None,36191000,None,4638000,-38144000,None,34000000,34000000,None,USD,1306040000,None,None,16647000,1077924000,636923000,None,15195000,92000,-1132700000,17074000,None,59074000,112279000,565287000,408807000,408807000,1413000,41914000,831034000,299654000,228116000,558245000,126575000,408807000,17288000,141285000,None,None,92000,None,-1132700000,None,None,133438000,None,475006000,86756000,408807000,103830000,512637000,None,None,None,1768118000,1306040000,670524000,None,92272000,USD,-149211000,26970000,-166158000,-14135000,None,7284000,None,9418000,34000000,-56321000,102553000,31241000,6810000,None,7284000,-6490000,-11257000,21279000,2812000,-11257000,None,-56321000,107.49,86.55
3,2019-09-30,USD,222094000,131996000,2229000,222094000,66445000,53789000,45278000,None,58407000,None,84489000,-23653000,90098000,47507000,8038000,4618000,-31691000,-8038000,None,None,None,4618000,-23653000,None,53789000,53789000,None,USD,1179935000,None,None,22954000,605420000,574515000,None,13295000,92000,-1166700000,11697000,None,53621000,166637000,115652000,None,None,1606000,40302000,819232000,204793000,574515000,503525000,115318000,403589000,10798000,102357000,None,None,92000,None,-1166700000,None,None,115608000,None,360703000,74482000,403589000,86179000,489768000,None,None,None,1739517000,1179935000,670162000,None,92080000,USD,-82106000,7936000,-85646000,4000,None,13164000,None,1133000,53789000,25344000,97826000,26252000,6498000,None,13164000,1220000,-18795000,20926000,3544000,-18795000,None,25344000,90.11,107.49
4,2019-06-30,USD,183580000,149119000,1608000,183580000,60033000,51338000,61687000,None,52091000,None,80824000,25572000,34461000,1608000,7942000,753000,17630000,-7942000,None,5000000,None,753000,20572000,None,51338000,51338000,None,USD,1066861000,None,None,21455000,583155000,483706000,None,5562000,92000,-1220489000,17915000,None,82842000,140985000,100589000,None,None,645000,39623000,748808000,146503000,483706000,478993000,95357000,398466000,12018000,95027000,None,None,92000,None,-1220489000,None,None,131927000,None,318053000,66185000,398466000,84100000,482566000,None,None,None,1703458000,1066861000,619978000,None,91536000,USD,4210000,30253000,-243000,-14135000,None,4284000,None,8075000,51338000,68207000,64166000,-18837000,6275000,None,4284000,599000,-23393000,17931000,4453000,-23393000,None,68207000,84.43,90.11
5,2019-03-31,USD,138403000,239400000,1129000,138403000,-94741000,-102115000,37652000,None,-102594000,None,87538000,6256000,-100997000,1129000,7853000,-479000,-1597000,-7853000,None,113081000,None,-479000,-106825000,None,-102115000,-102115000,None,USD,957723000,None,None,24150000,548448000,409275000,None,3723000,91000,-1271827000,15863000,None,5477000,72778000,72003000,3267000,3267000,-233000,36661000,633192000,176689000,409275000,451290000,71964000,393435000,13010000,68280000,None,None,91000,None,-1271827000,None,None,111181000,None,324531000,67147000,393435000,83010000,476445000,None,None,None,1681244000,957723000,524068000,None,91284000,USD,99629000,-11204000,40974000,-54716000,None,2581000,None,3253000,-102115000,-68936000,-112491000,-3790000,6215000,None,2581000,-1753000,-15724000,15880000,3939000,-15724000,None,-68936000,88.1,84.43
6,2018-12-31,USD,131492000,109621000,14834000,131492000,26571000,18078000,39107000,0,18808000,0,68980000,4700000,21871000,1534000,7763000,None,None,None,0,0,0,730000,-3063000,0,18078000,18078000,None,USD,993151000,None,None,19760000,512386000,480765000,35657000,1856000,91000,-1177755000,35657000,None,5477000,141714000,88233000,88233000,88233000,-1932000,33869000,737777000,216028000,480765000,509199000,56240000,388496000,10864000,86377000,None,None,91000,None,-1177755000,None,None,5477000,None,255374000,None,388496000,None,424153000,None,None,None,1660361000,993151000,650913000,None,90797087,USD,-100250000,8821000,-106256000,4000,None,1782000,None,6012000,18078000,-54020000,50454000,6188000,6137000,None,1782000,383000,-2143000,12990000,6010000,-2143000,None,-54020000,71.41,88.1
7,2018-09-30,USD,151757000,97434000,14251000,151757000,58436000,50764000,35482000,0,50764000,0,60401000,4113000,54323000,1551000,7672000,None,None,None,0,0,0,0,-3559000,0,50764000,50764000,None,USD,933746000,0,None,18900000,486233000,447513000,29833000,731000,91000,-1195833000,29833000,0,5477000,195734000,456400000,383647000,383647000,-2056000,28618000,714394000,185257000,447513000,439609000,54097000,0,6054000,72022000,0,0,91000,0,-1195833000,0,None,5477000,None,219352000,None,None,None,29833000,None,None,None,1645311000,933746000,635343000,None,90673214,USD,-32736000,11304000,-45095000,-54720000,None,5490000,None,-286000,50764000,29312000,68917000,-214000,6214000,0,5490000,-636000,-11451000,12936000,12359000,-11451000,None,29312000,122.95,71.41
8,2018-06-30,USD,96905000,98757000,16054000,96905000,1678000,-5913000,36988000,0,-5913000,0,60915000,3530000,-1852000,854000,7591000,None,None,None,0,0,0,0,-4061000,0,-5913000,-5913000,None,USD,841317000,0,None,16291000,463881000,377436000,23234000,731000,90000,-1246597000,23234000,0,5477000,166422000,61762000,378885000,378885000,-2809000,18775000,567677000,249388000,377436000,342318000,42646000,378885000,0,61031000,0,0,90000,0,-1246597000,0,None,5477000,None,273640000,None,378885000,None,402119000,None,None,None,1626752000,841317000,508740000,None,90403238,USD,-29883000,11996000,-34514000,12000,None,6123000,None,-2229000,-5913000,-7912000,20479000,-2126000,6111000,0,6123000,-3271000,1978000,11704000,4643000,1978000,None,-7912000,98.24,122.95
9,2018-03-31,USD,71086000,108533000,12650000,71086000,-34314000,-41818000,48947000,0,-41818000,0,58636000,3133000,-37447000,950000,7504000,None,None,None,0,0,0,0,-12071000,0,-41818000,-41818000,None,USD,806360000,0,None,8613000,441873000,364487000,21198000,816000,90000,-1240684000,21198000,0,4500000,175311000,46466000,374209000,374209000,-3697000,11825000,513716000,276319000,364487000,285168000,44624000,374209000,0,45650000,0,0,90000,0,-1240684000,0,None,4500000,None,292644000,None,374209000,None,395407000,None,None,None,1608778000,806360000,460479000,None,89882062,USD,-55268000,-7898000,-57050000,18000,None,16135000,None,-840000,-41818000,-79401000,-38486000,-840000,5889000,0,16135000,-3271000,-13497000,19678000,1800000,-13497000,None,-79401000,82.93,98.24
10,2017-12-31,USD,94517000,82683000,81977000,94517000,14313000,6894000,25614000,0,6894000,0,56309000,2479000,11834000,760000,7419000,None,None,None,0,0,0,0,-8768000,0,6894000,6894000,None,USD,817591000,0,None,7863000,445453000,372138000,21409000,906000,89000,-1198866000,21409000,0,251861000,254712000,54426000,369618000,369618000,-1850000,10811000,554919000,247361000,372138000,261217000,31127000,369618000,1024000,53520000,0,0,89000,0,-1198866000,0,None,4500000,None,262672000,None,369618000,None,391027000,None,None,None,1572765000,817591000,515929000,None,88793903,USD,-57017000,16231000,-59281000,113000,502781000,5600000,None,-3994000,6894000,-13106000,40575000,481000,5764000,0,5600000,-782000,-31127000,13296000,2377000,-1309000,None,-13106000,77.59,82.93
11,2017-09-30,USD,60774000,66769000,66153000,60774000,-3788000,-11125000,22463000,0,-11125000,0,43873000,2207000,-5995000,433000,7337000,None,None,None,0,0,0,0,1910000,0,-11125000,-11125000,None,USD,772496000,0,None,7407000,424984000,347512000,21620000,852000,88000,-1205760000,21733000,0,214871000,267818000,38141000,365110000,365110000,-534000,9140000,548485000,210258000,347512000,243200000,29818000,365110000,242000,37289000,0,0,88000,0,-1205760000,0,None,4613000,None,224011000,None,365110000,113000,386843000,None,None,None,1553718000,772496000,511018000,None,88462002,USD,-32595000,10480000,-35392000,7000,None,3022000,None,-1938000,-11125000,-41680000,-9310000,-468000,5645000,0,3022000,-114000,29818000,10016000,2804000,-23744000,None,-41680000,61.28,77.59
12,2017-06-30,USD,6335000,63603000,63014000,6335000,-55218000,-59985000,21868000,0,-59985000,0,41674000,2050000,-57268000,61000,4767000,None,None,None,0,0,0,0,-5929000,0,-59985000,-59985000,None,USD,754086000,0,None,5529000,408848000,345238000,20333000,912000,88000,-1194635000,20446000,0,210381000,309498000,27721000,360681000,360681000,-713000,6954000,536751000,205768000,345238000,215522000,6074000,360681000,128000,26809000,0,0,88000,0,-1194635000,0,None,4613000,None,217335000,None,360681000,113000,381127000,None,None,None,1540498000,754086000,525020000,None,88216868,USD,-212916000,7554000,-212843000,470000,502781000,506493000,None,-2499000,-59985000,245411000,-48239000,-3168000,3774000,0,3712000,-128000,6074000,9009000,397000,-5295000,None,245411000,46.0,61.28
13,2017-03-31,USD,0,79932000,49443000,0,-78326000,-78326000,51882000,0,-78326000,0,28050000,1606000,-79932000,0,0,None,None,None,0,0,0,0,1606000,0,-78326000,-78326000,None,USD,289364000,0,None,3871000,42223000,247141000,18003000,4308000,88000,-1134650000,18660000,0,42769000,64087000,23563000,None,None,-235000,7144000,239451000,37686000,247141000,171493000,None,0,0,19255000,0,0,88000,0,-1134650000,0,None,5083000,None,49913000,None,None,657000,18660000,None,None,None,1381938000,289364000,235580000,None,87519910,USD,58208000,-6927000,56646000,-200000,502781000,1531000,None,-2437000,-78326000,-19180000,-77357000,-180000,758000,0,1531000,0,0,8097000,1362000,-779000,None,-19180000,43.3,46.0
14,2016-12-31,USD,15000000,46251000,45806000,-20900000,-44659000,-44659000,22583000,0,-44659000,0,23668000,1592000,-46251000,0,-19523000,None,None,None,0,0,0,0,6281000,0,-44659000,-44659000,None,USD,365086000,0,None,3092000,50209000,314877000,19065000,4232000,87000,-1056324000,19795000,0,48373000,83267000,30414000,None,None,-318000,6271000,310442000,43490000,314877000,224083000,None,0,0,26182000,0,0,87000,0,-1056324000,0,None,4883000,None,54644000,None,None,730000,19795000,None,None,None,1371432000,365086000,307350000,None,86883300,USD,15415000,3520000,15068000,-92000,502781000,63000,None,1383000,-44659000,-16494000,-31625000,-181000,814000,0,63000,-1024000,-31127000,7090000,347000,16368000,None,-16494000,38.7,43.3
15,2016-09-30,USD,15000000,38436000,38028000,0,-36887000,-36887000,20942000,0,-36887000,0,17494000,1549000,-38436000,0,0,None,None,None,0,0,0,0,46000,0,-36887000,-36887000,None,USD,399161000,0,None,4849000,47510000,351651000,20082000,4193000,87000,-1011665000,20844000,0,35090000,99761000,26666000,None,None,-187000,6180000,357891000,30207000,351651000,253281000,None,0,0,22473000,0,0,87000,0,-1011665000,0,None,4883000,None,41270000,None,None,762000,20844000,None,None,None,1363416000,399161000,353042000,None,86866113,USD,43973000,-306000,43196000,0,502781000,1329000,None,-281000,-36887000,13515000,-31010000,-411000,1119000,0,1329000,0,0,5475000,777000,None,None,13515000,50.64,38.7
16,2016-06-30,USD,30000000,41828000,41504000,0,-40280000,-40280000,26863000,0,-40280000,0,14965000,1548000,-41828000,0,0,None,None,None,0,0,0,0,-1638000,0,-40280000,-40280000,None,USD,429838000,0,None,4568000,48800000,381038000,21075000,4120000,87000,-974778000,21901000,0,32061000,86246000,26899000,None,None,-39000,5811000,391966000,27178000,381038000,301152000,None,0,0,22779000,0,0,87000,0,-974778000,0,None,4883000,None,37872000,None,None,826000,21901000,None,None,None,1355768000,429838000,387398000,None,86751633,USD,-13531000,3423000,-15656000,118000,None,936000,None,315000,-40280000,-29055000,-14335000,172000,1367000,0,936000,0,0,6406000,2243000,None,None,-29055000,45.45,50.64
17,2016-03-31,USD,15000000,35857000,35581000,15000000,-19264000,-19264000,23903000,0,-19264000,0,11954000,1593000,-20857000,0,0,None,None,None,0,0,0,0,1593000,0,-19264000,-19264000,None,USD,459332000,0,None,4377000,46373000,412959000,22067000,4028000,87000,-934498000,23097000,0,54451000,115301000,23276000,None,None,-188000,3897000,400984000,49460000,412959000,266223000,15083000,0,0,19248000,0,0,87000,0,-934498000,0,None,4991000,None,58348000,None,None,1030000,23097000,None,None,None,1347558000,459332000,381524000,None,86573076,USD,71193000,-2347000,70255000,-197000,None,62000,None,315000,-19264000,41106000,-29211000,-758000,1673000,0,62000,0,0,6062000,741000,-14577000,None,41106000,39.55,45.45
18,2015-12-31,USD,19769000,30748000,30478000,-14031000,-29315000,-29315000,21809000,0,-29315000,0,8939000,1433000,-30748000,0,-19523000,None,None,None,0,0,0,0,3864000,0,-29315000,-29315000,None,USD,474785000,0,None,4883000,50331000,424454000,22840000,4120000,86000,-915234000,24616000,0,87279000,74195000,25715000,None,None,-977000,3432000,384074000,82488000,424454000,304996000,None,0,0,21595000,0,0,86000,0,-915234000,0,None,4791000,None,90711000,None,None,1776000,24616000,None,None,None,1340579000,474785000,379191000,None,86262594,USD,22880000,5885000,22052000,40000,502781000,968000,None,-1138000,-29315000,7817000,-15203000,1337000,1991000,0,968000,-1024000,-31127000,5388000,828000,30063000,None,7817000,56.57,39.55
19,2015-09-30,USD,0,35844000,35600000,0,-34435000,-34435000,24388000,0,-34435000,0,11456000,1409000,-35844000,0,0,None,None,None,0,0,0,0,74000,0,-34435000,-34435000,None,USD,492436000,0,None,5940000,45493000,446943000,23781000,4111000,86000,-885919000,25671000,0,106777000,66378000,19822000,None,None,-609000,2874000,382785000,101986000,446943000,310467000,None,0,0,15711000,0,0,86000,0,-885919000,0,None,4791000,None,109651000,None,None,1890000,25671000,None,None,None,1333385000,492436000,376845000,None,85884128,USD,-47568000,2259000,-47860000,24000,None,740000,None,None,-34435000,-65692000,-18572000,-1447000,1976000,0,740000,0,0,13075000,316000,None,None,-65692000,39.79,56.57
