,fiscalDateEnding,reportedCurrency_x,totalRevenue,totalOperatingExpense,costOfRevenue,grossProfit,ebit,netIncome_x,researchAndDevelopment,effectOfAccountingCharges,incomeBeforeTax,minorityInterest,sellingGeneralAdministrative,otherNonOperatingIncome,operatingIncome,otherOperatingExpense,interestExpense,taxProvision,interestIncome,netInterestIncome,extraordinaryItems,nonRecurring,otherItems,incomeTaxExpense,totalOtherIncomeExpense,discontinuedOperations,netIncomeFromContinuingOperations,netIncomeApplicableToCommonShares,preferredStockAndOtherAdjustments,reportedCurrency_y,totalAssets,intangibleAssets,earningAssets,otherCurrentAssets,totalLiabilities,totalShareholderEquity,deferredLongTermLiabilities,otherCurrentLiabilities,commonStock,retainedEarnings,otherLiabilities,goodwill,otherAssets,cash,totalCurrentLiabilities,shortTermDebt,currentLongTermDebt,otherShareholderEquity,propertyPlantEquipment,totalCurrentAssets,longTermInvestments,netTangibleAssets,shortTermInvestments,netReceivables,longTermDebt,inventory,accountsPayable,totalPermanentEquity,additionalPaidInCapital,commonStockTotalEquity,preferredStockTotalEquity,retainedEarningsTotalEquity,treasuryStock,accumulatedAmortization,otherNonCurrrentAssets,deferredLongTermAssetCharges,totalNonCurrentAssets,capitalLeaseObligations,totalLongTermDebt,otherNonCurrentLiabilities,totalNonCurrentLiabilities,negativeGoodwill,warrants,preferredStockRedeemable,capitalSurplus,liabilitiesAndShareholderEquity,cashAndShortTermInvestments,accumulatedDepreciation,commonStockSharesOutstanding,reportedCurrency,investments,changeInLiabilities,cashflowFromInvestment,otherCashflowFromInvestment,netBorrowings,cashflowFromFinancing,otherCashflowFromFinancing,changeInOperatingActivities,netIncome_y,changeInCash,operatingCashflow,otherOperatingCashflow,depreciation,dividendPayout,stockSaleAndPurchase,changeInInventory,changeInAccountReceivables,changeInNetIncome,capitalExpenditures,changeInReceivables,changeInExchangeRate,changeInCashAndCashEquivalents,clossingVal,nextClossingVal
0,2020-03-31,USD,17181000,None,None,None,None,1875000,None,None,3611000,None,7049000,None,None,1450000,4766000,1736000,21087000,16321000,None,None,None,1736000,None,None,1875000,1875000,None,USD,1231458000,2116000,160076000,None,1071933000,159525000,None,None,8634000,78824000,24661000,None,1052490000,88775000,None,None,None,-1633000,9810000,None,73481000,159416000,66318000,None,29912000,None,None,None,None,None,None,None,None,None,None,None,None,4846000,19758000,None,None,None,None,None,73700000,None,None,None,None,USD,-21592000,0,None,None,None,22812000,None,None,1875000,2435000,1215000,None,741000,-91000,None,None,None,None,155000,None,None,None,11.66,
1,2019-12-31,USD,16882000,9681000,None,16639000,None,4867000,None,None,6850000,None,6982000,None,6958000,1404000,4713000,1983000,20258000,15545000,None,None,None,1983000,-108000,None,4867000,4867000,None,USD,1207416000,2641000,168915000,2331000,1044016000,163400000,None,None,9052000,77039000,25027000,None,1020266000,86340000,998909000,60000000,60000000,-1071000,10390000,91176000,79933000,163183000,72895000,None,74884000,2505000,938909000,None,None,None,None,None,None,None,None,None,None,5196000,20080000,None,None,None,None,None,78380000,None,None,None,None,USD,-69355000,0,None,None,None,75513000,None,None,4867000,17979000,11821000,None,740000,-94000,None,None,None,None,244000,None,None,None,21.99,11.66
2,2019-09-30,USD,16913000,10263000,None,17049000,None,4776000,None,None,6695000,None,7446000,None,6786000,1509000,4758000,1919000,20495000,15737000,None,None,None,1919000,-91000,None,4776000,4776000,None,USD,1123053000,2940000,150071000,1707000,964952000,158101000,None,None,9039000,72267000,21601000,None,954795000,68361000,922956000,15000000,15000000,-1436000,10778000,72004000,81278000,157775000,74256000,None,29857000,1936000,907956000,None,None,None,None,None,None,None,None,None,None,5538000,20395000,None,None,None,None,None,78231000,None,None,None,None,USD,44429000,0,None,None,None,-35099000,None,None,4776000,11454000,2124000,None,738000,-90000,None,None,None,None,271000,None,None,None,22.17,21.99
3,2019-06-30,USD,18439000,9623000,None,18177000,None,-603000,None,None,-327000,None,7582000,None,8554000,1275000,5268000,276000,22556000,17288000,None,None,None,276000,-8881000,None,-603000,-603000,None,USD,1153858000,3285000,142305000,6210000,1000278000,153580000,None,None,9042000,67581000,26125000,None,998247000,56907000,957371000,15000000,15000000,-1138000,5582000,62774000,82712000,153146000,75774000,None,29829000,1957000,942371000,None,None,None,None,None,None,None,None,None,None,323000,15152000,None,None,None,None,None,78095000,None,None,None,None,USD,-10225000,0,-10225000,-89082000,-16568000,-90917000,-74259000,5947000,-603000,-95946000,5196000,None,440000,-90000,-16542000,None,None,-7665000,110000,None,None,None,27.58,22.17
4,2019-03-31,USD,16485000,9752000,None,16485000,6733000,4828000,None,None,6733000,None,9752000,None,6733000,1355000,5146000,1905000,20179000,15033000,None,None,None,1905000,-188000,None,4828000,4828000,None,USD,1231402000,542000,236637000,1276000,1078214000,153188000,None,1016624000,9042000,68274000,19927000,None,980961000,154111000,1031624000,15000000,15000000,-1860000,5786000,154111000,1041028000,152646000,76938000,None,24612000,2014000,1016624000,None,None,9042000,None,68274000,None,None,29935000,None,1077291000,395000,24612000,21978000,46590000,None,None,None,77732000,1231402000,154111000,None,9000000,USD,-2770000,721000,-23408000,-20634000,-71000,30833000,31029000,61000,4828000,15237000,7812000,-4074000,542000,-89000,-36000,None,None,5795000,4000,None,None,15237000,20.68,27.58
5,2018-12-31,USD,17087000,9903000,4787000,17087000,7184000,5125000,0,None,7184000,None,9903000,None,7184000,1441000,9094000,None,None,None,None,None,None,2059000,-190000,None,5125000,5125000,None,USD,1194127000,649000,None,1799000,1045636000,148491000,None,985591000,9049000,63535000,19202000,None,957020000,139268000,1000591000,15000000,15000000,-1548000,6112000,139268000,1019620000,147842000,None,None,24594000,1463000,985591000,None,None,9049000,None,63535000,None,None,28478000,None,1054859000,None,24594000,20451000,45045000,None,None,None,77455000,1194127000,139268000,None,9000000,USD,-47805000,4137000,-47807000,125000,-70000,-30083000,-29918000,4032000,5125000,-68101000,9789000,-4491000,1104000,-91000,-4000,None,None,4378000,127000,None,None,-68101000,16.73,20.68
6,2018-09-30,USD,15381000,9355000,4940000,15381000,6026000,4534000,0,None,6026000,None,9355000,None,6026000,1270000,4408000,None,None,None,None,None,None,1492000,-190000,None,4534000,4534000,None,USD,1213717000,758000,None,3290000,1070326000,143391000,0,1015507000,9047000,58501000,14983000,0,905500000,207369000,1030507000,15000000,15000000,-1232000,6314000,207369000,1050132000,142633000,0,None,24579000,1549000,1015507000,0,0,9047000,0,58501000,0,None,28301000,None,1085505000,None,24579000,15240000,39819000,None,None,None,77075000,1213717000,207369000,None,9000000,USD,-33115000,-9085000,-7939000,25232000,-69000,60277000,60435000,-8589000,4534000,48315000,-4023000,-496000,28000,-89000,0,1252000,0,532000,56000,None,None,48315000,21.7,16.73
7,2018-06-30,USD,16112000,9478000,3818000,16112000,6634000,4344000,0,0,6634000,0,9478000,None,6634000,1111000,9234000,None,None,None,0,0,0,2290000,-189000,0,4344000,4344000,None,USD,1157736000,867000,None,8655000,1019306000,138430000,0,954940000,8939000,54236000,24135000,0,890604000,159054000,969940000,15000000,15000000,-1761000,6591000,246741000,874150000,137563000,87687000,None,24563000,2233000,954940000,0,0,8939000,0,54236000,0,None,29387000,None,910995000,None,24563000,24803000,49366000,None,None,None,77016000,1157736000,246741000,None,9000000,USD,-50673000,8541000,-54851000,-4021000,-70000,-21630000,-21351000,9134000,4344000,-64665000,11816000,-593000,27000,-89000,-120000,7137000,0,254000,157000,None,None,-64665000,21.8,21.7
8,2018-03-31,USD,14652000,8975000,3714000,14652000,5677000,3932000,0,0,5677000,0,8975000,None,5677000,1089000,547000,None,None,None,0,0,0,1745000,-184000,0,3932000,3932000,None,USD,1166143000,975000,None,4539000,1032356000,133787000,0,976280000,8925000,49981000,16528000,0,120090000,223825000,991280000,15000000,15000000,-2045000,6762000,313566000,816277000,132812000,89741000,None,24548000,5486000,976280000,0,0,8925000,0,49981000,0,None,28563000,None,852577000,None,24548000,16528000,41076000,None,None,None,76926000,1166143000,313566000,None,9000000,USD,-31040000,472000,-40214000,-9145000,-66000,127428000,128556000,-76000,3932000,93844000,6630000,548000,28000,-89000,-973000,6524000,0,364000,29000,None,None,93844000,20.5,21.8
9,2017-12-31,USD,13248000,8563000,3241000,13248000,4685000,3304000,0,0,4685000,0,8563000,None,4685000,-97000,-64000,None,None,None,0,0,0,1381000,-189000,0,3304000,3304000,None,USD,1034446000,1082000,None,6333000,904443000,130003000,0,848654000,8939000,45855000,16258000,0,122084000,129981000,863654000,15000000,15000000,-1596000,7061000,222320000,776168000,128921000,92339000,None,24531000,7243000,848654000,0,0,8939000,0,45855000,0,None,27815000,None,812126000,None,24531000,16258000,40789000,None,None,None,76805000,1034446000,222320000,None,9000000,USD,-32960000,761000,-8921000,24205000,-5067000,-19346000,-14189000,484000,3304000,-22592000,5675000,277000,27000,-90000,0,1637000,0,438000,166000,None,None,-22592000,23.15,20.5
10,2017-09-30,USD,14915000,8714000,3221000,14915000,6201000,4586000,0,0,6201000,0,8714000,None,6201000,1029000,2867000,None,None,None,0,0,0,1615000,0,0,4586000,4586000,None,USD,1049637000,1191000,None,9506000,922925000,126712000,0,862723000,8890000,42641000,16503000,0,124452000,152753000,882727000,20004000,20004000,-1528000,7274000,247261000,765056000,125521000,94508000,None,24513000,11546000,862723000,0,0,8890000,0,42641000,0,None,28855000,None,802376000,None,24513000,15685000,40198000,None,None,None,76709000,1049637000,247261000,None,9000000,USD,-1584000,-3992000,20386000,22599000,-65000,-28187000,-28035000,-5091000,4586000,-12468000,-4667000,1099000,28000,-87000,0,0,0,354000,629000,None,None,-12468000,26.15,23.15
11,2017-06-30,USD,16259000,9365000,3004000,16259000,6894000,4027000,0,0,6894000,0,9365000,None,6894000,5185000,7597000,None,None,None,0,0,0,2867000,-735000,0,4027000,4027000,None,USD,1076874000,1300000,None,7399000,954077000,122797000,0,889850000,8832000,38142000,19723000,0,125599000,165221000,909861000,20011000,20011000,-1632000,6937000,261914000,780229000,121497000,96693000,None,24493000,5525000,889850000,0,0,8832000,0,38142000,0,None,26494000,None,814960000,None,24493000,19723000,44216000,None,None,None,77455000,1076874000,261914000,None,9000000,USD,-43070000,5200000,-50632000,-7288000,-65000,40184000,40338000,4509000,4027000,15841000,26289000,-114000,27000,-89000,0,31015000,0,389000,274000,None,None,15841000,20.35,26.15
12,2017-03-31,USD,14383000,8842000,2884000,14383000,5541000,3461000,0,0,5541000,0,8842000,None,5541000,-169000,-1000,None,None,None,0,0,0,2080000,0,0,3461000,3461000,None,USD,1027046000,1408000,None,4634000,908371000,118675000,0,849479000,8815000,34204000,14393000,0,125854000,149380000,869496000,20017000,20017000,-1593000,7002000,248245000,742987000,117267000,98865000,None,24482000,8395000,849479000,0,0,8815000,0,34204000,0,None,27404000,None,778801000,None,24482000,14393000,38875000,None,None,None,77249000,1027046000,248245000,None,9000000,USD,-16243000,814000,21417000,37852000,-65000,9740000,9892000,-1840000,3461000,35246000,4089000,1263000,-55000,-87000,0,8790000,0,385000,192000,None,None,35246000,15.3,20.35
13,2016-12-31,USD,13895000,8956000,3127000,13895000,4939000,3100000,0,0,4939000,0,8956000,None,4939000,-774000,18000,None,None,None,0,0,0,1839000,0,0,3100000,3100000,None,USD,1012659000,1514000,None,None,897717000,114942000,0,839571000,8831000,30830000,13650000,0,117329000,114134000,859595000,20024000,20024000,-1765000,7179000,204667000,772810000,113428000,90533000,None,24472000,12124000,839571000,0,0,8831000,0,30830000,0,None,26489000,None,807992000,None,24472000,13650000,38122000,None,None,None,77046000,1012659000,204667000,None,9000000,USD,-43118000,1046000,-42288000,1012000,-10063000,24012000,34163000,33000,3100000,-14053000,4223000,-33000,76000,-88000,0,4322000,0,627000,182000,None,None,-14053000,13.1,15.3
14,2016-09-30,USD,11390000,8626000,2675000,11390000,2764000,1751000,0,0,2764000,0,8626000,None,2764000,302000,2482000,None,None,None,0,0,0,1013000,0,0,1751000,1751000,None,USD,985568000,1623000,None,None,874015000,111553000,0,805409000,8831000,27818000,14101000,0,121928000,128657000,835455000,30046000,30046000,-1861000,7452000,223240000,726165000,109930000,94583000,None,24459000,11027000,805409000,0,0,8831000,0,27818000,0,None,27088000,None,762328000,None,24459000,14101000,38560000,None,None,None,76765000,985568000,223240000,None,9000000,USD,-8228000,-345000,-22177000,-13902000,-62000,-2120000,4978000,-15000,1751000,-24908000,-611000,15000,62000,-93000,-6943000,299000,0,193000,47000,None,None,-24908000,11.58,13.1
15,2016-06-30,USD,770000,25786000,2433000,770000,-25016000,2198000,0,0,3410000,0,25786000,None,-25016000,4493000,7855000,None,None,None,0,0,0,1212000,-966000,0,2199000,2198000,None,USD,986153000,1732000,None,11519000,869562000,116591000,0,800432000,9317000,26160000,14596000,0,127938000,153565000,830507000,30075000,25037000,-1906000,7801000,254137000,697605000,114859000,100572000,None,24459000,9171000,800432000,0,0,9317000,0,26160000,0,None,24878000,None,732016000,None,24459000,14596000,39055000,None,None,None,83020000,986153000,254137000,None,9000000,USD,-56350000,1685000,-3352000,53104000,11697000,58943000,47483000,223000,2198000,61307000,4114000,-2243000,-1237000,-93000,-144000,4512000,0,3711000,106000,None,None,59705000,11.25,11.58
16,2016-03-31,USD,11053000,8412000,2242000,11053000,2641000,1809000,0,0,2641000,0,8412000,None,2641000,343000,0,None,None,None,0,0,0,832000,0,0,1809000,1809000,None,USD,922689000,1840000,None,None,808163000,114526000,0,752949000,9331000,24055000,12397000,0,120244000,94023000,785805000,32856000,32856000,-1843000,8101000,184514000,702202000,112686000,90491000,None,9961000,6045000,752949000,0,0,9331000,0,24055000,0,None,26032000,None,738175000,None,9961000,12397000,22358000,None,None,None,82983000,922689000,184514000,None,9000000,USD,5890000,1224000,-2283000,-8127000,265000,24458000,26174000,-543000,1810000,25089000,2914000,-1747000,-952000,-95000,-1886000,3030000,0,2579000,46000,None,None,25089000,10.61,11.25
17,2015-12-31,USD,22935000,-8196000,2759000,22935000,31131000,1744000,0,0,2704000,0,-8196000,None,31131000,0,-1863000,None,None,None,0,0,0,960000,0,0,1744000,1744000,None,USD,894101000,1947000,None,None,779488000,114613000,0,726766000,9520000,20568000,10190000,0,133140000,66363000,759323000,32557000,None,-1772000,8461000,173273000,684899000,112666000,104339000,None,9975000,8830000,726766000,0,0,9520000,0,22340000,0,None,25521000,None,720828000,None,9975000,10190000,20165000,None,None,None,84525000,894101000,173273000,None,10000000,USD,-35717000,2032000,-51244000,-15107000,-113000,32298000,33289000,None,1744000,-19850000,-904000,-668000,-1756000,-97000,-781000,458000,0,527000,420000,None,None,-19850000,10.5,10.61
18,2015-09-30,USD,10777000,7810000,2039000,10777000,2967000,1867000,0,0,2967000,0,7810000,None,2967000,0,0,None,None,None,0,0,0,1100000,0,0,1867000,1867000,None,USD,858249000,2078000,None,None,744545000,113704000,0,693478000,9593000,20693000,8443000,0,130984000,90315000,726116000,32638000,None,-1519000,8460000,191659000,631313000,111626000,101344000,None,9986000,8815000,693478000,0,0,9593000,0,20693000,0,None,24739000,None,666590000,None,9986000,8443000,18429000,None,None,None,84937000,858249000,191659000,None,10000000,USD,-10784000,-3059000,-10760000,642000,-9926000,8153000,18722000,None,1867000,-3637000,-1030000,-521000,-2269000,-95000,-548000,2287000,0,169000,618000,None,None,-3637000,10.53,10.5
