,fiscalDateEnding,reportedCurrency_x,totalRevenue,totalOperatingExpense,costOfRevenue,grossProfit,ebit,netIncome_x,researchAndDevelopment,effectOfAccountingCharges,incomeBeforeTax,minorityInterest,sellingGeneralAdministrative,otherNonOperatingIncome,operatingIncome,otherOperatingExpense,interestExpense,taxProvision,interestIncome,netInterestIncome,extraordinaryItems,nonRecurring,otherItems,incomeTaxExpense,totalOtherIncomeExpense,discontinuedOperations,netIncomeFromContinuingOperations,netIncomeApplicableToCommonShares,preferredStockAndOtherAdjustments,reportedCurrency_y,totalAssets,intangibleAssets,earningAssets,otherCurrentAssets,totalLiabilities,totalShareholderEquity,deferredLongTermLiabilities,otherCurrentLiabilities,commonStock,retainedEarnings,otherLiabilities,goodwill,otherAssets,cash,totalCurrentLiabilities,shortTermDebt,currentLongTermDebt,otherShareholderEquity,propertyPlantEquipment,totalCurrentAssets,longTermInvestments,netTangibleAssets,shortTermInvestments,netReceivables,longTermDebt,inventory,accountsPayable,totalPermanentEquity,additionalPaidInCapital,commonStockTotalEquity,preferredStockTotalEquity,retainedEarningsTotalEquity,treasuryStock,accumulatedAmortization,otherNonCurrrentAssets,deferredLongTermAssetCharges,totalNonCurrentAssets,capitalLeaseObligations,totalLongTermDebt,otherNonCurrentLiabilities,totalNonCurrentLiabilities,negativeGoodwill,warrants,preferredStockRedeemable,capitalSurplus,liabilitiesAndShareholderEquity,cashAndShortTermInvestments,accumulatedDepreciation,commonStockSharesOutstanding,reportedCurrency,investments,changeInLiabilities,cashflowFromInvestment,otherCashflowFromInvestment,netBorrowings,cashflowFromFinancing,otherCashflowFromFinancing,changeInOperatingActivities,netIncome_y,changeInCash,operatingCashflow,otherOperatingCashflow,depreciation,dividendPayout,stockSaleAndPurchase,changeInInventory,changeInAccountReceivables,changeInNetIncome,capitalExpenditures,changeInReceivables,changeInExchangeRate,changeInCashAndCashEquivalents,clossingVal,nextClossingVal
0,2020-06-30,USD,1398000000,384000000,699000000,699000000,342000000,241000000,None,None,316000000,3000000,317000000,27000000,315000000,50000000,26000000,75000000,1000000,-25000000,None,17000000,None,75000000,9000000,None,241000000,241000000,None,USD,14559000000,2215000000,None,3482000000,8802000000,5754000000,506000000,3971000000,2000000,5301000000,668000000,6488000000,89000000,711000000,4249000000,None,None,-1715000000,396000000,4716000000,None,-2949000000,206000000,523000000,3482000000,None,278000000,None,None,2000000,None,5301000000,-367000000,None,744000000,None,9843000000,403000000,3482000000,565000000,4553000000,None,None,None,2533000000,14559000000,711000000,None,164248600,USD,63000000,227000000,9000000,-12000000,-663000000,-762000000,-2000000,226000000,241000000,-312000000,441000000,-133000000,50000000,-80000000,-17000000,None,None,9000000,42000000,47000000,None,-312000000,119.47,
1,2020-03-31,USD,1353000000,426000000,652000000,701000000,299000000,203000000,None,None,273000000,2000000,359000000,24000000,275000000,48000000,26000000,70000000,2000000,-24000000,None,19000000,None,70000000,3000000,None,203000000,203000000,None,USD,14798000000,2200000000,None,3433000000,9400000000,5396000000,507000000,3989000000,2000000,5140000000,678000000,6326000000,87000000,1015000000,5450000000,1146000000,1146000000,-1909000000,375000000,5270000000,None,-3130000000,254000000,568000000,2962000000,None,315000000,None,None,2000000,None,5140000000,-364000000,None,627000000,None,9528000000,310000000,2962000000,481000000,3950000000,None,None,None,2527000000,14798000000,1269000000,None,164337766,USD,22000000,-4000000,-154000000,-150000000,694000000,468000000,-26000000,37000000,203000000,694000000,380000000,273000000,48000000,-78000000,-122000000,None,None,34000000,26000000,-174000000,None,694000000,94.95,119.47
2,2019-12-31,USD,1066000000,386000000,1727000000,646000000,279000000,203000000,None,None,252000000,2000000,324000000,19000000,260000000,-1260000000,27000000,49000000,2000000,-25000000,None,15000000,None,49000000,3000000,None,203000000,203000000,None,USD,13924000000,2249000000,None,3245000000,8285000000,5639000000,552000000,3500000000,2000000,5027000000,731000000,6366000000,84000000,332000000,4227000000,391000000,391000000,-1686000000,384000000,4290000000,205000000,-2976000000,291000000,422000000,2996000000,None,336000000,None,None,2000000,None,5027000000,-336000000,None,635000000,None,9634000000,331000000,2996000000,510000000,4058000000,None,None,None,2632000000,13924000000,623000000,None,165094440,USD,-81000000,170000000,-109000000,11000000,-148000000,-208000000,-8000000,138000000,203000000,22000000,339000000,-112000000,47000000,-77000000,25000000,None,-35000000,66000000,39000000,-35000000,None,22000000,107.1,94.95
3,2019-09-30,USD,1096000000,406000000,464000000,632000000,244000000,150000000,None,None,215000000,2000000,319000000,18000000,226000000,511000000,29000000,65000000,3000000,-26000000,None,40000000,None,65000000,-25000000,None,150000000,150000000,None,USD,12980000000,2239000000,None,2595000000,7653000000,5327000000,525000000,2870000000,2000000,4901000000,695000000,6232000000,95000000,304000000,3692000000,539000000,539000000,-1833000000,361000000,3499000000,208000000,-3144000000,201000000,399000000,2939000000,None,283000000,None,None,2000000,None,4901000000,-328000000,None,649000000,None,9481000000,327000000,2939000000,497000000,3961000000,None,None,None,2585000000,12980000000,505000000,None,163894038,USD,58000000,-120000000,32000000,-1000000,72000000,-156000000,-1000000,-63000000,150000000,-23000000,101000000,-2000000,47000000,-78000000,-149000000,None,13000000,13000000,25000000,13000000,None,-23000000,99.35,107.1
4,2019-06-30,USD,1061000000,367000000,438000000,623000000,270000000,174000000,None,None,239000000,2000000,314000000,14000000,256000000,486000000,31000000,65000000,3000000,-28000000,None,5000000,None,65000000,6000000,None,174000000,174000000,None,USD,14132000000,2304000000,None,3356000000,8581000000,5551000000,510000000,3796000000,2000000,4829000000,685000000,6382000000,113000000,333000000,4531000000,467000000,467000000,-1666000000,390000000,4363000000,215000000,-3135000000,259000000,415000000,3022000000,None,268000000,None,None,2000000,None,4829000000,-327000000,None,693000000,None,9769000000,343000000,3022000000,518000000,4050000000,None,None,None,2713000000,14132000000,592000000,None,165389235,USD,-39000000,-134000000,-89000000,-7000000,-119000000,-271000000,-36000000,39000000,174000000,-174000000,186000000,28000000,48000000,-77000000,-39000000,None,30000000,40000000,43000000,30000000,None,-174000000,96.17,99.35
5,2019-03-31,USD,1039000000,359000000,405000000,634000000,350000000,247000000,None,None,313000000,None,302000000,75000000,275000000,453000000,37000000,66000000,3000000,-34000000,None,9000000,None,66000000,63000000,None,247000000,247000000,None,USD,14503000000,2329000000,None,3597000000,9009000000,5494000000,503000000,4066000000,2000000,4732000000,683000000,6380000000,113000000,472000000,5641000000,1239000000,1239000000,-1645000000,370000000,4736000000,197000000,-3215000000,220000000,447000000,2328000000,None,336000000,None,None,2000000,None,4732000000,-327000000,None,688000000,None,9767000000,357000000,2328000000,537000000,3368000000,None,None,None,2732000000,14503000000,692000000,None,165701483,USD,37000000,266000000,-74000000,-91000000,-235000000,-302000000,6000000,-56000000,247000000,-39000000,337000000,-102000000,48000000,-73000000,0,None,-50000000,-72000000,20000000,-50000000,None,-39000000,87.49,96.17
6,2018-12-31,USD,1135000000,405000000,492000000,645000000,365000000,-44000000,0,0,328000000,0,339000000,125000000,240000000,541000000,37000000,None,None,None,-289000000,15000000,0,372000000,65000000,0,-44000000,-44000000,None,USD,15700000000,2300000000,None,5173000000,10251000000,5449000000,501000000,5298000000,2000000,4558000000,725000000,6363000000,112000000,545000000,6570000000,875000000,None,-1530000000,376000000,6370000000,179000000,-3214000000,268000000,384000000,2956000000,None,397000000,None,None,2000000,None,4558000000,-297000000,None,291000000,None,9330000000,None,2956000000,224000000,3681000000,None,None,None,2716000000,15700000000,813000000,None,165165104,USD,103000000,248000000,-31000000,-95000000,-35000000,-121000000,-21000000,204000000,-44000000,208000000,360000000,-84000000,51000000,-72000000,7000000,None,-24000000,213000000,39000000,-24000000,None,208000000,81.57,87.49
7,2018-09-30,USD,964000000,354000000,364000000,600000000,247000000,163000000,0,0,209000000,0,295000000,1000000,246000000,417000000,38000000,None,None,None,0,6000000,0,46000000,-51000000,0,163000000,163000000,None,USD,14855000000,2328000000,None,4575000000,9253000000,5602000000,137000000,4670000000,2000000,4399000000,382000000,6369000000,123000000,324000000,5799000000,808000000,None,-1184000000,371000000,5457000000,207000000,-3095000000,202000000,356000000,3072000000,202000000,321000000,0,0,2000000,0,4399000000,-291000000,None,330000000,None,9398000000,None,3072000000,245000000,3454000000,None,None,None,2676000000,14855000000,526000000,None,163949047,USD,111000000,-168000000,76000000,-8000000,41000000,-71000000,14000000,-226000000,163000000,19000000,14000000,-120000000,53000000,-72000000,-54000000,0,41000000,45000000,27000000,41000000,None,19000000,85.8,81.57
8,2018-06-30,USD,1027000000,346000000,412000000,615000000,325000000,162000000,0,0,288000000,0,303000000,56000000,269000000,465000000,37000000,None,None,None,0,-10000000,0,126000000,21000000,0,162000000,162000000,None,USD,15141000000,2351000000,None,4687000000,9599000000,5542000000,99000000,5091000000,2000000,4309000000,372000000,6355000000,121000000,322000000,6148000000,768000000,3847000000,-1191000000,370000000,5727000000,217000000,-3164000000,313000000,405000000,3079000000,300000000,289000000,0,0,2000000,0,4309000000,-290000000,None,338000000,None,9414000000,None,3079000000,273000000,3451000000,None,None,None,2712000000,15141000000,635000000,None,164503404,USD,-100000000,-124000000,159000000,288000000,-193000000,-498000000,-1000000,128000000,162000000,-60000000,279000000,162000000,53000000,-73000000,-231000000,0,75000000,-49000000,29000000,75000000,None,-60000000,91.27,85.8
9,2018-03-31,USD,1151000000,393000000,815000000,666000000,277000000,177000000,0,0,239000000,0,330000000,4000000,273000000,538000000,38000000,None,None,None,0,10000000,0,62000000,-52000000,0,177000000,177000000,None,USD,15790000000,2432000000,None,4499000000,10065000000,5725000000,706000000,4728000000,2000000,4146000000,274000000,6549000000,9768000000,429000000,6036000000,960000000,4115000000,-1060000000,384000000,5638000000,285000000,-3256000000,224000000,486000000,3155000000,214000000,348000000,0,0,2000000,0,4146000000,-289000000,None,371000000,None,416000000,None,3155000000,168000000,4029000000,None,None,None,2926000000,15790000000,653000000,None,166946592,USD,8000000,215000000,-8000000,-6000000,-133000000,-337000000,-42000000,-8000000,177000000,30000000,375000000,50000000,53000000,-63000000,-99000000,0,-127000000,7000000,16000000,-127000000,None,30000000,86.22,91.27
10,2017-12-31,USD,1025000000,393000000,706000000,636000000,250000000,247000000,0,0,214000000,0,320000000,7000000,243000000,438000000,36000000,None,None,None,0,24000000,0,-33000000,-196000000,0,247000000,247000000,None,USD,15786000000,2468000000,None,4472000000,9899000000,5887000000,748000000,4435000000,2000000,3970000000,308000000,6586000000,9857000000,399000000,5262000000,480000000,4207000000,-862000000,400000000,5529000000,283000000,-3167000000,235000000,423000000,3727000000,221000000,347000000,5887000000,3024000000,2000000,0,3970000000,-247000000,None,412000000,None,391000000,None,3727000000,162000000,4637000000,None,None,None,3024000000,15786000000,634000000,None,167441030,USD,-29000000,104000000,-817000000,-746000000,441000000,365000000,-6000000,-73000000,246000000,-152000000,300000000,-51000000,48000000,-63000000,-7000000,0,25000000,34000000,42000000,-81000000,None,-152000000,76.83,86.22
11,2017-09-30,USD,969000000,343000000,653000000,607000000,270000000,171000000,0,0,236000000,0,293000000,6000000,264000000,409000000,34000000,None,None,None,0,3000000,0,65000000,0,0,171000000,171000000,None,USD,15072000000,2091000000,None,4368000000,9337000000,5735000000,883000000,4271000000,2000000,3787000000,299000000,6154000000,9247000000,551000000,4723000000,154000000,3743000000,-825000000,379000000,5446000000,None,-2510000000,207000000,320000000,3589000000,207000000,298000000,0,0,2000000,0,3787000000,-241000000,None,391000000,None,611000000,None,3589000000,142000000,4614000000,None,None,None,3012000000,15072000000,758000000,None,166594818,USD,100000000,-233000000,31000000,-31000000,145000000,46000000,-18000000,-139000000,171000000,172000000,95000000,38000000,48000000,-64000000,-17000000,0,106000000,-1000000,38000000,72000000,None,172000000,77.57,76.83
12,2017-06-30,USD,1000000000,358000000,684000000,602000000,249000000,147000000,0,0,213000000,0,300000000,5000000,244000000,445000000,36000000,None,None,None,0,11000000,0,66000000,0,0,147000000,147000000,None,USD,14660000000,2102000000,None,3855000000,9084000000,5576000000,893000000,4220000000,2000000,3680000000,307000000,6237000000,9355000000,374000000,4987000000,494000000,3552000000,-892000000,384000000,4921000000,None,-2763000000,300000000,392000000,3058000000,277000000,273000000,0,0,2000000,0,3680000000,-225000000,None,383000000,None,633000000,None,3058000000,146000000,4097000000,None,None,None,3011000000,14660000000,674000000,None,166392912,USD,-67000000,-25000000,-96000000,-1000000,-175000000,-272000000,-63000000,112000000,148000000,-98000000,270000000,18000000,47000000,-63000000,29000000,0,34000000,10000000,28000000,72000000,None,-98000000,71.49,77.57
13,2017-03-31,USD,971000000,335000000,672000000,583000000,254000000,169000000,0,0,217000000,0,284000000,6000000,248000000,433000000,37000000,None,None,None,0,6000000,0,48000000,0,0,169000000,169000000,None,USD,14490000000,2082000000,None,3796000000,9138000000,5352000000,866000000,4210000000,2000000,3595000000,308000000,6070000000,9167000000,464000000,4886000000,379000000,3621000000,-987000000,376000000,4947000000,None,-2800000000,220000000,467000000,3242000000,203000000,297000000,0,0,2000000,0,3595000000,-221000000,None,398000000,None,617000000,None,3242000000,144000000,4252000000,None,None,None,2963000000,14490000000,684000000,None,165168584,USD,28000000,17000000,-8000000,0,-166000000,-192000000,16000000,4000000,169000000,44000000,244000000,4000000,45000000,-53000000,-155000000,0,0,47000000,36000000,-38000000,None,44000000,69.45,71.49
14,2016-12-31,USD,974000000,386000000,677000000,599000000,212000000,-225000000,0,0,-404000000,0,322000000,-1000000,213000000,420000000,38000000,None,None,None,0,597000000,0,-179000000,-855000000,0,-225000000,-225000000,None,USD,14150000000,2094000000,None,3468000000,8720000000,5430000000,891000000,3700000000,2000000,3479000000,315000000,6027000000,9228000000,418000000,4082000000,3603000000,3603000000,-979000000,362000000,4560000000,268000000,-2691000000,245000000,429000000,3603000000,228000000,382000000,5430000000,3104000000,2000000,0,3479000000,-176000000,None,390000000,None,717000000,None,3603000000,144000000,4638000000,None,None,None,3104000000,14150000000,663000000,None,166579468,USD,-21000000,104000000,-66000000,4000000,1540000000,-91000000,-32000000,-11000000,-225000000,112000000,269000000,525000000,45000000,-53000000,12000000,0,-24000000,-103000000,49000000,-77000000,-7000000,105000000,67.12,69.45
15,2016-09-30,USD,929000000,352000000,638000000,585000000,236000000,131000000,0,0,199000000,0,294000000,3000000,233000000,390000000,37000000,None,None,None,0,12000000,0,68000000,0,0,131000000,131000000,None,USD,14808000000,2740000000,None,3483000000,9054000000,5754000000,1171000000,3700000000,2000000,3757000000,331000000,6206000000,10120000000,276000000,4054000000,20000000,None,-882000000,342000000,4346000000,None,-3192000000,238000000,349000000,3689000000,238000000,334000000,0,0,2000000,0,3757000000,-169000000,None,406000000,768000000,10462000000,None,3689000000,140000000,5000000000,None,None,None,3046000000,14808000000,514000000,None,165198693,USD,16000000,-209000000,-18000000,0,-40000000,-130000000,4000000,20000000,131000000,-87000000,61000000,24000000,46000000,-53000000,-41000000,0,53000000,10000000,34000000,59000000,None,-87000000,67.54,67.12
16,2016-06-30,USD,897000000,385000000,616000000,559000000,178000000,70000000,0,0,146000000,0,276000000,4000000,174000000,379000000,32000000,None,None,None,0,68000000,0,76000000,0,0,70000000,70000000,None,USD,15099000000,2771000000,None,3576000000,9382000000,5717000000,1182000000,4007000000,2000000,3679000000,360000000,6236000000,10171000000,366000000,4308000000,None,None,-860000000,332000000,4596000000,None,-3290000000,255000000,399000000,3731000000,242000000,301000000,0,0,2000000,0,3679000000,-166000000,None,423000000,741000000,10503000000,None,3731000000,161000000,5074000000,None,None,None,3062000000,15099000000,621000000,None,165542188,USD,90000000,68000000,-1279000000,-1247000000,30000000,1223000000,8000000,13000000,70000000,17000000,141000000,-23000000,41000000,-53000000,11000000,0,0,-14000000,28000000,-1000000,-4000000,13000000,64.67,67.54
17,2016-03-31,USD,905000000,315000000,630000000,534000000,223000000,132000000,0,0,195000000,0,259000000,4000000,237000000,409000000,28000000,None,None,None,0,18000000,0,63000000,0,0,134000000,132000000,None,USD,13717000000,2085000000,None,3778000000,8020000000,5697000000,866000000,4174000000,2000000,3609000000,348000000,5663000000,8669000000,331000000,4429000000,None,None,-770000000,326000000,4722000000,None,-2051000000,259000000,333000000,2565000000,249000000,255000000,0,0,2000000,0,3609000000,-145000000,None,317000000,604000000,8995000000,None,2565000000,160000000,3591000000,None,None,None,3001000000,13717000000,611000000,None,168000000,USD,-142000000,34000000,-294000000,-223000000,-230000000,68000000,-32000000,34000000,132000000,25000000,251000000,34000000,38000000,-41000000,-28000000,0,0,18000000,23000000,-5000000,5000000,30000000,66.38,64.67
18,2015-12-31,USD,867000000,291000000,595000000,536000000,246000000,148000000,0,0,218000000,0,240000000,1000000,245000000,367000000,28000000,None,None,None,0,15000000,0,70000000,-299000000,0,148000000,148000000,None,USD,11861000000,1959000000,None,2386000000,6252000000,5609000000,802000000,2591000000,2000000,3571000000,342000000,5395000000,8254000000,357000000,2944000000,2364000000,2364000000,-864000000,323000000,3284000000,204000000,-1745000000,201000000,340000000,2364000000,0,353000000,0,0,2000000,0,3571000000,-111000000,None,281000000,619000000,8577000000,None,2364000000,142000000,3308000000,None,None,None,3011000000,11861000000,558000000,None,164324270,USD,-10000000,84000000,-59000000,-7000000,-53000000,-141000000,10000000,14000000,148000000,13000000,213000000,-67000000,36000000,-41000000,-57000000,0,55000000,36000000,42000000,-41000000,-2000000,11000000,58.17,66.38
19,2015-09-30,USD,872000000,298000000,599000000,529000000,234000000,138000000,0,0,206000000,0,252000000,3000000,238000000,376000000,28000000,None,None,None,0,12000000,0,68000000,0,0,138000000,138000000,None,USD,11770000000,1981000000,None,2332000000,6224000000,5546000000,814000000,2634000000,2000000,3464000000,354000000,5421000000,8305000000,290000000,2852000000,20000000,None,-847000000,305000000,3160000000,None,-1856000000,193000000,327000000,2415000000,0,321000000,0,0,2000000,0,3464000000,-105000000,None,273000000,630000000,8610000000,None,2415000000,143000000,3372000000,None,None,None,3032000000,11770000000,501000000,None,171000000,USD,14000000,-165000000,-56000000,-3000000,115000000,-221000000,10000000,None,138000000,-205000000,76000000,None,34000000,-83000000,-267000000,0,96000000,26000000,67000000,60000000,2000000,-203000000,53.33,58.17
