,fiscalDateEnding,reportedCurrency_x,totalRevenue,totalOperatingExpense,costOfRevenue,grossProfit,ebit,netIncome_x,researchAndDevelopment,effectOfAccountingCharges,incomeBeforeTax,minorityInterest,sellingGeneralAdministrative,otherNonOperatingIncome,operatingIncome,otherOperatingExpense,interestExpense,taxProvision,interestIncome,netInterestIncome,extraordinaryItems,nonRecurring,otherItems,incomeTaxExpense,totalOtherIncomeExpense,discontinuedOperations,netIncomeFromContinuingOperations,netIncomeApplicableToCommonShares,preferredStockAndOtherAdjustments,reportedCurrency_y,totalAssets,intangibleAssets,earningAssets,otherCurrentAssets,totalLiabilities,totalShareholderEquity,deferredLongTermLiabilities,otherCurrentLiabilities,commonStock,retainedEarnings,otherLiabilities,goodwill,otherAssets,cash,totalCurrentLiabilities,shortTermDebt,currentLongTermDebt,otherShareholderEquity,propertyPlantEquipment,totalCurrentAssets,longTermInvestments,netTangibleAssets,shortTermInvestments,netReceivables,longTermDebt,inventory,accountsPayable,totalPermanentEquity,additionalPaidInCapital,commonStockTotalEquity,preferredStockTotalEquity,retainedEarningsTotalEquity,treasuryStock,accumulatedAmortization,otherNonCurrrentAssets,deferredLongTermAssetCharges,totalNonCurrentAssets,capitalLeaseObligations,totalLongTermDebt,otherNonCurrentLiabilities,totalNonCurrentLiabilities,negativeGoodwill,warrants,preferredStockRedeemable,capitalSurplus,liabilitiesAndShareholderEquity,cashAndShortTermInvestments,accumulatedDepreciation,commonStockSharesOutstanding,reportedCurrency,investments,changeInLiabilities,cashflowFromInvestment,otherCashflowFromInvestment,netBorrowings,cashflowFromFinancing,otherCashflowFromFinancing,changeInOperatingActivities,netIncome_y,changeInCash,operatingCashflow,otherOperatingCashflow,depreciation,dividendPayout,stockSaleAndPurchase,changeInInventory,changeInAccountReceivables,changeInNetIncome,capitalExpenditures,changeInReceivables,changeInExchangeRate,changeInCashAndCashEquivalents,clossingVal,nextClossingVal
0,2020-06-30,USD,758000,2514000,123000,635000,-1486000,-1612000,1043000,None,-1763000,-2802000,1348000,None,-1756000,None,7000,3000,None,-7000,None,None,None,3000,None,None,-1766000,-1612000,None,USD,5588000,None,None,None,4642000,3748000,None,None,9000,-193142000,None,None,None,1773000,4229000,None,1530000,-662000,1435000,4150000,3000,3748000,None,738000,None,1077000,476000,None,None,None,None,None,None,None,None,None,1438000,1111000,None,None,413000,None,None,None,None,None,None,None,None,USD,-2000,82000,-2000,None,1476000,1476000,None,23000,-1612000,586000,-959000,None,270000,None,None,-26000,None,-154000,2000,None,None,None,8.56,
1,2020-03-31,USD,1294000,2339000,44000,1250000,-1089000,-1010000,995000,None,-1096000,-102000,1344000,None,-1089000,None,7000,16000,-7000,-7000,None,None,None,16000,None,None,-1112000,-1010000,None,USD,5600000,None,None,694000,2952000,5296000,None,832000,9000,-191530000,None,None,None,1187000,2556000,None,None,-726000,1299000,3997000,3000,5296000,None,1136000,None,980000,1724000,None,None,9000,None,-191530000,None,None,301000,None,1603000,1156000,360000,396000,396000,None,None,None,197543000,5600000,1187000,None,9171154,USD,-5000,-315000,-5000,None,-132000,-132000,None,-46000,-1112000,-1106000,-969000,91000,195000,None,None,-16000,None,-102000,5000,188000,-64000,-1170000,1.77,8.56
2,2019-12-31,USD,1614000,3726000,447000,1167000,-2559000,-2375000,1361000,None,-2566000,-214000,2365000,None,-2559000,None,7000,23000,-7000,-7000,None,None,None,23000,-7000,None,-2589000,-2375000,None,USD,7436000,None,None,723000,3589000,6393000,None,967000,9000,-190520000,None,None,None,2357000,3023000,None,None,-639000,1583000,5434000,3000,6393000,None,1324000,None,1030000,2056000,None,None,9000,None,-190520000,None,None,416000,None,2002000,1466000,508000,566000,566000,None,None,None,197543000,7436000,2357000,None,9171154,USD,0,834000,-5000,None,-132000,-96000,None,407000,-2589000,-740000,-644000,164000,205000,None,36000,132000,525000,85000,89000,525000,72000,-668000,1.94,1.77
3,2019-09-30,USD,1310000,2435000,64000,1246000,-1189000,-1086000,1167000,None,-1197000,-113000,1268000,None,-1189000,None,8000,2000,-8000,-8000,None,None,None,2000,-8000,None,-1199000,-1086000,None,USD,9510000,None,None,869000,3227000,8615000,None,1019000,9000,-188145000,None,None,290000,3025000,2523000,None,None,-756000,1704000,6932000,3000,8615000,None,1934000,None,1104000,1504000,None,None,9000,None,-188145000,None,None,871000,None,2578000,1669000,599000,704000,704000,None,None,None,197507000,9510000,3025000,None,8800313,USD,-12000,-169000,-12000,None,-131000,-131000,None,-332000,-1199000,-1541000,-1398000,-87000,211000,None,None,-3000,-152000,1000,12000,-152000,-72000,-1613000,2.39,1.94
4,2019-06-30,USD,1710000,2953000,71000,1639000,-1314000,-1264000,1452000,None,-1323000,-66000,1501000,None,-1314000,None,9000,7000,-9000,-9000,None,None,None,7000,-9000,None,-1330000,-1264000,None,USD,11346000,None,None,770000,3719000,9846000,None,1040000,9000,-187059000,None,None,246000,4638000,2646000,None,None,-611000,2011000,8358000,3000,9846000,None,1784000,None,1166000,1606000,None,None,9000,None,-187059000,None,None,728000,None,246000,2047000,807000,1073000,1073000,None,None,None,197507000,11346000,4638000,None,8800577,USD,-30000,-128000,-30000,None,-135000,-135000,None,77000,-1330000,-1180000,-1015000,215000,217000,None,None,58000,-66000,19000,30000,-66000,-4000,-1184000,2.15,2.39
5,2019-03-31,USD,2012000,2579000,101000,1911000,-668000,-573000,1259000,None,-678000,-111000,1320000,None,-668000,None,10000,6000,-10000,-10000,None,None,None,6000,-10000,None,-684000,-573000,None,USD,12947000,None,None,954000,4016000,11084000,None,1105000,9000,-185795000,None,None,249000,5822000,2721000,455000,455000,-637000,2196000,9701000,3000,11084000,None,1737000,351000,1188000,1616000,None,None,9000,None,-185795000,None,None,798000,None,249000,2296000,944000,1295000,1295000,None,None,None,197507000,12947000,5822000,None,8800313,USD,-47000,-95000,-47000,None,-137000,-137000,None,-183000,-684000,-644000,-460000,70000,222000,None,None,-63000,90000,-111000,47000,90000,-89000,-733000,3.16,2.15
6,2018-12-31,USD,2364000,2820000,447000,1917000,-906000,-594000,1285000,0,-916000,-322000,1535000,-3000,-903000,0,10000,None,None,None,0,0,0,8000,-13000,0,-916000,-594000,None,USD,13242000,None,None,893000,3446000,11838000,None,75000,9000,-185222000,None,None,261000,6555000,2313000,570000,None,9340000,2484000,10494000,3000,11838000,None,2091000,None,1219000,1668000,None,None,9000,None,-185222000,None,None,None,None,2484000,1133000,1133000,None,1133000,None,None,None,197507000,13242000,6555000,None,8800313,USD,None,889000,-48000,4000,-138000,4482000,None,440000,-916000,3850000,-584000,-457000,223000,None,4620000,56000,-385000,6000,52000,-385000,16000,3866000,1.66,3.16
7,2018-09-30,USD,1923000,2518000,339000,1584000,-934000,-809000,1113000,0,-946000,-142000,1405000,None,-934000,0,12000,None,None,None,0,0,0,5000,-12000,0,-951000,-809000,None,USD,9665000,0,None,1596000,3633000,7752000,0,224000,6000,-184629000,None,0,3000,2689000,2358000,569000,None,-516000,2660000,7002000,3000,7752000,0,1459000,1275000,1258000,1565000,0,0,6000,0,-184629000,0,None,None,None,2663000,1275000,1275000,None,1275000,None,None,None,192891000,9665000,2689000,None,5859450,USD,None,-630000,-39000,0,-136000,-136000,None,71000,-951000,-1019000,-844000,296000,249000,0,0,-142000,559000,-142000,39000,334000,15000,-1004000,0.3495,1.66
8,2018-06-30,USD,1876000,2948000,89000,1787000,-1161000,-964000,1362000,0,-1174000,-211000,1586000,None,-1161000,0,13000,None,None,None,0,0,0,1000,-13000,0,-1175000,-964000,None,USD,11183000,0,None,1884000,4212000,8549000,0,546000,59000,-183819000,None,0,3000,3693000,2931000,529000,1810000,-529000,2696000,8484000,3000,8549000,0,1793000,1281000,1114000,1856000,0,0,59000,0,-183819000,0,None,None,None,2699000,1281000,1281000,None,1281000,None,None,None,192838000,11183000,3693000,None,58594503,USD,None,-28000,-12000,0,-134000,-134000,None,-118000,-1175000,-1016000,-870000,-308000,258000,0,0,58000,118000,17000,12000,308000,-198000,-1214000,0.3784,0.3495
9,2018-03-31,USD,2375000,3208000,46000,2329000,-879000,-693000,1518000,0,-893000,-207000,1690000,None,-879000,0,14000,None,None,None,0,0,0,7000,-14000,0,-900000,-693000,None,USD,12963000,0,None,1690000,4499000,9831000,0,553000,59000,-182855000,None,0,3000,4907000,2984000,563000,2078000,-193000,3140000,9820000,3000,9831000,0,1982000,1515000,1241000,1868000,0,0,59000,0,-182855000,0,None,None,None,3143000,1515000,1515000,None,1515000,None,None,None,192820000,12963000,4907000,None,58594503,USD,None,-190000,-133000,0,-143000,-143000,None,163000,-900000,-837000,-561000,129000,278000,0,0,-114000,190000,12000,133000,224000,-52000,-889000,0.4214,0.3784
10,2017-12-31,USD,3275000,3568000,1696000,1579000,-1989000,-1719000,1795000,0,-2005000,-301000,1773000,None,-1989000,0,86000,None,None,None,0,0,0,15000,-75000,0,-2020000,-1719000,None,USD,13127000,0,None,1837000,5264000,9023000,0,1248000,59000,-183745000,None,0,3000,5796000,3583000,568000,2249000,7764000,3327000,9797000,3000,9023000,0,1010000,1681000,1154000,1767000,0,192808000,59000,0,-183745000,0,None,None,None,3330000,1681000,1681000,None,1681000,None,None,None,192808000,13127000,5796000,None,58594503,USD,None,-269000,-13000,0,-1850000,-140000,None,293000,-2020000,-1043000,-890000,643000,281000,0,-3000,850000,542000,16000,13000,-391000,-33000,-1076000,0.7431,0.4214
11,2017-09-30,USD,2305000,3565000,151000,2154000,-1411000,-1115000,1668000,0,-1435000,-296000,1897000,None,-1411000,0,24000,None,None,None,0,0,0,-24000,0,0,-1411000,-1115000,None,USD,15704000,0,None,2507000,5701000,10862000,0,1299000,59000,-182026000,None,0,3000,6872000,3861000,570000,2410000,34000,3637000,12064000,3000,10862000,0,620000,1840000,2065000,1992000,0,0,59000,0,-182026000,0,None,None,None,3640000,1840000,1840000,None,1840000,None,None,None,192795000,15704000,6872000,None,58594503,USD,None,-1100000,-38000,0,-141000,7228000,-1713000,-14000,-1411000,5532000,-1658000,-131000,272000,0,9082000,101000,933000,17000,38000,594000,-68000,5464000,1.28,0.7431
12,2017-06-30,USD,2329000,3136000,391000,1938000,-1198000,-998000,1300000,0,-1216000,-97000,1836000,None,-1198000,0,-18000,None,None,None,0,0,0,-121000,0,0,-1095000,-998000,None,USD,10800000,0,None,2306000,8568000,2795000,0,1374000,49000,-180911000,None,0,3000,1408000,6660000,2306000,4214000,-49000,3725000,7072000,3000,2795000,0,1230000,1908000,2128000,2980000,0,0,49000,0,-180911000,0,None,None,None,3728000,1908000,1908000,None,1908000,None,None,None,183706000,10800000,1408000,None,48844503,USD,None,119000,-501000,0,1611000,1611000,None,-7000,-1095000,-318000,-1428000,-30000,240000,0,0,-478000,339000,19000,501000,-203000,20000,-298000,1.08,1.28
13,2017-03-31,USD,2332000,3105000,105000,2227000,-878000,-873000,1315000,0,-895000,-96000,1790000,None,-878000,0,-17000,None,None,None,0,0,0,74000,0,0,-969000,-873000,None,USD,8434000,0,None,2166000,5241000,3659000,0,1580000,49000,-179913000,None,0,3000,1706000,4325000,233000,233000,-164000,2008000,6423000,3000,3659000,0,1007000,916000,1544000,2512000,0,0,49000,0,-179913000,0,None,None,None,2011000,916000,916000,None,916000,None,None,None,183687000,8434000,1706000,None,48844503,USD,None,-323000,-104000,0,-58000,-58000,None,-190000,-969000,-1767000,-1605000,-190000,160000,0,0,-845000,542000,20000,104000,542000,-3000,-1770000,1.6,1.08
14,2016-12-31,USD,2868000,14557000,3138000,8875000,-553000,-431000,1335000,0,-439000,-141000,6950000,-5273000,-4344000,0,15000,None,None,None,0,0,0,133000,-938000,0,-572000,-431000,None,USD,9703000,0,None,1949000,5568000,4505000,0,1921000,49000,-179040000,None,0,3000,3476000,4608000,228000,1188000,-171000,2031000,7669000,3000,4505000,0,1548000,960000,696000,2459000,0,183667000,49000,0,-179040000,0,None,None,None,2034000,960000,960000,None,960000,None,None,None,183667000,9703000,3476000,None,48844503,USD,-3000,-266000,-136000,0,-59000,-57000,None,-1316000,-572000,-2728000,-2535000,-815000,154000,0,2000,203000,-46000,31000,136000,-1270000,-74000,-2802000,1.84,1.6
15,2016-09-30,USD,1639000,3747000,33000,1606000,-2190000,-2162000,2014000,0,-2207000,-100000,1733000,-49000,-2141000,0,17000,None,None,None,0,0,0,55000,0,0,-2262000,-2162000,None,USD,10857000,0,None,1237000,6068000,5018000,0,2212000,49000,-178609000,None,0,3000,6278000,5007000,237000,None,-56000,2142000,8712000,3000,5018000,0,278000,1061000,919000,2558000,0,0,49000,0,-178609000,0,None,None,None,2145000,1061000,1061000,None,1061000,None,None,None,183634000,10857000,6278000,None,48844503,USD,None,469000,-580000,5000,-8000,7903000,None,None,-2262000,5681000,-1642000,168000,78000,0,7911000,-918000,1066000,103000,585000,720000,-36000,5645000,1.14,1.84
16,2016-06-30,USD,2574000,3480000,385000,2189000,-1292000,-1331000,1771000,0,-1304000,-85000,1709000,-1000,-1291000,0,12000,None,None,None,0,0,0,112000,0,0,-1416000,-1331000,None,USD,3818000,0,None,1385000,4696000,-749000,0,2242000,44000,-176447000,None,0,3000,633000,4394000,77000,None,-20000,776000,3039000,3000,-749000,0,999000,302000,22000,2075000,0,0,44000,0,-176447000,0,None,None,None,779000,302000,302000,None,302000,None,None,None,175674000,3818000,633000,None,43817151,USD,-3000,-213000,-113000,0,-34000,-34000,None,None,-1416000,-2243000,-2096000,-222000,71000,0,0,-22000,346000,57000,110000,-351000,-64000,-2307000,1.46,1.14
17,2016-03-31,USD,3132000,3825000,595000,2537000,-1247000,-1367000,1949000,0,-1332000,-32000,1876000,41000,-1288000,0,3000,None,None,None,0,0,0,67000,0,0,-1399000,-1367000,None,USD,5489000,0,None,1228000,4976000,557000,0,1936000,44000,-175116000,None,0,0,2940000,4698000,59000,None,11000,673000,4816000,None,557000,0,648000,278000,122000,2703000,0,0,44000,0,-175116000,0,None,None,None,673000,278000,278000,None,278000,None,None,None,175618000,5489000,2940000,None,43817151,USD,None,800000,-156000,0,-15000,-15000,None,None,-1399000,-150000,21000,-289000,57000,0,0,36000,697000,155000,156000,697000,8000,-142000,2.04,1.46
18,2015-12-31,USD,2963000,18811000,1747000,7335000,-2623000,-2588000,1516000,0,-2551000,-15000,3712000,-7774000,-7696000,0,6000,None,None,None,0,0,0,52000,-46000,0,-2603000,-2588000,None,USD,5927000,0,None,905000,4094000,1845000,0,1475000,44000,-173749000,None,0,0,3082000,3811000,57000,340000,46000,594000,5333000,None,1845000,0,1346000,283000,158000,2279000,0,0,44000,0,-173749000,0,None,None,None,594000,283000,283000,None,283000,None,None,None,175504000,5927000,3082000,None,43805586,USD,-3000,-747000,-61000,0,-14000,5408000,3000,-263000,-2603000,2170000,-3177000,853000,49000,0,5422000,38000,-201000,127000,61000,-856000,-38000,2132000,2.53,2.04
19,2015-09-30,USD,3113000,3552000,909000,2204000,-1348000,-1368000,1555000,0,-1352000,0,1997000,None,-1348000,0,-4000,None,None,None,0,0,0,16000,0,0,-1368000,-1368000,None,USD,3780000,0,None,1759000,4858000,-1081000,0,1873000,40000,-171161000,None,0,0,950000,4561000,57000,None,82000,582000,3198000,None,-1081000,0,489000,297000,1044000,2631000,0,0,40000,0,-171161000,0,None,None,None,582000,297000,297000,None,297000,None,None,None,169958000,3780000,950000,None,40524984,USD,None,-633000,-101000,0,-14000,-11000,3000,None,-1368000,-2179000,-2067000,-480000,45000,0,3000,0,617000,176000,101000,193000,-30000,-2209000,2.44,2.53
