,fiscalDateEnding,reportedCurrency_x,totalRevenue,totalOperatingExpense,costOfRevenue,grossProfit,ebit,netIncome_x,researchAndDevelopment,effectOfAccountingCharges,incomeBeforeTax,minorityInterest,sellingGeneralAdministrative,otherNonOperatingIncome,operatingIncome,otherOperatingExpense,interestExpense,taxProvision,interestIncome,netInterestIncome,extraordinaryItems,nonRecurring,otherItems,incomeTaxExpense,totalOtherIncomeExpense,discontinuedOperations,netIncomeFromContinuingOperations,netIncomeApplicableToCommonShares,preferredStockAndOtherAdjustments,reportedCurrency_y,totalAssets,intangibleAssets,earningAssets,otherCurrentAssets,totalLiabilities,totalShareholderEquity,deferredLongTermLiabilities,otherCurrentLiabilities,commonStock,retainedEarnings,otherLiabilities,goodwill,otherAssets,cash,totalCurrentLiabilities,shortTermDebt,currentLongTermDebt,otherShareholderEquity,propertyPlantEquipment,totalCurrentAssets,longTermInvestments,netTangibleAssets,shortTermInvestments,netReceivables,longTermDebt,inventory,accountsPayable,totalPermanentEquity,additionalPaidInCapital,commonStockTotalEquity,preferredStockTotalEquity,retainedEarningsTotalEquity,treasuryStock,accumulatedAmortization,otherNonCurrrentAssets,deferredLongTermAssetCharges,totalNonCurrentAssets,capitalLeaseObligations,totalLongTermDebt,otherNonCurrentLiabilities,totalNonCurrentLiabilities,negativeGoodwill,warrants,preferredStockRedeemable,capitalSurplus,liabilitiesAndShareholderEquity,cashAndShortTermInvestments,accumulatedDepreciation,commonStockSharesOutstanding,reportedCurrency,investments,changeInLiabilities,cashflowFromInvestment,otherCashflowFromInvestment,netBorrowings,cashflowFromFinancing,otherCashflowFromFinancing,changeInOperatingActivities,netIncome_y,changeInCash,operatingCashflow,otherOperatingCashflow,depreciation,dividendPayout,stockSaleAndPurchase,changeInInventory,changeInAccountReceivables,changeInNetIncome,capitalExpenditures,changeInReceivables,changeInExchangeRate,changeInCashAndCashEquivalents,clossingVal,nextClossingVal
0,2020-06-30,USD,13718609,13702018,11536787,2181822,775008,-324690,None,None,-338414,-256952,1392829,None,16591,None,341020,0,None,-341020,None,None,None,None,-13985,None,-338414,-324690,None,USD,21682870,4703407,None,None,19093948,2845874,None,None,419,-180442122,None,7681186,730185,865812,9859808,None,936391,-2209363,316118,8251975,None,-9538718,None,5855538,8986881,None,5360103,None,None,None,None,None,None,None,730185,None,13430896,316118,None,None,9234140,None,None,None,None,None,None,None,None,USD,25966,880841,25966,None,808311,808311,None,-651405,-324690,79243,-763654,None,772401,None,None,None,-1819889,379670,0,None,None,None,8.71,
1,2020-03-31,USD,15842567,16438559,13300805,2541762,-249587,-1366216,None,None,-1377444,-243227,2358311,None,-595992,None,348414,0,-348410,-348414,None,None,None,None,-433038,None,-1377444,-1366216,None,USD,19962344,5348652,None,None,17127417,3078154,None,-1,412,-180116849,None,7681186,654897,606672,8527531,None,909086,-2143374,349036,5928573,None,-9951684,None,4021585,8352627,None,4509311,None,None,None,None,None,None,None,654897,None,14033771,349036,8352630,None,8599886,None,None,None,185337970,None,606670,None,4000000,USD,-420982,-1419019,-420982,-420980,111959,111959,101790,364019,-1366216,145314,448368,None,779443,None,None,None,2520395,-430254,427031,None,None,None,1.8501,8.71
2,2019-12-31,USD,16645432,17520717,14480956,2164476,-1702205,-2789461,None,None,-2812748,-231999,2274070,None,-875285,None,344852,0,-344850,-344852,None,None,None,None,-1592612,None,-2812748,-2789461,None,USD,23042921,5678649,None,None,19002262,4272658,None,None,410,-178750634,None,7681186,629651,486604,10412542,909086,909086,-2274187,384759,8668676,None,-9087177,None,6560928,8342461,None,6041606,None,None,None,None,None,None,None,629651,None,14374245,380986,8342460,None,8589720,None,None,None,185297070,None,486600,None,4000000,USD,-365552,845439,-365552,-2313660,1073615,1073615,583460,-358571,-2789461,-32103,-755955,None,765691,None,None,None,-1005139,1786086,365552,None,None,None,3.21,1.8501
3,2019-09-30,USD,16819686,17249020,14079241,2740445,-13386,-1010627,None,None,-1039411,-208712,2413794,None,-429334,None,270040,0,-270040,-270040,None,None,None,None,-340036,None,-1039411,-1010627,None,USD,23441267,5951218,None,None,16576567,7073412,None,957467,411,-175961173,None,9007752,655702,492656,8212851,114160,114160,-2247888,421546,7405048,None,-7885559,None,5545309,7982730,None,5350538,None,None,None,None,None,None,None,655702,None,16036218,411996,7982730,None,8363716,None,None,None,185282060,None,492660,None,4000000,USD,-407545,-182855,-407545,-1622480,865824,865824,664500,-442293,-1010627,-346992,-798716,None,755985,None,None,None,-423880,504956,407545,None,None,None,4.57,3.21
4,2019-06-30,USD,16487311,18953622,13901365,2585946,-577743,-1537447,None,None,-1577672,-179928,4304910,None,-2466311,None,252582,0,-252580,-252582,None,None,None,None,1141221,None,-1577672,-1537447,None,USD,23251095,6237789,None,None,15366366,8064657,None,405531,410,-174950546,None,9007752,655180,840170,7910402,224364,224364,-2252261,458299,6892075,None,-7180884,None,5073168,7074978,None,5274782,None,None,None,None,None,None,None,655180,None,16359020,442094,7074980,None,7455964,None,None,None,185267050,None,840170,None,4000000,USD,-614068,-1429936,-614068,-1210280,1319079,1319079,608660,415012,-1537447,363607,-360172,None,747347,None,None,None,13976,1430874,614068,None,None,None,4.57,4.57
5,2019-03-31,USD,15047180,15511240,12260150,2787030,-38539,-1120850,None,None,-1134810,-139703,2727520,None,-803370,None,245054,0,-245050,-245054,None,None,None,None,-425701,None,-1134813,-1120850,None,USD,23524030,6330650,None,None,15922230,7601800,None,2334883,390,-173413100,None,9007750,654750,476989,9720580,330749,330749,-2246720,493160,7037710,None,-7736603,None,5134510,5960360,None,5301425,None,None,None,None,None,None,None,654754,None,16486318,471307,5960360,None,6341347,None,None,None,183261240,None,476990,None,4000000,USD,-1064497,-875266,-1064500,-651370,196992,196990,299690,253634,-1120850,-1117810,-237810,None,851220,None,None,None,1151285,-497832,413130,None,None,None,5.9,4.57
6,2018-12-31,USD,16096947,17265477,13625021,2471926,-1168530,-1511193,0,0,-1530162,-125737,2465903,None,-1168530,0,-152269,None,None,None,0,0,0,0,-361632,0,-1530162,-1511193,None,USD,25764014,6441743,None,None,17167548,8722203,None,2963984,386,-172292252,None,9007752,604070,1645481,11221502,433448,433448,-2232163,25335,9685114,None,-6727292,None,6290412,5946046,526000,6368444,None,None,None,None,None,None,None,None,None,None,None,5946050,None,None,None,None,None,183246230,None,1645480,None,4000000,USD,None,3058618,-1561558,-5413260,844167,844167,None,-73403,-1511193,-761155,5671,None,625190,None,None,None,-1883356,-210185,110,None,None,None,5.72,5.9
7,2018-09-30,USD,17242758,18004398,14559808,2682950,-761640,-910414,0,0,-936068,-106768,2346809,None,-761640,0,-215935,None,None,None,0,0,0,0,-174428,0,-936068,-910414,None,USD,24848259,5354237,None,1679000,14827366,10127661,None,1173802,385,-170781062,None,9643752,603110,2563104,9754970,484490,484490,-2315394,34267,9212893,None,-4870328,None,4970697,5072396,None,5407971,None,None,None,None,None,None,None,None,None,None,None,None,None,None,None,None,None,None,None,None,None,4000000,USD,None,24352,-3098089,None,-494063,-494063,None,814391,-910414,-3978547,-383798,None,1421684,None,None,None,-191804,-583709,115041,None,None,None,5.39,5.72
8,2018-06-30,USD,16464717,17876427,13814008,2650709,-1411710,-903731,0,0,-973212,-81114,2499496,None,-1411710,-45830,-235738,None,None,None,0,-121274,0,0,438498,0,-973212,-903731,None,USD,26766279,2741486,None,400246,15955185,10892208,None,3011737,385,-169870648,None,9643752,461045,6541652,10903477,924597,924597,-2461261,43233,13876763,None,-1493030,None,6061808,5051708,None,5044603,None,None,None,None,None,None,None,None,None,None,None,None,None,None,None,None,None,None,None,None,None,4000000,USD,None,-1030714,-464175,None,-454877,-454877,None,-47937,-903731,-2649306,-1751607,None,186442,None,None,None,-461525,29774,2393,None,None,None,7.35,5.39
9,2018-03-31,USD,15982394,16971637,13618334,2364060,-989243,-1610847,0,0,-1583294,-11634,2446480,None,-989243,45830,-243238,None,None,None,0,121274,0,0,-594051,0,-1583294,-1610847,None,USD,29262998,2898765,None,812145,17530853,11743779,None,2749691,386,-168966916,None,9643752,462980,9190957,12486642,1455376,1455376,-2490923,51218,16206283,None,-798738,None,5133698,5044211,None,6375505,None,None,None,None,None,None,None,None,None,None,None,None,None,None,None,None,None,None,None,None,None,4000000,USD,None,-1081054,-404373,-401980,-548861,-548861,None,-308648,-1610847,-2094712,-1137758,None,221321,None,None,None,1032930,126323,2393,None,None,None,6.96,7.35
10,2017-12-31,USD,15461000,9993789,13702000,2539361,2221381,1793019,0,0,1729811,-71186,4801000,None,2221381,-1272703,295000,None,None,None,0,2786052,0,0,-491570,0,1729811,1793019,None,USD,32331000,12772000,None,2283000,19187000,13183000,None,5250000,385,-167356070,None,9644000,13232000,11286000,14666000,2493973,2493973,-2580823,58000,19041139,None,411202,None,5472856,4521000,507000,6785000,None,None,None,None,None,None,None,None,None,None,None,None,None,None,None,None,None,None,None,None,None,2000000,USD,None,-2943154,-1838613,149826,2680044,17564000,None,-1047811,-9913485,10639208,-5065759,None,2533985,None,14884435,None,3002000,3302281,103000,None,None,None,11.13,6.96
11,2017-09-30,USD,14901000,104482181,12756000,11873398,-18525804,-20016156,0,0,-20190235,32000,2789000,None,-18525804,6390310,303000,None,None,None,0,-1212030,0,0,-1664431,0,-20190235,-20016156,None,USD,20435000,12887000,None,1658000,18451000,2007000,None,4509000,2000,-163272959,None,9644000,13344000,922000,11564000,503041,503041,-2528424,64000,7026660,None,-10880171,None,4446358,6887000,None,6067000,None,None,None,None,None,None,None,None,None,None,None,None,None,None,None,None,None,None,None,None,None,2000000,USD,None,-545334,-517507,-102993,369386,4193000,None,-637212,-1702536,-352177,94790,None,216823,None,13734337,None,3421000,841722,103341,None,None,None,0.8451,11.13
12,2017-06-30,USD,16141000,-61638407,13319000,-7687096,9969743,10797150,0,0,10975574,-153789,3594000,None,9969743,-3240985,322000,None,None,None,0,-532933,0,0,1005831,0,10975574,10797150,None,USD,21974000,12952000,None,1220000,19999000,2031000,None,4643000,2000,-161570423,None,9644000,13370000,1274000,13745000,7642030,7642030,-2620615,103000,8500946,None,-10921142,None,6007143,6254000,None,7516000,None,None,None,None,None,None,None,None,None,None,None,None,None,None,None,None,None,None,None,None,None,2000000,USD,None,-2294445,-382494,180423,2617395,4111000,None,516416,-1640340,461198,-1747731,None,203238,None,13734337,None,1914000,-305018,103341,None,None,None,0.652,0.8451
13,2017-03-31,USD,13562000,15824679,11460000,2101949,-2262738,-2487498,0,0,-2538199,19677,3707000,None,-2262738,657363,270000,None,None,None,0,279759,0,0,-275461,0,-2538199,-2487498,None,USD,22985000,13110000,None,1686000,19535000,3430000,None,6061000,2000,-159930083,None,9644000,13647000,813000,15691000,4992159,4992159,-2474513,114000,9224192,None,-9679523,None,6724985,3844000,None,8338000,None,None,None,None,None,None,None,None,None,None,None,None,None,None,None,None,None,None,None,None,None,2000000,USD,None,450000,-403230,180423,56479,1493000,None,-231755,-2487498,191446,-956223,None,287570,None,1437132,None,511000,145885,103341,None,None,None,0.931,0.652
14,2016-12-31,USD,15323000,62924307,13143000,8578618,-8637448,-13487537,0,0,-13616076,70378,3789000,None,-8637448,3466511,278000,None,None,None,0,1688237,0,0,-4978628,0,-13616076,-13487537,None,USD,23310000,13234000,None,1468000,19249000,3991000,None,6568000,2000,-157442585,None,9644000,13977000,622000,15493000,808976,808976,-2486616,117000,9215961,None,-9242583,None,7126429,3756000,None,7511000,None,None,None,None,None,None,None,None,None,None,None,None,None,None,None,None,None,None,None,None,None,1000000,USD,None,3798000,-1506909,149826,4126714,4427000,300000,-570582,-13487537,-404112,-3278321,None,1252828,None,14884435,None,-2751144,4687304,187000,None,None,None,0.75,0.931
15,2016-09-30,USD,14010000,0,11695000,0,0,0,0,0,0,0,3319000,None,0,0,609000,None,None,None,0,0,0,0,0,0,0,0,None,USD,23396000,13797000,None,1426000,16827000,6480000,None,6409000,2000,None,None,9644000,14590000,1385000,12780000,None,None,None,128000,None,None,None,None,None,4047000,None,5651000,None,None,None,None,None,None,None,None,None,None,None,None,None,None,None,None,None,None,None,None,None,1000000,USD,None,4166000,None,None,None,2676000,None,None,None,None,None,None,None,None,None,None,None,None,1347000,None,None,None,1.17,0.75
16,2016-06-30,USD,13693000,0,11485000,0,0,0,0,0,0,0,4140000,None,0,0,426000,None,None,None,0,0,0,0,0,0,0,0,None,USD,22121000,14158000,None,806000,15145000,6854000,None,4403000,1000,None,None,9644000,14711000,634000,11321000,None,None,None,143000,None,None,None,None,None,3824000,None,6075000,None,None,None,None,None,None,None,None,None,None,None,None,None,None,None,None,None,None,None,None,None,1000000,USD,None,1877000,None,None,None,2125000,None,None,None,None,None,None,None,None,None,None,None,None,214000,None,None,None,1.84,1.17
17,2016-03-31,USD,11261000,0,9385000,0,0,0,0,0,0,0,2701000,None,0,0,151000,None,None,None,0,0,0,0,0,0,0,0,None,USD,21616000,14614000,None,1311000,14059000,7396000,None,3421000,11000,None,None,9644000,15004000,725000,10589000,None,None,None,151000,None,None,None,None,None,3470000,None,5076000,None,None,None,None,None,None,None,None,None,None,None,None,None,None,None,None,None,None,None,None,None,1000000,USD,None,None,None,None,None,985000,None,None,None,None,None,None,None,None,None,None,436000,None,397000,None,None,None,0.3138,1.84
18,2015-12-31,USD,15113000,50756729,13189000,6258147,-10521367,-13253612,0,0,-13327926,198917,5259000,None,-10521367,2513162,569000,None,None,None,0,649571,0,0,-2806559,0,-13327926,-14838704,None,USD,22914000,15068000,None,1106000,13873000,8842000,None,3639000,11000,-143955048,None,9644000,15421000,1026000,10426000,518437,518437,-1565822,162000,7330756,None,-6225682,None,5198993,3447000,None,5859000,None,None,None,None,None,None,None,None,None,None,None,None,None,None,None,None,None,None,None,None,None,1000000,USD,300000,3572000,-4352746,149826,981273,6481000,300000,291631,-13253612,522404,-1690772,None,1491982,None,14884435,None,-1492183,3380141,579000,None,None,None,0.188,0.3138
19,2015-09-30,USD,12675000,0,10705000,0,0,0,0,0,0,0,3045000,None,0,0,1605000,None,None,None,0,0,0,0,0,0,0,0,None,USD,26178000,14790000,None,952000,17035000,8913000,None,7247000,8000,None,None,6672000,15124000,316000,14020000,None,None,None,201000,None,None,None,5000000,None,3015000,None,4389000,None,None,None,954000,None,None,None,None,None,None,None,None,None,None,None,None,None,None,None,None,None,1000000,USD,None,1774000,None,None,None,6800000,None,None,None,None,None,None,None,None,None,None,None,None,485000,None,None,None,0.16,0.188
