,fiscalDateEnding,reportedCurrency_x,totalRevenue,totalOperatingExpense,costOfRevenue,grossProfit,ebit,netIncome_x,researchAndDevelopment,effectOfAccountingCharges,incomeBeforeTax,minorityInterest,sellingGeneralAdministrative,otherNonOperatingIncome,operatingIncome,otherOperatingExpense,interestExpense,taxProvision,interestIncome,netInterestIncome,extraordinaryItems,nonRecurring,otherItems,incomeTaxExpense,totalOtherIncomeExpense,discontinuedOperations,netIncomeFromContinuingOperations,netIncomeApplicableToCommonShares,preferredStockAndOtherAdjustments,reportedCurrency_y,totalAssets,intangibleAssets,earningAssets,otherCurrentAssets,totalLiabilities,totalShareholderEquity,deferredLongTermLiabilities,otherCurrentLiabilities,commonStock,retainedEarnings,otherLiabilities,goodwill,otherAssets,cash,totalCurrentLiabilities,shortTermDebt,currentLongTermDebt,otherShareholderEquity,propertyPlantEquipment,totalCurrentAssets,longTermInvestments,netTangibleAssets,shortTermInvestments,netReceivables,longTermDebt,inventory,accountsPayable,totalPermanentEquity,additionalPaidInCapital,commonStockTotalEquity,preferredStockTotalEquity,retainedEarningsTotalEquity,treasuryStock,accumulatedAmortization,otherNonCurrrentAssets,deferredLongTermAssetCharges,totalNonCurrentAssets,capitalLeaseObligations,totalLongTermDebt,otherNonCurrentLiabilities,totalNonCurrentLiabilities,negativeGoodwill,warrants,preferredStockRedeemable,capitalSurplus,liabilitiesAndShareholderEquity,cashAndShortTermInvestments,accumulatedDepreciation,commonStockSharesOutstanding,reportedCurrency,investments,changeInLiabilities,cashflowFromInvestment,otherCashflowFromInvestment,netBorrowings,cashflowFromFinancing,otherCashflowFromFinancing,changeInOperatingActivities,netIncome_y,changeInCash,operatingCashflow,otherOperatingCashflow,depreciation,dividendPayout,stockSaleAndPurchase,changeInInventory,changeInAccountReceivables,changeInNetIncome,capitalExpenditures,changeInReceivables,changeInExchangeRate,changeInCashAndCashEquivalents,clossingVal,nextClossingVal
0,2020-06-30,USD,37781000,None,None,None,None,25467000,None,None,25438000,None,8499000,None,None,None,4604000,-29000,41326000,36722000,None,None,None,None,None,None,25467000,25467000,None,USD,766057000,None,None,None,438611000,327446000,None,None,418000,29192000,9465000,None,23739000,13385000,None,None,None,None,7454000,None,648439000,301935000,None,None,None,None,34448000,None,None,None,None,None,None,None,None,None,None,None,None,None,None,None,None,None,None,None,None,None,None,USD,-6000,6097000,-6000,None,-58793000,None,-578000,-5677000,25467000,-16927000,41391000,None,103000,0,None,None,None,14922000,6000,None,None,None,18.22,
1,2020-03-31,USD,736000,10900000,None,None,-4865000,-7253000,None,None,-10164000,None,7284000,None,4231000,None,5184000,-2911000,7779000,2595000,None,None,None,None,None,None,-7253000,-7253000,None,USD,791477000,None,None,None,479012000,312465000,None,None,417000,15471000,11611000,None,16807000,37073000,None,None,None,None,7724000,None,662361000,286156000,None,None,442950000,None,16634000,None,None,None,None,None,None,None,None,None,None,None,442950000,None,None,None,None,None,296577000,None,37073000,None,21000000,USD,-4000,-4277000,-4000,None,10564000,7879000,-6000,47877000,-7253000,37318000,29443000,None,115000,-8882000,6203000,None,None,-7509000,4000,None,None,None,13.21,18.22
2,2019-12-31,USD,27993000,15276000,3646000,11715000,20733000,12737000,None,None,15111000,None,9135000,None,85000,None,5499000,2372000,7314000,1815000,None,None,None,None,18153000,None,12739000,12737000,None,USD,797411000,24411000,None,33984000,475185000,322226000,None,131000,411000,31852000,24195000,None,16075000,1762000,14837000,30000000,30000000,None,7990000,87352000,659044000,297815000,0,51173000,434951000,None,20824000,None,None,None,None,None,None,None,18614000,None,710059000,9897000,431928000,3095000,460348000,None,None,None,289963000,None,1762000,None,19000000,USD,1000,2446000,1000,None,40963000,48743000,-1782000,-14148000,12737000,5460000,-43284000,None,123000,-14034000,-16000,None,None,-44917000,126000,None,None,None,22.65,13.21
3,2019-09-30,USD,21742000,10845000,3587000,12434000,16265000,10637000,None,None,10664000,None,7106000,None,5176000,None,5476000,27000,7691000,2215000,None,None,None,None,10937000,None,10637000,10637000,None,USD,730759000,23297000,None,26816000,431007000,299752000,None,None,389000,33287000,10676000,None,19527000,3596000,18483000,18400000,18400000,None,8253000,66153000,610873000,276455000,9000,34486000,392297000,None,18372000,None,None,None,None,None,None,None,22192000,None,664606000,10194000,392297000,None,412524000,None,None,None,266076000,None,3596000,None,19000000,USD,-16000,299000,-16000,None,23527000,17044000,-2061000,5978000,10637000,-1932000,-18961000,None,125000,-10899000,10128000,None,None,-36584000,16000,None,None,None,22.58,22.65
4,2019-06-30,USD,20488000,11801000,3484000,10665000,14808000,8678000,None,None,9972000,None,6899000,None,2348000,None,4712000,1294000,7252000,2540000,None,None,None,None,11042000,None,8678000,8678000,None,USD,701894000,23399000,None,27722000,408542000,293352000,None,None,383000,33926000,10640000,None,13090000,3585000,18029000,48900000,48900000,None,8512000,81782000,573492000,269953000,9000,48533000,370022000,None,18028000,None,None,None,None,None,None,None,14718000,None,620112000,10486000,370022000,None,390513000,None,None,None,259043000,None,3585000,None,19000000,USD,21000,475000,21000,None,16986000,9494000,-40000,-5439000,8678000,-58000,-9572000,None,124000,-8482000,3650000,None,None,-13772000,111000,None,None,None,23.0,22.58
5,2019-03-31,USD,23108000,9440000,3588000,10176000,13418000,9083000,None,None,9083000,None,9840000,None,8358000,None,4735000,-529000,725000,2499000,None,None,None,None,9494000,None,9083000,9083000,None,USD,681734000,22339000,None,28922000,389728000,292006000,None,None,382000,34027000,10493000,None,26654000,3083000,17539000,34600000,34600000,None,8768000,78696000,557658000,269667000,9000,45354000,352702000,None,17537000,None,None,None,None,None,None,None,14282000,None,603038000,10775000,352702000,None,372189000,None,None,None,257597000,None,3083000,None,19000000,USD,-132000,-5313000,-132000,None,20485000,15659000,-16000,-4733000,9083000,-1613000,-17140000,None,129000,-7354000,2544000,None,None,-16846000,132000,None,None,None,19.64,23.0
6,2018-12-31,USD,14658000,11215000,0,14658000,3443000,7561000,0,0,7561000,0,11089000,None,3443000,0,-4652000,None,None,None,0,0,0,0,4118000,0,7561000,7561000,None,USD,653341000,21360000,None,31032000,365896000,287445000,None,None,379000,32568000,23873000,None,11688000,2316000,45093000,34700000,34700000,None,None,79206000,541087000,266085000,9000,45849000,296930000,None,3779000,None,None,None,None,None,None,None,None,None,None,None,331630000,None,None,None,None,None,254498000,None,2316000,None,19000000,USD,None,-3283000,-173000,None,35314000,25481000,-1615000,-3825000,7561000,1186000,-24122000,None,126000,-9050000,5196000,None,None,-25333000,173000,None,None,None,17.44,19.64
7,2018-09-30,USD,12385000,9715000,9593000,12385000,2670000,12384000,0,0,12384000,0,9593000,None,2670000,0,-4110000,None,None,None,0,0,0,0,9714000,0,12384000,12384000,None,USD,622461000,21642000,None,28195000,334525000,287936000,None,None,377000,34416000,10388000,None,12211000,2646000,64310000,37475000,37475000,None,None,75121000,513487000,266294000,9000,44271000,259827000,None,26651000,None,None,None,None,None,None,None,None,None,None,None,None,None,None,None,None,None,None,None,None,None,19000000,USD,None,8184000,-246000,None,45942000,39040000,-1615000,-33908000,12384000,1888000,-36906000,None,122000,-8544000,None,None,None,-24091000,246000,None,None,None,20.94,17.44
8,2018-06-30,USD,11404000,9739000,9623000,11404000,1665000,7621000,0,0,7621000,0,9623000,None,1665000,-120000,-3792000,None,None,None,0,-1615000,0,0,5956000,0,7621000,7621000,None,USD,561813000,20663000,None,25417000,279533000,282280000,None,None,375000,31051000,11394000,None,10332000,3575000,48189000,31000000,31000000,None,None,43105000,487713000,261617000,9000,14104000,219950000,None,17189000,None,None,None,None,None,None,None,None,None,None,None,None,None,None,None,None,None,None,None,None,None,19000000,USD,None,-2238000,-125000,None,98000,-5335000,-443000,17027000,7621000,2720000,8180000,None,116000,-7637000,None,None,None,-14804000,125000,None,None,None,19.91,20.94
9,2018-03-31,USD,11068000,9260000,9140000,11068000,1808000,8112000,0,0,8112000,0,9140000,None,1808000,120000,-3512000,None,None,None,0,1615000,0,0,6304000,0,8112000,8112000,None,USD,559899000,20404000,None,23744000,280627000,279272000,8462000,None,371000,31294000,9422000,None,10814000,2606000,25373000,5000000,5000000,31294000,None,58460000,470221000,258868000,9000,32101000,245832000,None,20373000,None,None,None,None,None,None,None,None,None,None,None,None,None,None,None,None,None,None,None,None,None,18000000,USD,None,4499000,-83000,None,35048000,25919000,-1893000,-22217000,8112000,5018000,-20818000,None,120000,-7202000,None,None,None,-11710000,83000,None,None,None,18.07,19.91
10,2017-12-31,USD,10416000,81100000,9665000,-163320000,-321289000,18064000,0,0,18064000,0,-250023000,None,641000,-2750000,3264000,None,None,None,0,-13404000,0,0,-247080000,0,-157777000,18064000,None,USD,519611000,19359000,None,19195000,241282000,278329000,8164000,3401000,369000,30597000,7045000,None,488270000,2464000,7155000,216252000,216252000,30597000,None,32462000,456680000,258970000,18083000,10794000,216252000,None,6420000,None,None,None,None,None,None,None,None,None,None,None,None,None,None,None,None,None,None,None,None,None,17000000,USD,None,2374000,-446000,None,44891000,69345000,-1664000,-14399000,18064000,-2358000,-72936000,None,402000,-28198000,56662000,None,4450000,-101681000,446000,None,None,None,18.49,18.07
11,2017-09-30,USD,9601000,-54214000,8448000,256960000,407753000,8077000,0,0,8077000,0,361283000,None,1046000,3946000,2986000,None,None,None,0,24401000,0,0,356982000,0,248863000,8077000,None,USD,506327000,19092000,None,27492000,250715000,255612000,5240000,None,355000,20302000,812000,None,448245000,3915000,51964000,36926000,36926000,20302000,None,58972000,418173000,236520000,26611000,27556000,191277000,None,15658000,None,None,None,None,None,None,None,None,None,None,None,None,None,None,None,None,None,None,None,None,None,17000000,USD,None,59000,-61000,None,25003000,78348000,-37000,-5150000,8077000,365000,-21385000,None,107000,-20836000,5258000,None,-2971000,-24759000,345000,None,None,None,17.82,18.49
12,2017-06-30,USD,9904000,8967000,8870000,-61189000,-91837000,6931000,0,0,6931000,0,-84277000,None,938000,-883000,2617000,None,None,None,0,-6266000,0,0,-81985000,0,-58014000,6931000,None,USD,474895000,18124000,None,24378000,224651000,250244000,5575000,None,349000,20004000,275000,None,420556000,3550000,34750000,203728000,203728000,20004000,None,55123000,392241000,232120000,23629000,27160000,182683000,None,15073000,None,None,None,None,None,None,None,None,None,None,None,None,None,None,None,None,None,None,None,None,None,17000000,USD,None,-1231000,-148000,None,28862000,56537000,-223000,-1599000,6931000,-2445000,-26428000,None,96000,-13067000,2408000,None,-1614000,-31007000,284000,None,None,None,16.29,17.82
13,2017-03-31,USD,8993000,0,8468000,6463000,8434000,5904000,0,0,5904000,0,8468000,None,436000,89000,2530000,None,None,None,0,685000,0,0,7998000,0,5904000,5904000,None,USD,443311000,17096000,None,29829000,196947000,246364000,6551000,None,344000,20035000,934000,None,386082000,5995000,33251000,174511000,174511000,20035000,None,58095000,358969000,246364000,28998000,22236000,156211000,None,14951000,None,None,None,None,None,None,None,None,None,None,None,None,None,None,None,None,None,None,None,None,None,16000000,USD,None,110000,-136000,None,1516000,32406000,-1000,-16066000,5904000,3944000,-28326000,None,501000,-6151000,37042000,None,-6726000,-12049000,136000,None,None,None,16.98,16.29
14,2016-12-31,USD,9097000,31785000,9383000,-160835000,-258871000,6289000,0,0,6289000,0,-182692000,None,-884000,-738000,2636000,None,None,None,0,4509000,0,0,-203790000,0,-181195000,6289000,None,USD,401450000,16246000,None,21720000,192356000,209094000,5983000,2528000,293000,20329000,6896000,None,372369000,2051000,10851000,5100000,5100000,20329000,None,29956000,345189000,192848000,20880000,6150000,166142000,None,5707000,None,None,None,None,None,None,None,None,None,None,None,None,None,None,None,None,None,None,None,None,None,15000000,USD,None,2708000,-375000,None,41068000,9030000,-2709000,23844000,6289000,-4281000,-14099000,None,296000,-27300000,56662000,None,29667000,-69579000,375000,None,None,None,15.9,16.98
15,2016-09-30,USD,7851000,0,7703000,239612000,321624000,10040000,0,0,10040000,0,271397000,None,64000,1349000,2341000,None,None,None,0,1537000,0,0,292302000,0,259168000,10040000,None,USD,404849000,None,None,None,196677000,208172000,5327000,None,292000,19233000,1407000,None,352592000,2718000,None,None,None,19233000,None,None,326853000,208172000,24816000,24507000,150902000,None,12641000,None,None,None,None,None,None,None,None,None,None,None,None,None,None,None,None,None,None,None,None,None,15000000,USD,None,733000,-39000,None,33885000,21752000,-5000,-3454000,10040000,-503000,-28116000,None,441000,-22168000,37042000,None,10588000,-18618000,294000,None,None,None,14.26,15.9
16,2016-06-30,USD,7223000,0,7757000,-53118000,-70665000,5372000,0,0,5372000,0,-63862000,None,9611000,-355000,1975000,None,None,None,0,0,0,0,-67371000,0,-56272000,5372000,None,USD,376682000,None,None,None,172254000,204428000,3298000,None,290000,15465000,1287000,None,330140000,3221000,None,None,None,15465000,None,None,305804000,204428000,20030000,22859000,138373000,None,12096000,None,None,None,None,None,None,None,None,None,None,None,None,None,None,None,None,None,None,None,None,None,14000000,USD,None,1391000,-179000,None,8582000,3511000,-3000,2807000,5372000,-393000,6356000,None,378000,-15940000,37042000,None,12222000,-24992000,1543000,None,None,None,12.72,14.26
17,2016-03-31,USD,6794000,0,6646000,5306000,7092000,5604000,0,0,5604000,0,6646000,None,108000,40000,1488000,None,None,None,0,0,0,0,6984000,0,5604000,5604000,None,USD,350266000,None,None,None,146504000,203762000,2465000,None,289000,15162000,1198000,None,300925000,3614000,None,None,None,15162000,None,None,278004000,203762000,19006000,26075000,113147000,None,8419000,None,None,None,None,None,None,None,None,None,None,None,None,None,None,None,None,None,None,None,None,None,15000000,USD,None,-282000,-76000,None,2329000,-9411000,-2000,7809000,5604000,-694000,8793000,None,311000,-10872000,-866000,None,8827000,-8665000,76000,None,None,None,12.5,12.72
18,2015-12-31,USD,8676000,25776000,6999000,26070000,294000,16108000,0,0,16108000,0,25450000,None,1608000,326000,1531000,None,None,None,0,4331000,0,0,35442000,0,35736000,16108000,None,USD,355485000,13042000,None,23858000,151536000,203949000,857000,7893000,290000,14628000,3843000,None,292274000,4308000,39642000,29100000,29100000,14628000,None,64200000,266839000,190907000,22904000,35999000,105717000,None,4126000,None,None,None,None,None,None,None,None,None,None,None,None,None,None,None,None,None,None,None,None,None,11000000,USD,None,1725000,302000,407000,12084000,24144000,1076000,-43964000,16108000,-13505000,-37951000,None,326000,-24306000,35290000,None,-12655000,-33092000,105000,None,None,None,14.32,12.5
19,2015-09-30,USD,7038000,0,6578000,0,0,4749000,0,0,4749000,0,0,None,373000,0,1864000,None,None,None,0,0,0,0,0,0,0,4749000,None,USD,331871000,None,None,None,157138000,174733000,None,None,207000,11521000,2958000,None,273863000,3098000,None,None,None,None,None,None,None,None,26758000,None,126551000,None,8080000,None,None,None,None,None,None,None,None,None,None,None,None,None,None,None,None,None,None,None,None,None,10000000,USD,None,None,None,None,None,6367000,None,None,4749000,None,None,None,None,-8787000,None,None,None,None,93000,None,None,None,16.43,14.32
