,fiscalDateEnding,reportedCurrency_x,totalRevenue,totalOperatingExpense,costOfRevenue,grossProfit,ebit,netIncome_x,researchAndDevelopment,effectOfAccountingCharges,incomeBeforeTax,minorityInterest,sellingGeneralAdministrative,otherNonOperatingIncome,operatingIncome,otherOperatingExpense,interestExpense,taxProvision,interestIncome,netInterestIncome,extraordinaryItems,nonRecurring,otherItems,incomeTaxExpense,totalOtherIncomeExpense,discontinuedOperations,netIncomeFromContinuingOperations,netIncomeApplicableToCommonShares,preferredStockAndOtherAdjustments,reportedCurrency_y,totalAssets,intangibleAssets,earningAssets,otherCurrentAssets,totalLiabilities,totalShareholderEquity,deferredLongTermLiabilities,otherCurrentLiabilities,commonStock,retainedEarnings,otherLiabilities,goodwill,otherAssets,cash,totalCurrentLiabilities,shortTermDebt,currentLongTermDebt,otherShareholderEquity,propertyPlantEquipment,totalCurrentAssets,longTermInvestments,netTangibleAssets,shortTermInvestments,netReceivables,longTermDebt,inventory,accountsPayable,totalPermanentEquity,additionalPaidInCapital,commonStockTotalEquity,preferredStockTotalEquity,retainedEarningsTotalEquity,treasuryStock,accumulatedAmortization,otherNonCurrrentAssets,deferredLongTermAssetCharges,totalNonCurrentAssets,capitalLeaseObligations,totalLongTermDebt,otherNonCurrentLiabilities,totalNonCurrentLiabilities,negativeGoodwill,warrants,preferredStockRedeemable,capitalSurplus,liabilitiesAndShareholderEquity,cashAndShortTermInvestments,accumulatedDepreciation,commonStockSharesOutstanding,reportedCurrency,investments,changeInLiabilities,cashflowFromInvestment,otherCashflowFromInvestment,netBorrowings,cashflowFromFinancing,otherCashflowFromFinancing,changeInOperatingActivities,netIncome_y,changeInCash,operatingCashflow,otherOperatingCashflow,depreciation,dividendPayout,stockSaleAndPurchase,changeInInventory,changeInAccountReceivables,changeInNetIncome,capitalExpenditures,changeInReceivables,changeInExchangeRate,changeInCashAndCashEquivalents,clossingVal,nextClossingVal
0,2020-06-30,USD,6148286000,1146651000,3643707000,2504579000,1224753000,720196000,435045000,None,1035602000,None,711606000,-133175000,1357928000,None,189151000,315406000,-133175000,-322326000,None,None,None,315406000,None,None,720196000,720196000,None,USD,37175281000,25155117000,None,1410891000,27840528000,9334753000,None,5693994000,3127813000,6241012000,3232112000,None,11414478000,7153248000,7626418000,499161000,499161000,-34072000,751941000,8564139000,None,9334753000,None,565668000,15294998000,None,1433263000,None,None,3127813000,None,6241012000,None,None,27859201000,None,28611142000,None,15294998000,4919112000,20214110000,None,None,None,None,37175281000,7153248000,None,441015443,USD,-142001000,-217477000,-142001000,-260000,1001905000,1090965000,-7559000,-141187000,720196000,1990040000,1041076000,103148000,26661000,None,89060000,None,None,408548000,141741000,None,None,1990040000,455.04,
1,2020-03-31,USD,5767691000,1209734000,3599701000,2167990000,979953000,709067000,453817000,None,795870000,None,755917000,21697000,958256000,None,184083000,86803000,21697000,-162386000,None,None,None,86803000,None,None,709067000,709067000,None,USD,35059910000,25266889000,None,1295897000,26650616000,8409294000,None,5748338000,2935532000,5520816000,3226199000,None,11822172000,5151884000,7853725000,498809000,498809000,-47054000,650455000,6447781000,None,8409294000,None,539916000,14170692000,None,1606578000,None,None,2935532000,None,5520816000,None,None,27961674000,None,28612129000,None,14170692000,4626199000,18796891000,None,None,None,None,35059910000,5151884000,None,439780618,USD,-98303000,65038000,-98303000,-288000,1009464000,43694000,-7559000,45392000,709067000,205303000,259912000,-917681000,28517000,None,43694000,None,None,374971000,98015000,None,None,205303000,375.5,455.04
2,2019-12-31,USD,5467434000,1542899000,3466023000,2001411000,327134000,586970000,409376000,None,149333000,None,1133523000,-131378000,458512000,1545149000,177801000,-437637000,-131378000,-309179000,127534000,None,None,-437637000,-309179000,None,586970000,586970000,None,USD,33975712000,24504567000,None,1160067000,26393555000,7582157000,None,5338306000,2793929000,4811749000,3355987000,None,10996635000,5018437000,6855696000,None,None,-23521000,565221000,6178504000,None,7582157000,None,454399000,14759260000,None,1517390000,None,None,2793929000,None,4811749000,None,None,27231987000,None,27797208000,None,14759260000,4778599000,19537859000,None,None,None,None,33975712000,5018437000,None,438806649,USD,-207571000,-3189000,-207571000,-99834000,2208168000,2223801000,-17942000,-476990000,586970000,554255000,-1461975000,-1716850000,27818000,None,15633000,None,None,-356724000,107737000,None,None,554255000,323.57,375.5
3,2019-09-30,USD,5244905000,1166747000,3097919000,2146986000,1172983000,665244000,379776000,None,1012323000,None,786971000,192744000,980239000,None,160660000,347079000,192744000,32084000,None,None,None,347079000,32084000,None,665244000,665244000,None,USD,30941711000,23234994000,None,892740000,24080206000,6861505000,None,5776048000,2677972000,4224779000,3443882000,None,9512332000,4435018000,7257900000,None,None,-41246000,481992000,5327758000,None,6861505000,None,466168000,12425746000,None,1481852000,None,None,2677972000,None,4224779000,None,None,25131961000,None,25613953000,None,12425746000,4396560000,16822306000,None,None,None,None,30941711000,4435018000,None,438251289,USD,-49354000,253229000,-49354000,-4021000,2226110000,11989000,-17942000,216094000,665244000,-539159000,-501794000,-1383710000,26704000,None,11989000,None,None,-63261000,45333000,None,None,-539159000,267.62,323.57
4,2019-06-30,USD,4923116000,1211040000,3005657000,1917459000,652949000,270650000,383233000,None,500916000,None,827807000,-53470000,706419000,None,152033000,230266000,-53470000,-205503000,None,None,None,230266000,-205503000,None,270650000,270650000,None,USD,30171339000,21945740000,None,872910000,24065791000,6105548000,None,5740978000,2566365000,3559535000,3591352000,None,888043000,5004247000,6933984000,137662000,137662000,-20352000,452399000,5877157000,None,6105548000,None,492034000,12594135000,None,1193006000,None,None,2566365000,None,3559535000,None,None,23841783000,None,24294182000,None,12594135000,4537672000,17131807000,None,None,None,None,30171339000,5004247000,None,437834882,USD,-50036000,-29379000,-50036000,-10452000,2225004000,2246900000,-18192000,-77055000,270650000,1653110000,-543754000,-1051797000,25496000,None,21896000,None,None,241276000,39584000,None,None,1653110000,367.32,267.62
5,2019-03-31,USD,4520992000,1191294000,2870614000,1650378000,535188000,344052000,372764000,None,399659000,None,818530000,76104000,459084000,None,135529000,55607000,76104000,-59425000,None,None,None,55607000,-59425000,None,344052000,344052000,None,USD,27218632000,20888785000,None,820350000,21515574000,5703058000,None,5672043000,2439773000,3288885000,3587720000,None,7495227000,3348557000,6857807000,122498000,122498000,-25600000,434372000,4168907000,None,5703058000,None,432955000,10305023000,None,1185764000,None,None,2439773000,None,3288885000,None,None,22615353000,None,23049725000,None,10305023000,4352744000,14657767000,None,None,None,None,27218632000,3348557000,None,437191891,USD,-80103000,33180000,-80103000,-19722000,2243196000,22972000,-18192000,121085000,344052000,-436930000,-379799000,-853320000,23561000,None,22972000,None,None,72728000,60381000,None,None,-436930000,356.56,367.32
6,2018-12-31,USD,4186841000,901824000,3069250000,1117591000,248203000,133934000,276845000,0,119396000,0,624979000,32436000,215767000,1221814000,128807000,None,None,None,-8699000,0,0,-14538000,-96371000,0,133934000,133934000,None,USD,25974400000,14960954000,None,5899652000,20735635000,5238765000,None,5446918000,2315988000,2942359000,3888257000,None,901030000,3794483000,6487320000,None,None,-19582000,418281000,9694135000,1298000,5238765000,None,5151186000,10360000000,5151186000,1040402000,None,None,2315988000,None,2942359000,None,None,15861984000,None,16280265000,None,10360000000,3888257000,14248257000,None,None,None,None,25974400000,3794483000,None,436598597,USD,None,-26046000,-80358000,-10238000,2042973000,2053864000,-559000,-164876000,133934000,738434000,-1235072000,-1694450000,23219000,None,11450000,None,None,328271000,70120000,None,-39682000,698752000,267.66,356.56
7,2018-09-30,USD,3999374000,1106360000,2412346000,1587028000,487672000,402835000,327026000,0,378810000,0,779334000,7004000,480668000,0,108862000,None,None,None,0,0,0,-24025000,-101858000,0,402835000,402835000,None,USD,23366229000,13408443000,None,5662447000,18356576000,5009653000,0,5329734000,2215736000,2808425000,3721750000,0,856653000,3067534000,6298240000,8336586000,8336586000,-14508000,371152000,8729981000,None,5009653000,0,None,8336586000,4987916000,968506000,0,0,2215736000,0,2808425000,0,None,14265096000,None,14636248000,None,8336586000,3721750000,12058336000,None,None,None,None,23366229000,3067534000,None,436084995,USD,None,148534000,-168694000,-129361000,2061852000,29237000,-544000,78027000,402835000,-829868000,-690411000,-1372964000,21161000,0,29781000,0,0,110023000,39333000,None,None,-829868000,374.13,267.66
8,2018-06-30,USD,3907270000,1155190000,2289867000,1617403000,530241000,384349000,317213000,0,428636000,0,837977000,68028000,462213000,0,101605000,None,None,None,0,0,0,44287000,-33577000,0,384349000,384349000,None,USD,22663537000,12292070000,None,5440532000,18166937000,4496600000,0,5238827000,2103437000,2405590000,3745229000,0,674932000,3906357000,6079641000,8342067000,8342067000,-12427000,349646000,9346889000,None,4496600000,0,None,8342067000,4803663000,840814000,0,0,2103437000,0,2405590000,0,None,12967002000,None,13316648000,None,8342067000,3745229000,12087296000,None,None,None,None,22663537000,3906357000,None,435457505,USD,None,-21270000,-40316000,-12993000,1883008000,1909412000,-532000,-37833000,384349000,1350857000,-518239000,-1189732000,19736000,0,26936000,0,0,288678000,27323000,None,None,1350857000,391.43,374.13
9,2018-03-31,USD,3700856000,1058203000,2196075000,1504781000,380835000,290124000,300730000,0,299616000,0,757473000,-65743000,446578000,0,81219000,None,None,None,0,0,0,9492000,-146962000,0,290124000,290124000,None,USD,20152797000,11314803000,None,5223910000,16132067000,4020730000,0,5139973000,1995225000,2021241000,3584107000,0,11993289000,2593666000,6005587000,6542373000,6542373000,4264000,341932000,7817576000,1280000,4020730000,0,None,6542373000,4626522000,865614000,0,0,1995225000,0,2021241000,0,None,11993289000,None,12335221000,None,6542373000,3584107000,10126480000,None,None,None,None,20152797000,2593666000,None,434657303,USD,None,248402000,-49752000,-12582000,1900000000,56014000,-321000,76974000,290124000,-230495000,-236757000,-1268844000,19041000,0,56335000,0,0,474520000,37170000,None,None,-230495000,295.35,391.43
10,2017-12-31,USD,3285755000,933098000,2107354000,1178401000,206622000,185517000,247132000,0,131330000,0,659747000,-38681000,245303000,1052778000,75292000,None,None,None,0,0,0,-54187000,-321656000,0,185517000,185517000,None,USD,19012742000,10371055000,None,4847179000,15430786000,3581956000,0,4791663000,1871396000,1731117000,3465042000,0,11023364000,2822795000,5466312000,6499432000,6499432000,-20557000,319404000,7669974000,1276000,3581956000,0,None,6499400000,4310934000,674649000,0,0,1871396000,0,1731117000,0,None,11023364000,None,11342768000,None,6499400000,3465042000,9964442000,None,None,None,None,19012742000,2822795000,None,433392686,USD,74819000,141997000,-35841000,-89075000,1583172000,1597943000,66000,-193556000,185517000,1074145000,-487957000,-872254000,19073000,0,14705000,0,0,37710000,21585000,None,2181000,1076326000,191.96,295.35
11,2017-09-30,USD,2984859000,783252000,1992980000,991879000,176925000,129590000,255236000,0,116237000,0,528016000,-31702000,208627000,0,60688000,None,None,None,0,0,0,-13353000,26661000,0,129590000,129590000,None,USD,16951540000,0,None,4638879000,13624179000,3327361000,0,4677511000,1807123000,1545600000,3424719000,0,10243771000,1746469000,5310677000,4888783000,4888783000,-25362000,322421000,6385348000,None,3327361000,0,None,4888783000,4223387000,633166000,0,0,1807123000,0,1545600000,0,None,10243771000,None,10566192000,None,4888783000,3424719000,8313502000,None,None,None,None,16951540000,1746469000,None,432731130,USD,247479000,140982000,202192000,-11324000,-312000,34422000,65000,25058000,129590000,-182993000,-419607000,-723229000,19238000,0,34669000,0,0,13812000,33963000,None,10685000,-172308000,181.35,191.96
12,2017-06-30,USD,2785464000,755349000,1902308000,883156000,69444000,65600000,267083000,0,13962000,0,488266000,-58363000,127807000,0,55482000,None,None,None,0,0,0,-51638000,-71955000,0,65600000,65600000,None,USD,16517223000,0,None,4535883000,13404723000,3112500000,0,4600676000,1727858000,1416010000,3445276000,0,9506607000,1918777000,5122945000,4836502000,4836502000,-31368000,309831000,6700785000,None,3112500000,246125000,None,4836502000,4149111000,522269000,0,0,1727858000,0,1416010000,0,None,9506607000,None,9816438000,None,4836502000,3445276000,8281778000,None,None,None,None,16517223000,2164902000,None,431749744,USD,17487000,-13872000,-56432000,-8688000,1405497000,1420386000,63000,-169688000,65600000,829426000,-534528000,-1218762000,18551000,0,14826000,0,0,613955000,65231000,None,11527000,840953000,149.41,181.35
13,2017-03-31,USD,2636635000,722669000,1657024000,979611000,270534000,178222000,257108000,0,223792000,0,465561000,13592000,256942000,0,46742000,None,None,None,0,0,0,45570000,13592000,0,178222000,178222000,None,USD,14359096000,0,None,4319101000,11385413000,2973683000,0,4320140000,1669132000,1350410000,3108753000,0,8423683000,1077824000,4911229000,None,None,-45859000,275083000,5660330000,None,2973683000,263405000,None,3365400000,4026615000,591089000,0,0,1669132000,0,1350410000,0,None,8423683000,None,8698766000,None,3365400000,3108753000,6474153000,None,None,None,None,14359096000,1341229000,None,430993429,USD,3074000,97763000,-75590000,-26141000,1600000000,24239000,61000,-16552000,178222000,-395207000,-343856000,-1040937000,15049000,0,24178000,0,0,406047000,52523000,None,5455000,-389752000,147.81,149.41
14,2016-12-31,USD,2477541000,669188000,1654419000,823122000,133855000,66748000,205912000,0,90269000,0,443997000,-20079000,153934000,852098000,43586000,None,None,None,0,0,0,23521000,-127913000,0,66748000,66748000,None,USD,13586610000,7274501000,None,3986509000,10906810000,2679800000,0,4076183000,1599762000,1128603000,2955842000,0,7615924000,1467576000,4586657000,3364311000,3364311000,-48565000,250395000,5720291000,1517000,2679800000,266206000,None,3364311000,3726307000,510474000,0,0,1599762000,0,1128603000,0,None,7615924000,None,7866319000,None,3364311000,2955842000,6320153000,None,None,None,None,13586610000,1733782000,None,430054212,USD,293077000,28224000,24422000,-207607000,989300000,1042472000,27780000,63382000,66748000,509734000,-557160000,-763496000,14189000,0,25392000,0,0,97175000,61048000,None,-11316000,498418000,123.8,147.81
15,2016-09-30,USD,2290188000,651308000,1532844000,757344000,114663000,51517000,216099000,0,79127000,0,435209000,8627000,106036000,0,35536000,None,None,None,0,0,0,27610000,-7690000,0,51517000,51517000,None,USD,12347338000,0,None,3850637000,9818372000,2528966000,0,3924420000,1503641000,1061855000,3033001000,0,6961569000,969158000,4411405000,None,None,-36530000,191876000,5193893000,None,2528966000,374098000,None,2373966000,3632399000,486985000,0,0,1503641000,0,1061855000,0,None,6961569000,None,7153445000,None,2373966000,3033001000,5406967000,None,None,None,None,12347338000,1343256000,None,429145023,USD,68466000,86997000,23976000,-17124000,1000000000,16639000,12820000,-815000,51517000,-421326000,-461941000,-1199503000,14410000,0,3819000,0,0,584638000,27366000,None,-441000,-421767000,98.55,123.8
16,2016-06-30,USD,2105204000,561736000,1473098000,632106000,86687000,40755000,207300000,0,51232000,0,354436000,16317000,70370000,0,35455000,None,None,None,0,0,0,10477000,-9646000,0,40755000,40755000,None,USD,11593507000,0,None,3552690000,9177673000,2415834000,0,3639306000,1443707000,1010338000,2752751000,0,6043725000,1390925000,4051837000,None,None,-38211000,162864000,5386918000,None,2415834000,443303000,None,2373085000,3349262000,412531000,0,0,1443707000,0,1010338000,0,None,6043725000,None,6206589000,None,2373085000,2752751000,5125836000,None,None,None,None,11593507000,1834228000,None,428725388,USD,24935000,33647000,-2896000,-17017000,1000000000,17612000,13380000,21088000,40755000,-211577000,-226293000,-575296000,14131000,0,4232000,0,0,260470000,10814000,None,-2742000,-214319000,91.48,98.55
17,2016-03-31,USD,1957736000,538743000,1369540000,588196000,75416000,27658000,203508000,0,39879000,0,335235000,25963000,49453000,0,35537000,None,None,None,0,0,0,12221000,25963000,0,27658000,27658000,None,USD,11262274000,0,None,3471365000,8945041000,2317233000,0,3520084000,1382051000,969583000,2639191000,0,5552184000,1605244000,3933632000,None,None,-34401000,166254000,5543836000,None,2317233000,467227000,None,2372200000,3258641000,413548000,0,0,1382051000,0,969583000,0,None,5552184000,None,5718438000,None,2372200000,2639191000,5011391000,None,None,None,None,11262274000,2072471000,None,428289216,USD,36251000,48836000,4263000,-23563000,None,14907000,11371000,None,27658000,-209420000,-228590000,-1252865000,14798000,0,3536000,0,0,932983000,8425000,None,5334000,-204086000,102.23,91.48
18,2015-12-31,USD,1823333000,514074000,1249365000,573968000,56160000,43178000,180859000,0,20731000,0,333215000,-3734000,59894000,0,35429000,None,None,None,0,0,0,-22447000,-167871000,0,43178000,43178000,None,USD,10202871000,4312817000,None,3121125000,7979445000,2223426000,0,3135744000,1324809000,941925000,2078459000,0,4597619000,1809330000,3529624000,2371362000,2371362000,-43308000,173412000,5431840000,None,2223426000,501385000,None,2371362000,2905998000,393880000,0,0,1324809000,0,941925000,0,None,4597619000,None,4771031000,None,2371362000,2078459000,4449821000,None,None,None,None,10202871000,2310715000,None,427940440,USD,362745000,26394000,-40561000,-390452000,54000,-17458000,-25683000,49137000,43178000,-302764000,-244745000,-2341845000,-2488620000,0,8171000,0,0,4516148000,12854000,None,-3343000,-306107000,114.38,102.23
19,2015-09-30,USD,1738355000,490756000,1173958000,564397000,77571000,29432000,171762000,0,42238000,0,318994000,3930000,73641000,0,35333000,None,None,None,0,0,0,12806000,3058000,0,29432000,29432000,None,USD,9916267000,3891790000,None,2960071000,7748949000,2167318000,0,2952703000,1306461000,898747000,2007531000,0,4165286000,2115437000,3341418000,None,None,-37890000,181268000,5569713000,None,-1724472000,494205000,None,2400000000,2695184000,388715000,0,0,1306461000,0,898747000,0,None,273496000,None,4346554000,None,2400000000,2007531000,4407531000,None,None,None,None,9916267000,2609642000,None,427388288,USD,8568000,45630000,-47479000,-18227000,-61000,72754000,37726000,None,29432000,-170694000,-195969000,50632000,906039000,0,35089000,0,0,-1227702000,37820000,None,-7741000,-178435000,103.26,114.38
