,fiscalDateEnding,reportedCurrency_x,totalRevenue,totalOperatingExpense,costOfRevenue,grossProfit,ebit,netIncome_x,researchAndDevelopment,effectOfAccountingCharges,incomeBeforeTax,minorityInterest,sellingGeneralAdministrative,otherNonOperatingIncome,operatingIncome,otherOperatingExpense,interestExpense,taxProvision,interestIncome,netInterestIncome,extraordinaryItems,nonRecurring,otherItems,incomeTaxExpense,totalOtherIncomeExpense,discontinuedOperations,netIncomeFromContinuingOperations,netIncomeApplicableToCommonShares,preferredStockAndOtherAdjustments,reportedCurrency_y,totalAssets,intangibleAssets,earningAssets,otherCurrentAssets,totalLiabilities,totalShareholderEquity,deferredLongTermLiabilities,otherCurrentLiabilities,commonStock,retainedEarnings,otherLiabilities,goodwill,otherAssets,cash,totalCurrentLiabilities,shortTermDebt,currentLongTermDebt,otherShareholderEquity,propertyPlantEquipment,totalCurrentAssets,longTermInvestments,netTangibleAssets,shortTermInvestments,netReceivables,longTermDebt,inventory,accountsPayable,totalPermanentEquity,additionalPaidInCapital,commonStockTotalEquity,preferredStockTotalEquity,retainedEarningsTotalEquity,treasuryStock,accumulatedAmortization,otherNonCurrrentAssets,deferredLongTermAssetCharges,totalNonCurrentAssets,capitalLeaseObligations,totalLongTermDebt,otherNonCurrentLiabilities,totalNonCurrentLiabilities,negativeGoodwill,warrants,preferredStockRedeemable,capitalSurplus,liabilitiesAndShareholderEquity,cashAndShortTermInvestments,accumulatedDepreciation,commonStockSharesOutstanding,reportedCurrency,investments,changeInLiabilities,cashflowFromInvestment,otherCashflowFromInvestment,netBorrowings,cashflowFromFinancing,otherCashflowFromFinancing,changeInOperatingActivities,netIncome_y,changeInCash,operatingCashflow,otherOperatingCashflow,depreciation,dividendPayout,stockSaleAndPurchase,changeInInventory,changeInAccountReceivables,changeInNetIncome,capitalExpenditures,changeInReceivables,changeInExchangeRate,changeInCashAndCashEquivalents,clossingVal,nextClossingVal
0,2020-06-30,USD,1329132000,-1104012000,None,1329132000,2433144000,166574000,None,None,225120000,8039000,262409000,None,2433144000,-1104012000,11779000,50507000,None,-11779000,None,None,None,50507000,None,None,174613000,157649000,8925000,USD,10017843000,350821000,None,None,7038167000,2995124000,None,None,1139000,1296451000,411045000,179328000,130059000,335008000,327929000,None,140000000,178382000,388889000,3633460000,5115249000,2014975000,4798015000,3298452000,682266000,None,327929000,None,None,1139000,450000000,1296451000,None,None,74165000,None,275931000,19542000,682266000,6027972000,6710238000,None,None,None,1069152000,10017843000,335008000,None,113397545,USD,-134954000,-176786000,-143591000,None,-3783000,-25763000,-385000,-37397000,174613000,-4864000,164490000,-8033000,20198000,-13561000,-8034000,None,130170000,34130000,8637000,120368000,None,-4864000,24.35,
1,2020-03-31,USD,1328334000,-1199589000,None,1328334000,2527923000,100759000,None,None,128745000,-186000,267569000,None,2527923000,-1199589000,11780000,28172000,-11780000,-11780000,None,None,None,28172000,None,None,100573000,92884000,7875000,USD,9860574000,357568000,None,None,7189086000,2705530000,None,None,1137000,1144473000,411820000,179328000,130067000,339872000,313638000,None,140000000,43845000,398161000,3794961000,4766829000,1718634000,4453015000,3455089000,685078000,None,313638000,None,None,1137000,450000000,1144473000,None,None,86359000,None,277368000,20946000,685078000,6190370000,6875448000,None,None,None,1066075000,9860574000,339872000,None,113708996,USD,61602000,102551000,51784000,61602000,-3112000,-20424000,-3106000,48508000,100573000,175409000,144049000,-43516000,21278000,-14594000,388000,None,-147228000,42272000,9818000,-79109000,None,175409000,18.79,24.35
2,2019-12-31,USD,1369105000,-1248792000,954023000,1369105000,2617897000,107281000,None,None,120313000,-2487000,282047000,None,2617897000,-1248792000,12722000,15519000,-12722000,-12722000,None,None,None,15519000,24282000,None,104794000,98356000,8925000,USD,9756534000,365823000,None,1453756000,7139040000,2649454000,None,2312880000,1134000,1058138000,1647582000,179328000,129299000,164463000,315366000,140000000,140000000,74548000,403827000,3563466000,4885925000,1654303000,4543711000,3399003000,686006000,None,315366000,None,None,1134000,450000000,1058138000,None,None,94642000,None,263523000,20477000,686006000,6137668000,6823674000,None,None,None,1065634000,9756534000,164463000,None,113368811,USD,-143386000,-216745000,-59644000,91121000,-1888000,-15372000,-101000,-29297000,104794000,-62859000,12157000,-13318000,9224000,-13541000,158000,None,135292000,30662000,7379000,193819000,None,-59740000,25.32,18.79
3,2019-09-30,USD,1308172000,-1231186000,954424000,1308172000,2539358000,71154000,None,None,76986000,-10915000,263864000,None,2539358000,-1231186000,12898000,16747000,-12898000,-12898000,None,None,None,16747000,2146000,None,60239000,63279000,7875000,USD,10073996000,392223000,None,1560448000,7542377000,2559834000,None,2451247000,1133000,965455000,256219000,181587000,129307000,227322000,317675000,140000000,140000000,80387000,403857000,3916265000,4867198000,1536024000,4534877000,3688943000,687978000,None,317675000,None,None,1133000,450000000,965455000,None,None,45207000,None,267659000,21002000,687978000,6536724000,7224702000,None,None,None,1062859000,10073996000,227322000,None,113313042,USD,-208770000,132215000,-193243000,22063000,-23272000,-37030000,-493000,64574000,60239000,-16023000,214250000,41064000,29921000,-13454000,189000,None,-48257000,23889000,6536000,-73078000,-995000,-17018000,24.93,25.32
4,2019-06-30,USD,1269652000,-1170353000,909661000,1269652000,2440005000,77876000,None,None,99299000,-818000,247767000,None,2440005000,-1170353000,12925000,22241000,-12925000,-12925000,None,None,None,22241000,-12925000,None,77058000,68951000,8925000,USD,9666656000,369000000,None,1504971000,7205788000,2479262000,None,2369286000,1132000,907841000,227859000,183430000,129313000,244340000,309173000,160000000,160000000,59910000,405767000,3829730000,4568950000,1476832000,4231014000,3585390000,708657000,None,309173000,None,None,1132000,450000000,907841000,None,None,39395000,None,270384000,20383000,708657000,6187958000,6896615000,None,None,None,1060379000,9666656000,244340000,None,113215632,USD,-112670000,-106290000,-138732000,-5935000,-3520000,-16472000,-705000,104202000,77058000,24790000,179994000,26200000,29999000,-12401000,154000,None,101725000,26020000,20127000,127007000,-722000,24068000,24.37,24.93
5,2019-03-31,USD,1232665000,-1124820000,863727000,1232665000,2357485000,91758000,None,None,107845000,-6419000,246336000,None,2357485000,-1124820000,12999000,22506000,-12999000,-12999000,None,None,None,22506000,-12999000,None,85339000,83883000,7875000,USD,9631567000,372812000,None,1548224000,7300085000,2353188000,None,2459476000,1131000,843415000,279253000,180183000,32208000,220272000,362267000,160000000,160000000,581000,413180000,3955112000,4368106000,1350193000,390052000,3734840000,710196000,None,362267000,None,None,1131000,450000000,843415000,None,None,73997000,None,268177000,20568000,710196000,6227622000,6937818000,None,None,None,1058061000,9631567000,220272000,None,113137346,USD,-49010000,75945000,-106632000,-49010000,-4760000,-20487000,-2435000,37521000,85339000,-11909000,115210000,-17502000,27135000,-13385000,93000,None,-106739000,22316000,57622000,-78023000,-1402000,-13311000,23.72,24.37
6,2018-12-31,USD,1186765000,-1153177000,893648000,1186765000,2339942000,26216000,0,0,33588000,71809000,246604000,None,2339942000,-1153177000,-12650000,None,None,None,1317000,0,0,15223000,-12925000,0,18365000,17349000,8867000,USD,9439280000,379937000,None,1678640000,7238409000,2220838000,None,2350602000,1129000,764056000,1699380000,180183000,128893000,233583000,398058000,None,None,-52130000,308004000,3910807000,4253983000,1210718000,348549000,3677224000,675449000,None,398058000,None,None,1129000,450000000,764056000,None,None,154958000,None,251408000,None,675449000,6164902000,6840351000,None,None,None,1057783000,9439280000,233583000,None,112940595,USD,-453753000,357753000,-466093000,5271000,-3034000,120330000,-69000,-2026000,18365000,-207704000,138059000,-175510000,21091000,-12160000,132559000,None,40402000,38004000,17611000,-35573000,6357000,-201347000,20.12,23.72
7,2018-09-30,USD,1168843000,-1097096000,848780000,1168843000,2265939000,68382000,0,0,71747000,-12153000,235733000,None,2265939000,-1097096000,-12583000,None,None,None,0,0,0,15518000,-12583000,0,56229000,60507000,7875000,USD,9249088000,383202000,None,1589729000,7206109000,2056934000,None,2401231000,1071000,751320000,223275000,183984000,127692000,434930000,464889000,None,None,-68581000,297980000,4104056000,3886363000,1039748000,177447000,3669126000,675263000,None,464889000,None,None,1071000,450000000,751320000,None,None,144011000,None,249492000,None,675263000,6065957000,6741220000,None,None,None,923124000,9249088000,434930000,None,107132560,USD,-235457000,214054000,-247848000,-9345000,-30000000,-11652000,-1034000,157891000,56229000,36375000,295875000,163539000,22954000,-12157000,31539000,None,-31800000,21346000,3046000,-182247000,-2773000,33602000,24.86,20.12
8,2018-06-30,USD,1135106000,-1091655000,852188000,1135106000,2226761000,44548000,0,0,43451000,-7638000,224429000,None,2226761000,-1091655000,-15038000,None,None,None,0,0,0,6541000,-15038000,0,36910000,36673000,7875000,USD,9089734000,389853000,None,1512066000,7108459000,1982216000,None,2374028000,1071000,695099000,127882000,181827000,126930000,401328000,664834000,705077000,705077000,-55698000,307758000,4151472000,3659191000,990536000,145450000,3750144000,705077000,None,664834000,None,None,1071000,420000000,695099000,None,None,155900000,None,243733000,None,705077000,5738548000,6443625000,None,None,None,921744000,9089734000,401328000,None,107057771,USD,25510000,79045000,-59886000,-9379000,-9000000,-22222000,-1071000,-131168000,36910000,30149000,112257000,96083000,21885000,-12151000,None,None,23103000,50006000,76017000,-171672000,-6874000,23275000,25.32,24.86
9,2018-03-31,USD,1117257000,-1045035000,802876000,1117257000,2162292000,68208000,0,0,72222000,-12188000,231005000,None,2162292000,-1045035000,-11154000,None,None,None,0,0,0,16202000,-11154000,0,56020000,60333000,7875000,USD,8669146000,397406000,None,1413933000,6704493000,1957089000,0,2301769000,1069000,662713000,232521000,174153000,126930000,378053000,411547000,713893000,713893000,-45722000,316392000,3739420000,3673407000,965530000,39969000,3361367000,713893000,0,411547000,1964653000,919029000,1069000,420000000,662713000,0,None,134768000,None,233600000,None,713893000,5579053000,6292946000,None,None,None,919029000,8669146000,378053000,None,106887566,USD,-11231000,-34376000,-16947000,-9379000,-9000000,-12993000,-850000,169000,56020000,22002000,51942000,248466000,20141000,-12143000,0,0,-200150000,15108000,5716000,-253417000,-1433000,20569000,25.04,25.32
10,2017-12-31,USD,3314492000,5398954000,3298511000,1123761000,167074000,51796000,0,0,163481000,19266000,907981000,None,215780000,-7583000,-58581000,None,None,None,0,0,0,53575000,-52299000,0,21206000,-16107000,None,USD,8439743000,404070000,None,1381739000,6486318000,1928569000,0,2171454000,1067000,597863000,279065000,174153000,126173000,357484000,431881000,713710000,713710000,-8112000,324049000,3515371000,3672160000,930346000,22279000,3135608000,713710000,0,431881000,1953425000,917751000,1067000,420000000,597863000,0,None,155830000,None,216389000,None,713710000,2663557000,3377267000,None,None,None,917751000,8439743000,379763000,None,106697648,USD,-56428000,246565000,-171472000,0,-32839000,-81903000,-5880000,86182000,105845000,71584000,317301000,None,98288000,-48550000,0,0,-276557000,56978000,95668000,None,None,None,25.26,25.04
11,2017-09-30,USD,1107780000,-1040425000,0,1107780000,2143908000,54049000,0,0,67355000,1311000,0,-4297000,2148205000,-1040425000,-55000,None,None,None,0,0,0,7698000,0,0,59657000,46174000,7875000,USD,8473441000,394036000,None,1250631000,6490978000,1957358000,0,1987207000,1067000,607555000,256531000,190713000,0,418855000,612338000,86397000,86397000,9259000,319636000,3384599000,3860408000,952609000,0,2965744000,754922000,0,612338000,1982463000,919477000,1067000,420000000,607555000,0,None,41752000,None,282297000,None,754922000,5123718000,5878640000,None,None,None,919477000,8473441000,418855000,None,106670768,USD,119530000,-18546000,57900000,3254000,-41398000,-13841000,-1707000,32155000,55360000,134941000,90882000,542073000,11545000,-12134000,0,0,0,-11746000,64884000,-487804000,3018000,137959000,25.77,25.26
12,2017-06-30,USD,1149608000,-1122246000,0,1149608000,2252939000,2794000,0,0,27362000,-159000,0,-18915000,2271854000,-1122246000,5000,None,None,None,0,0,0,5812000,0,0,21550000,-5081000,7875000,USD,7787132000,410655000,None,1036445000,5824164000,1939901000,0,1947699000,1066000,565649000,200354000,189587000,0,280896000,468050000,754736000,754736000,32876000,129275000,2765618000,3934965000,919659000,0,2484722000,754736000,0,468050000,1962968000,920310000,1066000,420000000,565649000,0,None,52658000,None,304374000,None,754736000,4601378000,5356114000,None,None,None,920310000,7787132000,280896000,None,106607110,USD,-20686000,-134207000,-36225000,-4623000,8603000,-2590000,-1707000,12971000,2635000,23227000,62042000,97099000,20904000,-12140000,947000,0,0,37633000,10916000,37978000,2674000,25901000,26.0,25.77
13,2017-03-31,USD,1102786000,-1058356000,0,1102786000,2166096000,41991000,0,0,44430000,-6125000,0,4954000,2161142000,-1058356000,11545000,None,None,None,0,0,0,13518000,0,0,30912000,34116000,7875000,USD,7757478000,438902000,None,1043015000,5797895000,1932964000,0,1929917000,1065000,574962000,4397284000,173528000,0,254995000,477111000,745962000,745962000,19880000,125809000,2787363000,3865273000,900534000,0,2532368000,745962000,0,477111000,1959583000,917057000,1065000,420000000,574962000,0,None,62979000,None,303624000,None,745962000,4574822000,5320784000,None,None,None,917057000,7757478000,254995000,None,106502250,USD,-121782000,458495000,-156454000,-16968000,-44000,-12004000,-1707000,-44429000,35866000,-31151000,137307000,-35287000,38843000,-12132000,172000,0,0,-5462000,17704000,-355148000,246000,-30905000,25.09,26.0
14,2016-12-31,USD,2647903000,3289845000,2589287000,955392000,254834000,147576000,0,0,230372000,31918000,700558000,None,254834000,0,-50635000,None,None,None,0,0,0,25193000,-24462000,0,196374000,151373000,None,USD,7244981000,467720000,None,1042606000,5319477000,1893586000,0,1751280000,1064000,545106000,156797000,155290000,125000000,285900000,351054000,89400000,89400000,12710000,114504000,2625749000,3575920000,850576000,15674000,2324175000,752001000,0,351054000,1925504000,914706000,1064000,420000000,545106000,0,None,54343000,None,267129000,None,752001000,4216422000,4968423000,None,None,None,914706000,7244981000,301574000,None,106428092,USD,-151716000,52437000,-462041000,0,-15621000,152704000,-6482000,137720000,175706000,3623000,318146000,None,83445000,-34356000,4942000,0,-127767000,-3395000,34640000,None,None,None,25.08,25.09
15,2016-09-30,USD,896776000,-859785000,0,896776000,1759514000,28130000,0,0,36991000,3009000,0,2953000,1756561000,-859785000,1516000,None,None,None,0,0,0,8805000,0,0,28186000,19922000,8208000,USD,6857428000,366202000,None,None,4909658000,1912681000,26879000,None,1061000,518418000,None,211702000,0,216374000,343282000,None,None,67430000,83732000,1579145000,3596017000,914777000,146126000,1216645000,675507000,0,343282000,1947770000,905772000,1061000,420000000,518418000,0,None,960669000,None,206087000,None,675507000,3863990000,4566376000,None,None,None,905772000,6857428000,362500000,None,106088008,USD,-264153000,97504000,-284531000,-10503000,-119473000,70946000,None,None,31139000,-54761000,158824000,52059000,50637000,-7303000,197722000,0,0,8887000,9875000,-81402000,-559000,-55320000,25.9,25.08
16,2016-06-30,USD,846184000,-781291000,0,846184000,1634831000,48470000,0,0,64893000,9228000,0,7356000,1627475000,-781291000,-202000,None,None,None,0,0,0,14551000,0,0,50342000,44345000,4125000,USD,6512941000,383700000,None,None,4805375000,1676800000,21436000,None,1059000,502741000,None,208971000,0,271694000,311684000,None,None,44724000,79224000,1466546000,3307086000,864129000,0,1194852000,678715000,0,311684000,1707566000,908276000,1059000,220000000,502741000,0,None,892754000,None,174660000,None,678715000,3793540000,4493691000,None,None,None,908276000,6512941000,271694000,None,105932281,USD,-50990000,42430000,-175970000,-115505000,55277000,49634000,None,None,57698000,-968000,125368000,43578000,-2926000,-7303000,1660000,0,0,-12070000,9475000,-3342000,-2087000,-3055000,25.45,25.9
17,2016-03-31,USD,775957000,-707717000,0,775957000,1490356000,56827000,0,0,68240000,12000,0,6682000,1483674000,-707717000,9141000,None,None,None,0,0,0,18083000,0,0,50157000,52702000,4125000,USD,5784241000,371104000,None,None,4178142000,1591098000,7043000,None,1057000,461574000,None,119553000,0,274749000,333329000,None,None,4534000,69082000,1437691000,2759911000,880441000,0,1162942000,446244000,0,333329000,0,0,1057000,220000000,461574000,0,None,881745000,None,145155000,None,446244000,3391526000,3844813000,None,None,None,903933000,5784241000,274749000,None,105714916,USD,-83087000,79421000,-93798000,-5720000,61712000,55672000,None,None,56839000,-8361000,29765000,20978000,1356000,-7297000,1257000,0,0,-6121000,4991000,-122708000,833000,-7528000,25.46,25.45
18,2015-12-31,USD,1921863000,2300918000,1891982000,619920000,210984000,93975000,0,0,167289000,22840000,408936000,None,210984000,0,-38526000,None,None,None,0,0,0,7562000,-43695000,0,151113000,123063000,None,USD,5563392000,348898000,None,973981000,4026752000,1513800000,12247000,1299490000,1056000,412044000,77433000,112414000,180451000,282277000,290495000,601992000,601992000,-19414000,42931000,2169322000,2688112000,832488000,3527000,1887045000,491537000,0,290495000,0,0,1056000,220000000,412044000,0,None,41184000,None,160531000,None,491537000,3232473000,3736257000,None,None,None,900114000,5563392000,282277000,None,105554331,USD,-860547000,-55112000,-720647000,0,200449000,554588000,-13306000,83349000,137088000,149662000,316064000,None,31588000,-18650000,210642000,0,45340000,73811000,22669000,None,None,None,25.74,25.46
19,2015-09-30,USD,590039000,-539012000,0,590039000,1131339000,43113000,0,0,51027000,1588000,0,2288000,1129051000,-539012000,827000,None,None,None,0,0,0,8614000,0,0,42413000,38988000,4125000,USD,5084333000,266859000,None,None,3553777000,1521727000,67714000,None,1054000,401527000,None,125246000,None,278896000,229716000,None,None,2446000,31869000,2181838000,2289707000,909622000,None,1902942000,401486000,None,229716000,None,None,1054000,220000000,401527000,None,None,36238000,None,152576000,None,401486000,2854861000,3324061000,None,None,None,896700000,5084333000,278896000,None,105433893,USD,-291168000,37452000,-297082000,0,76837000,281115000,None,None,44701000,111023000,126990000,11520000,3739000,-6618000,210896000,0,0,44259000,5914000,-14681000,-188000,110835000,24.95,25.74
