,fiscalDateEnding,reportedCurrency_x,totalRevenue,totalOperatingExpense,costOfRevenue,grossProfit,ebit,netIncome_x,researchAndDevelopment,effectOfAccountingCharges,incomeBeforeTax,minorityInterest,sellingGeneralAdministrative,otherNonOperatingIncome,operatingIncome,otherOperatingExpense,interestExpense,taxProvision,interestIncome,netInterestIncome,extraordinaryItems,nonRecurring,otherItems,incomeTaxExpense,totalOtherIncomeExpense,discontinuedOperations,netIncomeFromContinuingOperations,netIncomeApplicableToCommonShares,preferredStockAndOtherAdjustments,reportedCurrency_y,totalAssets,intangibleAssets,earningAssets,otherCurrentAssets,totalLiabilities,totalShareholderEquity,deferredLongTermLiabilities,otherCurrentLiabilities,commonStock,retainedEarnings,otherLiabilities,goodwill,otherAssets,cash,totalCurrentLiabilities,shortTermDebt,currentLongTermDebt,otherShareholderEquity,propertyPlantEquipment,totalCurrentAssets,longTermInvestments,netTangibleAssets,shortTermInvestments,netReceivables,longTermDebt,inventory,accountsPayable,totalPermanentEquity,additionalPaidInCapital,commonStockTotalEquity,preferredStockTotalEquity,retainedEarningsTotalEquity,treasuryStock,accumulatedAmortization,otherNonCurrrentAssets,deferredLongTermAssetCharges,totalNonCurrentAssets,capitalLeaseObligations,totalLongTermDebt,otherNonCurrentLiabilities,totalNonCurrentLiabilities,negativeGoodwill,warrants,preferredStockRedeemable,capitalSurplus,liabilitiesAndShareholderEquity,cashAndShortTermInvestments,accumulatedDepreciation,commonStockSharesOutstanding,reportedCurrency,investments,changeInLiabilities,cashflowFromInvestment,otherCashflowFromInvestment,netBorrowings,cashflowFromFinancing,otherCashflowFromFinancing,changeInOperatingActivities,netIncome_y,changeInCash,operatingCashflow,otherOperatingCashflow,depreciation,dividendPayout,stockSaleAndPurchase,changeInInventory,changeInAccountReceivables,changeInNetIncome,capitalExpenditures,changeInReceivables,changeInExchangeRate,changeInCashAndCashEquivalents,clossingVal,nextClossingVal
0,2020-06-30,USD,5089000,None,None,None,None,-722000,None,None,-630000,None,4072000,None,None,None,26000,-235000,870000,844000,None,None,None,-235000,None,None,-395000,-722000,None,USD,106174000,10420000,None,None,58424000,47750000,None,None,271000,-44857000,8819000,7903000,6251000,31247000,None,None,None,None,19160000,None,7891000,29427000,None,598000,6509000,None,None,None,None,None,None,None,None,None,None,None,None,16858000,None,None,None,None,None,None,None,None,None,None,None,USD,10000,0,10000,18000,6381000,4554000,-1769000,4011000,-722000,11746000,7182000,None,1607000,None,-58000,None,None,1293000,8000,None,None,None,2.0,
1,2020-03-31,USD,54534000,None,57749000,-3215000,-2913000,-1763000,None,None,-2913000,-697000,3714000,302000,-3215000,None,24000,-453000,1125000,1101000,None,None,None,-453000,None,None,-2460000,-1763000,None,USD,94356000,10921000,None,653000,45541000,47657000,None,None,269000,-44135000,8566000,7903000,6141000,19809000,20146000,None,None,None,19278000,33208000,11670000,28833000,None,13399000,None,None,20146000,None,None,269000,None,-44135000,None,None,26112000,None,4542000,16658000,None,25395000,25395000,None,None,None,91523000,94356000,19809000,None,13476519,USD,23000,280000,-213000,-216000,-115000,-310000,-179000,1835000,-2460000,-2973000,-2450000,1718000,812000,None,-131000,None,None,2323000,20000,-5123000,None,-2973000,1.56,2.0
2,2019-12-31,USD,51191000,52913000,53531000,-2340000,-2224000,-1593000,None,None,-2224000,94000,4002000,116000,-2340000,None,14000,-725000,1394000,1380000,None,None,None,-725000,-488000,None,-1499000,-1593000,None,USD,96501000,10567000,None,8424000,45633000,49013000,None,2525000,265000,-42372000,7774000,8142000,5044000,22782000,20095000,None,None,None,20257000,32653000,13823000,30304000,10912000,9871000,None,None,20095000,None,None,265000,None,-42372000,None,None,28011000,None,3305000,17332000,None,25538000,25538000,None,None,None,91120000,96501000,22782000,None,13278835,USD,18000,-7271000,-1878000,-1805000,-166000,-417000,-278000,-8872000,-1499000,-8621000,-6326000,-836000,530000,None,-139000,None,1549000,3817000,91000,-1067000,None,-8621000,2.55,1.56
3,2019-09-30,USD,9757000,49974000,48818000,8540000,3510000,777000,None,None,3509000,1761000,3126000,42000,3467000,512000,6000,971000,1392000,1386000,None,6000,None,971000,-3869000,None,2538000,777000,None,USD,81207000,5441000,None,6418000,29608000,49838000,None,6084000,263000,-40779000,468000,5153000,6591000,30879000,29140000,None,None,None,5067000,40565000,12481000,39244000,12481000,404000,None,None,28853000,None,None,263000,None,-40779000,None,None,6106000,None,4560000,None,None,755000,755000,None,None,None,90354000,81207000,30443000,None,13158441,USD,-1030000,6542000,-1030000,28000,-197000,-1322000,-1059000,-2478000,777000,4913000,7265000,319000,512000,None,-66000,None,-238000,2150000,1058000,-84000,None,4913000,2.74,2.55
4,2019-06-30,USD,50775000,49561000,43699000,50775000,1220000,233000,None,None,1220000,899000,49092000,6000,1214000,461000,8000,88000,1434000,1426000,None,8000,None,88000,-562000,None,1132000,233000,None,USD,70476000,5734000,None,7521000,21210000,48367000,None,5310000,261000,-41556000,784000,5153000,4850000,26490000,20082000,None,None,None,4538000,35976000,9100000,37480000,7589000,9486000,None,None,20082000,None,None,261000,None,-41556000,None,None,5809000,None,4166000,None,None,1128000,1128000,None,None,None,89662000,70476000,26490000,None,13064964,USD,-922000,989000,-922000,30000,-167000,-751000,-457000,-2689000,233000,-549000,1124000,575000,462000,None,-127000,None,199000,1930000,952000,-1208000,None,-549000,2.71,2.74
5,2019-03-31,USD,46700000,50427000,42896000,3804000,-3893000,-2785000,None,None,-3893000,899000,7232000,6000,-3899000,461000,10000,-1108000,1412000,1402000,None,10000,None,-1108000,-156000,None,-2785000,-2785000,None,USD,69902000,6028000,None,7597000,22361000,47541000,None,6422000,258000,-41789000,810000,5153000,9239000,26217000,21151000,None,None,None,3330000,35630000,7606000,36360000,7606000,868000,None,None,21151000,None,None,258000,None,-41789000,None,None,6417000,None,4294000,None,None,1210000,1210000,None,None,None,89072000,69902000,25881000,None,13000000,USD,-983000,-1220000,-1065000,-331000,-55000,-456000,-114000,-2236000,-1829000,-2234000,-713000,-844000,858000,None,-232000,None,-700000,887000,734000,-343000,None,-5128000,3.0,2.71
6,2018-12-31,USD,58107000,56790000,51399000,58107000,1323000,956000,0,None,1323000,899000,56384000,6000,1317000,398000,8000,367000,None,None,None,8000,None,367000,-165000,None,956000,956000,None,USD,71268000,4502000,None,6865000,22291000,48977000,None,3060000,252000,-39004000,689000,5153000,4872000,32167000,21147000,None,None,None,2652000,40513000,8739000,39322000,7208000,8346000,None,None,21147000,None,None,252000,None,-39004000,None,None,5604000,None,4105000,None,None,1144000,1144000,None,None,None,87729000,71268000,32167000,None,12610545,USD,27000,564000,-82000,27000,-55000,-156000,-457000,-1229000,956000,2894000,3132000,-497000,398000,None,-101000,None,1216000,1851000,109000,-140000,None,2894000,2.7,3.0
7,2018-09-30,USD,44452000,47809000,42675000,44452000,-3294000,-2030000,0,0,-3294000,899000,47335000,63000,-3357000,406000,67000,None,None,None,0,68000,0,-1264000,-2780000,0,-2030000,-2030000,None,USD,68449000,4730000,None,5884000,21514000,46935000,0,2687000,250000,-39825000,633000,5153000,4636000,29273000,20881000,None,None,None,2671000,37505000,9353000,37052000,7786000,8232000,0,7786000,20881000,46935000,86510000,250000,0,-39825000,0,None,4845000,None,4192000,None,None,633000,633000,None,None,None,86510000,68449000,29273000,None,12541890,USD,24000,1711000,-310000,24000,-152000,-70000,-457000,-887000,-2030000,-744000,-364000,-2903000,563000,0,82000,0,-786000,2034000,334000,261000,None,-744000,3.2,2.7
8,2018-06-30,USD,56237000,54678000,50560000,56237000,1413000,812000,0,0,1413000,15000,54266000,-146000,1559000,387000,25000,None,None,None,0,25000,0,601000,-310000,0,812000,812000,None,USD,67902000,4997000,None,3862000,20175000,47727000,0,2976000,249000,-37795000,706000,5217000,4769000,30016000,19445000,None,None,None,2532000,38474000,10203000,37513000,8593000,8458000,0,8593000,19445000,47727000,85273000,249000,0,-37795000,0,None,2129000,None,4350000,None,None,730000,730000,None,None,None,85273000,67902000,30016000,None,12490990,USD,22000,-106000,-13000,22000,-55000,5000,None,250000,812000,1453000,1461000,857000,335000,0,5000,0,-472000,-459000,35000,22000,None,1453000,3.29,3.2
9,2018-03-31,USD,60346000,55653000,51116000,60346000,-674000,-2252000,0,0,-674000,-30000,55272000,-5367000,4693000,379000,3000,None,None,None,0,2000,0,1578000,-5517000,0,-2252000,-2252000,None,USD,65933000,5225000,None,4420000,19952000,45981000,0,3901000,249000,-38607000,839000,5217000,4445000,28594000,19105000,None,None,None,2119000,37336000,9074000,35539000,7476000,8742000,0,7476000,19105000,45981000,84339000,249000,0,-38607000,0,None,2955000,None,4007000,None,None,847000,847000,None,None,None,84339000,65933000,28594000,None,12489501,USD,22000,-2192000,-100000,-108000,-55000,-82000,None,631000,-2252000,2893000,3075000,1333000,327000,0,-82000,0,534000,6669000,14000,-810000,None,2893000,4.57,3.29
10,2017-12-31,USD,50080000,50256000,49871000,50080000,-5767000,-8040000,0,0,-5767000,15000,49875000,-5591000,-176000,379000,2000,None,None,None,0,2000,0,2273000,-5751000,0,-8040000,-8040000,None,USD,64489000,5162000,None,2913000,33368000,31106000,11194000,18088000,248000,-36355000,15280000,5217000,14816000,25700000,19489000,None,None,None,2273000,33802000,9644000,20727000,2423000,8102000,0,8110000,19489000,31121000,67213000,248000,0,-36355000,0,None,4289000,None,4102000,None,None,2685000,13879000,None,None,None,67213000,64489000,25700000,None,12437916,USD,25000,2071000,-135000,-124000,None,-82000,None,-1367000,-8040000,810000,945000,-406000,326000,0,0,0,-393000,7189000,36000,-195000,None,810000,3.3,4.57
11,2017-09-30,USD,45370000,127827000,42239000,28526000,-11996000,3619000,0,0,5293000,-30000,12735000,None,2773000,318000,1000,None,None,None,0,0,0,1674000,2017000,0,-2302000,3619000,None,USD,64398000,4843000,None,2490000,25495000,38888000,0,17972000,248000,-28315000,7372000,5217000,16833000,24889000,18780000,None,None,None,2397000,32919000,8718000,28828000,2422000,8030000,0,7102000,18780000,38903000,66955000,248000,0,-28315000,0,None,3884000,None,6420000,None,None,6715000,6715000,None,None,None,66955000,64398000,24889000,None,12437916,USD,46000,-924000,-1405000,27000,None,-147000,None,-5998000,3619000,1814000,3219000,None,1229000,0,0,0,1027000,-4123000,1432000,None,None,None,2.59,3.3
12,2017-06-30,USD,48047000,47472000,47171000,48047000,-62000,-24000,0,0,-62000,90000,47179000,-637000,575000,288000,5000,None,None,None,0,5000,0,-38000,0,0,-24000,-24000,None,USD,64620000,5119000,None,1155000,29626000,34979000,8832000,18023000,248000,-31934000,10676000,6226000,20250000,29585000,19763000,None,None,None,2192000,37119000,2864000,23634000,2420000,7534000,0,1595000,19763000,34994000,66665000,248000,0,-31934000,0,None,2534000,None,8566000,None,None,1031000,9863000,None,None,None,66665000,64620000,29585000,None,12437916,USD,20000,454000,-309000,28000,None,0,None,2963000,-25000,3861000,4170000,-111000,236000,0,0,762000,2060000,2249000,329000,1367000,None,3861000,2.78,2.59
13,2017-03-31,USD,51884000,48182000,47884000,51884000,5610000,3874000,0,0,5610000,-60000,47892000,1908000,3702000,286000,4000,None,None,None,0,4000,0,1736000,0,0,3874000,3874000,None,USD,63001000,5317000,None,2059000,28111000,34875000,8190000,17985000,248000,-31909000,10049000,6226000,20137000,24698000,18736000,None,None,None,1331000,33631000,4803000,23332000,1394000,8933000,0,3406000,18736000,34890000,66536000,248000,0,-31909000,0,None,3449000,None,8244000,None,None,1185000,9375000,None,None,None,66536000,63001000,24698000,None,12437916,USD,8000,3516000,-163000,8000,None,0,None,-2451000,3875000,2168000,2331000,-221000,235000,0,0,0,693000,-3608000,171000,-1466000,None,2168000,2.83,2.78
14,2016-12-31,USD,44569000,42923000,42617000,44569000,5738000,5059000,0,0,5738000,15000,42624000,4092000,1646000,295000,4000,None,None,None,0,4000,0,679000,0,0,5059000,5059000,None,USD,57387000,5718000,None,1854000,26555000,30817000,9963000,14658000,248000,-35784000,11896000,6531000,21283000,22530000,15404000,None,None,None,1230000,29256000,2734000,18568000,1384000,6726000,0,1206000,15404000,30832000,66353000,248000,0,-35784000,0,None,3228000,None,8690000,None,None,1188000,11151000,None,None,None,66353000,57387000,22530000,None,12437916,USD,8000,-4095000,-160000,-19000,None,0,None,1191000,5059000,482000,642000,57000,243000,0,0,1151000,2159000,-2781000,141000,2159000,None,482000,2.68,2.83
15,2016-09-30,USD,46080000,48235000,42685000,46080000,-2155000,-5315000,0,0,-2155000,15000,47885000,None,-2155000,315000,35000,None,None,None,0,35000,0,3160000,-7759000,0,-5315000,-5315000,None,USD,60546000,5704000,None,1910000,34773000,25758000,0,18617000,248000,-40843000,15858000,6531000,21538000,22048000,19106000,None,None,None,1164000,30835000,4069000,13523000,1384000,8787000,0,2357000,19106000,25773000,66353000,248000,0,-40843000,0,None,3285000,None,8958000,None,None,15667000,15667000,None,None,None,66353000,60546000,22048000,None,12437916,USD,46000,3066000,50000,46000,None,-86000,None,-4396000,-5315000,-513000,-563000,-504000,472000,0,-172000,0,-279000,3283000,890000,-1565000,None,-513000,3.24,2.68
16,2016-06-30,USD,46342000,46627000,46308000,46342000,-285000,-161000,0,0,-285000,0,46312000,None,-285000,302000,13000,None,None,None,0,13000,0,-124000,0,0,-161000,-161000,None,USD,62273000,6778000,None,1638000,17216000,45042000,0,15506000,249000,-35528000,1710000,6531000,25416000,22560000,15963000,None,None,None,837000,30022000,3330000,31733000,1383000,7462000,0,1522000,15963000,45057000,80321000,249000,0,-35528000,0,None,2974000,None,11801000,None,None,1253000,1253000,None,None,None,80321000,62273000,22560000,None,12440035,USD,None,126000,-203000,0,None,-86000,None,None,-162000,-540000,-337000,414000,250000,0,0,0,0,-1048000,203000,83000,None,-540000,3.0,3.24
17,2016-03-31,USD,42032000,41417000,41115000,42032000,615000,370000,0,0,615000,0,41119000,None,615000,296000,2000,None,None,None,0,2000,0,245000,0,0,370000,370000,None,USD,62500000,6958000,None,2028000,17307000,45178000,0,15475000,249000,-35366000,1831000,6531000,25428000,23120000,15980000,None,None,None,756000,31181000,2077000,31689000,1403000,8061000,0,510000,15980000,0,0,249000,0,-35366000,0,None,3368000,None,11629000,None,None,1327000,1327000,None,None,None,80295000,62500000,23120000,None,12440035,USD,None,466000,-116000,0,None,0,None,None,371000,487000,603000,162000,244000,0,86000,377000,0,581000,116000,-1221000,None,487000,2.39,3.0
18,2015-12-31,USD,39622000,40266000,39961000,39622000,-644000,-453000,0,0,-644000,0,39965000,None,-644000,300000,1000,None,None,None,0,1000,0,-191000,0,0,-453000,-453000,None,USD,61805000,7138000,None,2179000,17045000,44745000,0,15311000,249000,-35737000,1729000,6531000,26043000,22478000,15842000,None,None,None,756000,29751000,2071000,31076000,1223000,7273000,0,708000,15842000,0,0,249000,0,-35737000,0,None,3685000,None,11873000,None,None,1203000,1203000,None,None,None,80233000,61805000,22478000,None,12440035,USD,None,-858000,-151000,0,86000,-86000,None,None,-453000,-2382000,-2145000,-441000,247000,0,0,179000,0,-49000,151000,-591000,None,-2382000,2.82,2.39
19,2015-09-30,USD,36593000,37520000,37260000,36593000,-927000,-495000,0,0,-927000,15000,37254000,None,-927000,265000,1000,None,None,None,0,1000,0,-432000,-2741000,0,-495000,-495000,None,USD,63382000,7331000,None,1727000,18120000,45247000,0,16279000,249000,-35284000,1809000,6531000,26036000,24860000,16846000,None,None,None,712000,31647000,2255000,31385000,1223000,6787000,0,887000,16846000,0,0,249000,0,-35284000,0,None,3244000,None,11662000,None,None,1274000,1274000,None,None,None,80282000,63382000,24860000,None,12473968,USD,46000,-1057000,-22000,46000,None,-145000,None,-1263000,-498000,243000,410000,996000,213000,0,-145000,174000,702000,60000,22000,696000,None,243000,2.75,2.82
