,fiscalDateEnding,reportedCurrency_x,totalRevenue,totalOperatingExpense,costOfRevenue,grossProfit,ebit,netIncome_x,researchAndDevelopment,effectOfAccountingCharges,incomeBeforeTax,minorityInterest,sellingGeneralAdministrative,otherNonOperatingIncome,operatingIncome,otherOperatingExpense,interestExpense,taxProvision,interestIncome,netInterestIncome,extraordinaryItems,nonRecurring,otherItems,incomeTaxExpense,totalOtherIncomeExpense,discontinuedOperations,netIncomeFromContinuingOperations,netIncomeApplicableToCommonShares,preferredStockAndOtherAdjustments,reportedCurrency_y,totalAssets,intangibleAssets,earningAssets,otherCurrentAssets,totalLiabilities,totalShareholderEquity,deferredLongTermLiabilities,otherCurrentLiabilities,commonStock,retainedEarnings,otherLiabilities,goodwill,otherAssets,cash,totalCurrentLiabilities,shortTermDebt,currentLongTermDebt,otherShareholderEquity,propertyPlantEquipment,totalCurrentAssets,longTermInvestments,netTangibleAssets,shortTermInvestments,netReceivables,longTermDebt,inventory,accountsPayable,totalPermanentEquity,additionalPaidInCapital,commonStockTotalEquity,preferredStockTotalEquity,retainedEarningsTotalEquity,treasuryStock,accumulatedAmortization,otherNonCurrrentAssets,deferredLongTermAssetCharges,totalNonCurrentAssets,capitalLeaseObligations,totalLongTermDebt,otherNonCurrentLiabilities,totalNonCurrentLiabilities,negativeGoodwill,warrants,preferredStockRedeemable,capitalSurplus,liabilitiesAndShareholderEquity,cashAndShortTermInvestments,accumulatedDepreciation,commonStockSharesOutstanding,reportedCurrency,investments,changeInLiabilities,cashflowFromInvestment,otherCashflowFromInvestment,netBorrowings,cashflowFromFinancing,otherCashflowFromFinancing,changeInOperatingActivities,netIncome_y,changeInCash,operatingCashflow,otherOperatingCashflow,depreciation,dividendPayout,stockSaleAndPurchase,changeInInventory,changeInAccountReceivables,changeInNetIncome,capitalExpenditures,changeInReceivables,changeInExchangeRate,changeInCashAndCashEquivalents,clossingVal,nextClossingVal
0,2020-06-30,USD,16404000,11404000,4817000,11587000,308000,34000,None,None,308000,None,11404000,125000,183000,None,None,274000,None,None,None,None,None,274000,125000,None,34000,34000,None,USD,108477000,None,None,5057000,38642000,69835000,None,18731000,13000,11008000,13951000,None,2405000,93206000,22728000,3113000,None,-1384000,599000,102377000,None,69835000,None,None,None,4114000,16798000,None,None,13000,None,11008000,-25904000,None,4338000,None,1163000,3210000,None,None,15914000,None,None,None,86102000,108477000,93206000,None,None,USD,-56000,-1440000,-56000,None,None,-2285000,None,835000,34000,-2369000,-28000,-42000,107000,-2285000,None,1313000,None,417000,56000,None,None,-2369000,5.74,
1,2020-03-31,USD,14948000,11882000,4514000,10434000,-1355000,-573000,None,None,-1355000,None,11882000,93000,-1448000,None,None,-782000,None,None,None,None,None,-782000,93000,None,-573000,-573000,None,USD,113669000,None,None,6922000,41772000,71897000,203000,21612000,13000,13259000,15568000,None,2421000,95393000,24801000,2341000,None,-1573000,649000,107721000,None,71897000,None,None,None,5406000,848000,None,None,13000,None,13259000,-25904000,None,4137000,None,1162000,2952000,None,16768000,16971000,None,None,None,86102000,113669000,95393000,None,10000000,USD,-12000,-155000,-12000,None,None,-2285000,None,-2447000,-573000,-3287000,-990000,-1358000,95000,-2285000,None,1001000,None,1287000,12000,None,None,-3287000,3.29,5.74
2,2019-12-31,USD,17835000,15979000,5102000,12733000,-2948000,-2842000,None,None,-2948000,None,14215000,298000,-3246000,None,None,-106000,None,None,None,1764000,None,-106000,-1466000,None,-2842000,-2842000,None,USD,118497000,None,None,12461000,43433000,75064000,202000,20304000,13000,16117000,15567000,0,6252000,96035000,26302000,None,None,-1264000,735000,108375000,None,75064000,None,2862000,None,6404000,5998000,None,None,13000,None,16117000,-25904000,None,4213000,None,735000,3219000,None,16929000,17131000,None,None,None,86102000,118497000,96035000,None,11000000,USD,-8000,-1871000,-8000,None,None,-5161000,None,-1451000,-2842000,-5059000,110000,1246000,97000,-4608000,-553000,1716000,None,1764000,8000,None,None,-5059000,5.38,3.29
3,2019-09-30,USD,17023000,13716000,4371000,12652000,-741000,-1243000,None,None,-741000,None,13716000,323000,-1064000,None,None,502000,None,None,None,None,None,502000,323000,None,-1243000,-1243000,None,USD,127107000,None,None,6997000,44540000,82567000,186000,19269000,13000,23567000,15551000,1764000,4898000,101113000,27086000,None,None,-1764000,821000,116109000,None,80803000,None,None,None,7999000,7817000,None,None,13000,None,23567000,-25351000,None,7203000,None,1210000,3592000,None,17268000,17454000,None,None,None,86102000,127107000,101113000,None,11000000,USD,-40000,-3004000,-40000,None,None,-2882000,None,-5070000,-1243000,-6611000,-3689000,-1710000,101000,0,-2882000,2223000,None,-56000,40000,None,None,-6611000,7.08,5.38
4,2019-06-30,USD,23428000,18025000,5407000,18021000,369000,397000,None,None,369000,None,18025000,373000,-4000,None,None,-28000,None,None,None,None,None,-28000,373000,None,397000,397000,None,USD,136091000,None,None,6127000,56739000,79352000,187000,20126000,13000,40169000,23083000,1764000,5068000,108106000,31528000,None,None,-1192000,887000,124576000,None,77588000,None,None,None,10343000,11402000,None,None,13000,None,40169000,-45887000,None,7654000,None,1210000,3869000,None,25024000,25211000,None,None,None,86249000,136091000,108106000,None,11000000,USD,-95000,-5527000,-95000,None,None,-6682000,None,-3961000,397000,-10486000,-3709000,-629000,96000,0,-6682000,2073000,None,-119000,95000,None,None,-10486000,8.05,7.08
5,2019-03-31,USD,19328000,16813000,5224000,14104000,-2277000,-1923000,None,None,-2277000,None,16813000,432000,-2709000,None,None,-354000,None,None,None,None,None,-354000,432000,None,-1923000,-1923000,None,USD,149348000,None,None,6551000,63493000,85855000,186000,21142000,13000,39772000,24818000,1764000,5104000,118699000,36330000,1762000,1762000,-974000,888000,137560000,None,84091000,None,None,2345000,12310000,15188000,None,None,13000,None,39772000,-39205000,None,7929000,None,1207000,4107000,None,26977000,27163000,None,None,None,86249000,149348000,118699000,None,11000000,USD,-46000,-4785000,-46000,None,None,-2736000,None,-6571000,-1923000,-14132000,-11350000,-4385000,93000,-2736000,None,-192000,None,-158000,46000,None,None,-14132000,12.96,8.05
6,2018-12-31,USD,92500000,27036000,8821000,32769000,5733000,5559000,0,0,6057000,0,27036000,324000,5733000,0,0,None,None,None,248000,0,0,498000,324000,0,5559000,5559000,None,USD,157921000,None,None,5369000,68060000,89861000,186000,23631000,13000,44431000,24976000,1764000,5036000,132653000,43084000,None,None,-1250000,934000,150187000,None,88097000,None,None,None,12165000,20541000,None,None,13000,None,44431000,-39748000,None,3829000,None,1207000,None,None,24790000,24976000,None,None,None,86415000,157921000,132653000,None,11000000,USD,None,-3513000,-38000,None,None,-3868000,-26734000,-1884000,5559000,542000,4448000,2657000,92000,-3868000,None,-1051000,None,704000,38000,None,None,542000,18.49,12.96
7,2018-09-30,USD,47043000,29270000,9926000,37117000,8096000,7629000,0,0,8096000,0,29270000,249000,7847000,0,0,None,None,None,0,0,0,467000,249000,0,7629000,7629000,None,USD,156292000,1764000,None,4918000,68074000,88218000,75000,20564000,13000,42740000,24161000,1764000,5297000,132206000,43913000,None,None,-1202000,988000,148243000,None,86454000,None,None,None,11119000,23349000,None,None,13000,None,42740000,-39748000,None,3862000,None,1435000,None,None,24086000,24161000,None,None,None,86415000,156292000,132206000,None,11000000,USD,None,2376000,-63000,None,None,-4551000,-26734000,1974000,7629000,4158000,8772000,-321000,97000,-4551000,None,-771000,None,-238000,63000,None,None,4539000,23.28,18.49
8,2018-06-30,USD,50910000,30403000,10399000,40511000,10161000,9023000,-260000000,0,10161000,0,30403000,53000,10108000,-50910000,-185000000,None,None,None,0,-104000000,0,1138000,53000,0,9023000,9023000,None,USD,152367000,1764000,None,5550000,66799000,85568000,75000,20179000,13000,39662000,24812000,1764000,5400000,128270000,41987000,None,None,-774000,1025000,144178000,None,83804000,None,None,None,10358000,21808000,None,None,13000,None,39662000,-39748000,None,3965000,None,1435000,None,None,24737000,24812000,None,None,None,86415000,152367000,128270000,None,11000000,USD,None,-1337000,-96000,None,None,-21614000,-26734000,111000,9023000,-16365000,5345000,339000,104000,-21614000,None,-2530000,None,-254000,96000,None,-628000,-16993000,25.02,23.28
9,2018-03-31,USD,52367000,32102000,10221000,42146000,10207000,8824000,260000000,0,10207000,0,32102000,163000,10044000,0,185000000,None,None,None,0,104000000,0,1383000,163000,0,8824000,8824000,None,USD,167387000,1764000,None,6021000,68481000,98906000,55000,20491000,13000,52253000,26703000,1764000,5523000,145095000,41778000,10027000,10027000,-27000,1040000,159060000,None,97142000,16000000,2293000000,22589000000,7944000,21287000,None,None,13000,None,52253000,-39748000,None,4088000,None,1435000,None,None,26648000,26703000,None,None,None,86415000,167387000,145095000,None,11000000,USD,70000000,482000,-17000,-81000000,-81000000,-1479000,-26734000,1405000,8824000,9649000,11145000,1543000,131000,-1479000,None,473000,None,-308000,17000,None,247000,9896000,19.01,25.02
10,2017-12-31,USD,46092000,27982000,9424000,36668000,8829000,-4488000,-4644000000,0,8829000,0,27860000,143000,8686000,122000,-2234000000,None,None,None,0,-3916000000,0,13317000,-150789000,0,-4488000,-4488000,None,USD,159554000,1764000,None,7534000,68933000,90621000,56000,28990000,13000,44908000,26956000,1764000,7162000,135311000,41921000,11170000,11170000,-413000,1149000,151243000,None,88857000,None,None,None,8398000,20835000,None,None,13000,None,44908000,-40570000,None,3963000,1435000,8311000,None,None,19052000,19108000,None,None,None,86683000,159554000,135311000,None,11000000,USD,None,18404000,-40000,None,None,-3061000,None,-16288000,-4488000,8166000,11267000,-4563000,122000,-3061000,None,2253000,None,-461000,40000,None,192000,8358000,15.19,19.01
11,2017-09-30,USD,40132000,23435000,8183000,31949000,8502000,7338000,10356000000,0,8502000,0,23297000,-12000,8514000,138000,4809000000,None,None,None,0,9436000000,0,1164000,348430000,0,7338000,7338000,None,USD,147399000,1764000,None,2961000,49541000,97858000,285000,21451000,13000,52457000,6730000,1764000,5628000,126953000,42526000,203000000,203000000,-716000,1225000,140546000,38000000,96094000,37000000,1744000000,18667000000,10632000,21075000,None,None,13000,None,52457000,-40570000,None,3864000,None,6853000,None,None,6730000,7015000,None,None,None,86674000,147399000,126953000,None,11000000,USD,13000000,-12201000,-68000,-170000000,7282000000,-4079000,-234000000,345000000,7338000,-9438000,-5291000,672000,138000,-4079000,4607000000,-798000,-93000000,-440000,68000,None,130000,-9308000,23.9,15.19
12,2017-06-30,USD,51465000,28805000,9793000,41672000,12947000,10303000,-9014000000,0,12947000,0,28665000,80000,12867000,140000,-4196000000,None,None,None,0,-9910000000,0,2644000,-330451000,0,10303000,10303000,None,USD,156566000,1764000,None,3638000,62167000,94399000,285000,24329000,13000,49198000,7179000,1764000,5571000,136261000,54703000,12666000,12666000,-907000,1292000,149703000,43000000,92635000,52000000,1749000000,18563000000,9804000,30374000,None,None,13000,None,49198000,-40570000,None,3807000,None,6863000,None,None,7179000,7464000,None,None,None,86665000,156566000,136261000,None,11000000,USD,-9000000,-1463000,-98000,-178000000,8717000000,-5097000,-85000000,-5431000,10303000,1623000,6818000,-926000,140000,-5097000,4827000000,-703000,-93000000,-533000,98000,None,-34000,1589000,27.85,23.9
13,2017-03-31,USD,59874000,35637000,11245000,48629000,13148000,10425000,3302000000,0,13148000,0,35501000,156000,12992000,136000,1621000000,None,None,None,0,4390000000,0,2723000,133177000,0,10425000,10425000,None,USD,153391000,1764000,None,2687000,64295000,89096000,266000,26516000,13000,43992000,7720000,1764000,5532000,134672000,56309000,1224000000,1224000000,-996000,1330000,146529000,817000000,87332000,363000000,1569000000,9082000000,9170000,29793000,None,None,13000,None,43992000,-40570000,None,3768000,None,6862000,None,None,7720000,7986000,None,None,None,86657000,153391000,134672000,None,11000000,USD,10000000,559000,-72000,-53000000,-750000000,-4981000,-85000000,32000000,10425000,8758000,13811000,1099000,136000,-4981000,4827000000,2091000,-93000000,-499000,72000,None,-7000,8751000,28.9,27.85
14,2016-12-31,USD,62312000,30361000,11937000,50375000,19915000,19048000,-1460000000,0,19915000,0,30243000,-99000,20014000,118000,-759000000,None,None,None,0,-2432000000,0,867000,-68059000,0,19048000,19048000,None,USD,148051000,1764000,None,4066000,65612000,82439000,268000,33936000,13000,38548000,8190000,1764000,5419000,125921000,57154000,13611000,13611000,-807000,1388000,141244000,None,80675000,None,None,None,11257000,31408000,None,None,13000,None,38548000,-41889000,None,3655000,None,6807000,None,None,None,268000,None,None,None,86574000,148051000,125921000,None,11000000,USD,None,-8847000,-226000,None,None,-4842000,None,-2444000,19048000,11818000,16886000,-472000,118000,-4842000,-23704000,3531000,None,3472000,226000,None,-397000,11421000,24.85,28.9
15,2016-09-30,USD,70679000,41844000,13627000,57052000,15256000,12557000,2724000000,0,15256000,0,41748000,48000,15208000,96000,1501000000,None,None,None,0,4988000000,0,2699000,140000000,0,12557000,12557000,None,USD,139854000,1764000,None,3540000,71126000,68728000,1684000000,30234000,13000,24342000,4945000,1764000,5577000,114500000,66181000,1001000000,1001000000,-302000,1297000,132980000,796000000,66964000,366000000,98000,10550000000,14842000,40892000,None,None,13000,None,24342000,-41889000,None,3813000,None,6874000,None,None,None,None,None,None,None,86564000,139854000,114500000,None,11000000,USD,-1000000,-3248000,-155000,25000000,-1252000000,-787000,-32000000,422000000,12557000,4912000,5854000,-723000,96000,-787000,4607000000,-2517000,-128000000,-309000,155000,-2000,-61000,4851000,28.26,24.85
16,2016-06-30,USD,80391000,50405000,15059000,65332000,14943000,12201000,-2528000000,0,14943000,0,50314000,16000,14927000,91000,-1484000000,None,None,None,0,-3834000000,0,2742000,-144084000,0,12201000,12201000,None,USD,131654000,1764000,None,2893000,74641000,57013000,0,33973000,13000,12572000,5264000,1764000,5481000,109649000,69377000,None,None,-237000,1236000,124937000,None,55249000,0,93000,0,12302000,40668000,0,0,13000,0,12572000,-41889000,None,3717000,None,6717000,None,None,None,None,None,None,None,86554000,131654000,109649000,None,11000000,USD,None,7188000,-284000,0,None,-6071000,None,None,12201000,10257000,16612000,-433000,91000,-686000,-5385000,-2054000,34000,-376000,284000,-5000,-239000,10018000,28.19,28.26
17,2016-03-31,USD,74346000,46079000,14280000,60066000,13963000,11280000,1264000000,0,13963000,0,45990000,-24000,13987000,89000,742000000,None,None,None,0,1278000000,0,2683000,72084000,0,11280000,11280000,None,USD,118936000,1764000,None,2324000,69608000,49328000,0,30169000,13000,1057000,5650000,1764000,5574000,99631000,63958000,None,None,-41000,1050000,112312000,None,47564000,0,88000,0,10269000,39439000,0,0,13000,0,1057000,-37738000,None,3810000,None,6624000,None,None,None,None,None,None,None,86037000,118936000,99631000,None,12000000,USD,None,2350000,-240000,0,None,-18895000,None,None,11280000,-5313000,13822000,-11000,89000,-576000,-18319000,189000,29000,-46000,240000,-29000,30000,-5283000,33.15,28.19
18,2015-12-31,USD,73656000,44690000,15073000,58583000,13921000,13699000,-632000000,0,13921000,0,44608000,28000,13893000,82000,-371000000,None,None,None,0,-426000000,0,222000,-36084000,0,13699000,13699000,None,USD,124152000,1764000,None,2286000,67343000,56809000,0,27705000,13000,-9647000,5770000,1764000,5546000,104914000,61573000,19634000,19634000,-101000,894000,117712000,None,55045000,0,57000,0,10455000,39638000,0,0,13000,0,-9647000,-19419000,None,3782000,None,6440000,None,None,None,None,None,None,None,85963000,124152000,104914000,None,12000000,USD,None,1932000,-65000,-3028000,None,-5590000,None,38742000,13699000,10474000,16129000,-333000,82000,-598000,-4992000,-3858000,41000,4349000,65000,258000,-125000,10349000,33.53,33.15
19,2015-09-30,USD,80779000,49975000,16001000,64778000,14668000,14531000,632000000,0,14668000,0,49903000,-135000,14803000,72000,371000000,None,None,None,0,426000000,0,137000,36000000,0,14531000,14531000,None,USD,109711000,1764000,None,1706000,60923000,48788000,2430000000,20960000,13000,-22617000,1436000,1764000,5605000,94565000,59487000,1452000000,1452000000,17000,917000,103189000,1118000000,47024000,95000000,305000,11370000000,6613000,39963000,None,None,13000,None,-22617000,-14565000,None,3841000,None,6522000,None,None,None,None,None,None,None,85940000,109711000,94565000,None,12000000,USD,840000000,12687000,-68000,244000,6655000000,-5487000,-27000000,-58000000,14531000,20161000,25716000,-96000,72000,-490000,-4997000,-1380000,-2000000,-67000,312000,-31000,-18000,20143000,32.68,33.53
