,fiscalDateEnding,reportedCurrency_x,totalRevenue,totalOperatingExpense,costOfRevenue,grossProfit,ebit,netIncome_x,researchAndDevelopment,effectOfAccountingCharges,incomeBeforeTax,minorityInterest,sellingGeneralAdministrative,otherNonOperatingIncome,operatingIncome,otherOperatingExpense,interestExpense,taxProvision,interestIncome,netInterestIncome,extraordinaryItems,nonRecurring,otherItems,incomeTaxExpense,totalOtherIncomeExpense,discontinuedOperations,netIncomeFromContinuingOperations,netIncomeApplicableToCommonShares,preferredStockAndOtherAdjustments,reportedCurrency_y,totalAssets,intangibleAssets,earningAssets,otherCurrentAssets,totalLiabilities,totalShareholderEquity,deferredLongTermLiabilities,otherCurrentLiabilities,commonStock,retainedEarnings,otherLiabilities,goodwill,otherAssets,cash,totalCurrentLiabilities,shortTermDebt,currentLongTermDebt,otherShareholderEquity,propertyPlantEquipment,totalCurrentAssets,longTermInvestments,netTangibleAssets,shortTermInvestments,netReceivables,longTermDebt,inventory,accountsPayable,totalPermanentEquity,additionalPaidInCapital,commonStockTotalEquity,preferredStockTotalEquity,retainedEarningsTotalEquity,treasuryStock,accumulatedAmortization,otherNonCurrrentAssets,deferredLongTermAssetCharges,totalNonCurrentAssets,capitalLeaseObligations,totalLongTermDebt,otherNonCurrentLiabilities,totalNonCurrentLiabilities,negativeGoodwill,warrants,preferredStockRedeemable,capitalSurplus,liabilitiesAndShareholderEquity,cashAndShortTermInvestments,accumulatedDepreciation,commonStockSharesOutstanding,reportedCurrency,investments,changeInLiabilities,cashflowFromInvestment,otherCashflowFromInvestment,netBorrowings,cashflowFromFinancing,otherCashflowFromFinancing,changeInOperatingActivities,netIncome_y,changeInCash,operatingCashflow,otherOperatingCashflow,depreciation,dividendPayout,stockSaleAndPurchase,changeInInventory,changeInAccountReceivables,changeInNetIncome,capitalExpenditures,changeInReceivables,changeInExchangeRate,changeInCashAndCashEquivalents,clossingVal,nextClossingVal
0,2020-06-30,USD,0,9769000,None,None,-9547000,-9746000,4843000,None,-9746000,None,4926000,None,-9769000,None,None,None,47000,47000,None,None,None,None,-24000,None,-9746000,-9746000,None,USD,145324000,458000,None,1401000,16625000,128699000,None,None,None,-317917000,None,None,1133000,129596000,6320000,None,None,None,12736000,130997000,None,128241000,None,None,None,None,6014000,None,None,None,None,None,None,None,1133000,None,14327000,10611000,None,None,10305000,None,None,None,None,None,None,None,None,USD,-972000,662000,-972000,None,-2000,301000,None,-967000,-9746000,-9451000,-8794000,None,222000,None,None,None,None,1301000,972000,None,None,None,16.6,
1,2020-03-31,USD,0,9071000,None,None,-8642000,-8642000,5498000,None,-8642000,None,3573000,429000,-9071000,5498000,None,None,434000,434000,None,None,None,None,-5000,None,-8642000,-8642000,None,USD,153051000,513000,None,236000,15931000,137120000,None,600000,None,-308171000,None,None,535000,139417000,5603000,None,None,None,2050000,139653000,None,136607000,None,236000,None,None,5003000,None,None,None,None,-308171000,None,None,10835000,None,13398000,10928000,146000,10328000,10328000,None,None,None,445291000,153051000,139417000,None,38386160,USD,-107000,568000,-107000,None,-2000,3390000,None,-967000,-8642000,-3157000,-6440000,794000,171000,None,3392000,None,None,669000,107000,None,None,-3157000,11.38,16.6
2,2019-12-31,USD,0,8356000,None,None,-54554000,-8101000,4888000,None,-8101000,None,3468000,None,-8356000,None,-1279000,None,264000,263000,None,None,None,None,-8000,None,-8101000,-8101000,None,USD,147023000,567000,None,503000,5336000,141687000,None,618000,None,-299529000,None,None,30000,143093000,4743000,None,None,None,2060000,143596000,None,141120000,None,503000,None,None,4125000,None,None,None,None,-299529000,None,None,800000,None,3427000,1211000,146000,593000,593000,None,None,None,441216000,147023000,143093000,None,37996849,USD,-782000,1729000,-782000,191000,-2000,82204000,-5525000,-967000,-8101000,76787000,-4636000,None,340000,None,87771000,None,743000,653000,782000,None,None,None,12.32,11.38
3,2019-09-30,USD,0,-59516000,None,None,-59132000,-59132000,1420000,None,-59132000,None,-10380000,384000,-59516000,-1420000,-1279000,None,392000,392000,None,-47716000,None,None,-47724000,None,-59132000,-59132000,None,USD,69791000,622000,None,1276000,2916000,66875000,None,265000,None,-291428000,None,None,29000,66306000,2565000,None,None,None,1388000,67582000,None,66253000,None,1276000,None,None,2300000,None,None,None,None,-291428000,None,None,199000,None,2209000,616000,146000,351000,351000,None,None,None,358303000,69791000,66306000,None,28140243,USD,94000,-181000,94000,191000,-3000,37000,-5525000,-967000,-59132000,-6401000,-6532000,47509000,340000,None,40000,None,-207000,5272000,97000,None,None,-6401000,2.85,12.32
4,2019-06-30,USD,0,-428000,None,None,-1000,-1000,-1995000,None,-1000,None,-2423000,427000,-428000,1995000,-1279000,None,436000,436000,None,None,None,None,-9000,None,-1000,-1000,None,USD,73743000,None,None,509000,1414000,72329000,None,201000,None,-232296000,None,None,30000,72700000,1159000,None,None,None,318000,73209000,None,72329000,None,509000,None,None,958000,None,None,None,None,-232296000,None,None,216000,None,534000,456000,2000,255000,255000,None,None,None,304625000,73743000,72700000,None,23537368,USD,0,-2495000,94000,None,-2000,-2000,-5525000,None,-1000,-1472000,-1470000,157000,340000,None,None,None,157000,869000,97000,None,None,-1472000,2.36,2.85
5,2019-03-31,USD,0,2659000,None,None,-2208000,-2208000,104000,None,-2208000,None,2555000,451000,-2659000,None,-1279000,None,452000,450000,None,None,None,None,1000,None,-2208000,-2208000,None,USD,75434000,None,None,662000,3892000,71542000,None,200000,None,-232295000,None,None,33000,74169000,3596000,200000,200000,None,359000,74831000,None,71542000,None,662000,292000,None,3396000,None,None,None,None,-232295000,None,None,244000,None,603000,496000,4000,296000,296000,None,None,None,303837000,75434000,74169000,None,23537368,USD,0,-1297000,94000,None,-2000,-2000,-5525000,None,-2208000,-2758000,-2756000,-403000,340000,None,None,None,-403000,1152000,97000,None,None,-2758000,2.695,2.36
6,2018-12-31,USD,None,5300000,None,None,-4883000,-4887000,2572000,None,-4887000,None,2728000,417000,-5300000,None,4000,None,None,None,None,None,None,None,-787000,None,-4887000,-4887000,None,USD,77618000,None,None,237000,4946000,72672000,None,None,None,-230087000,313000,None,53000,76928000,4627000,None,None,None,400000,77165000,None,72672000,None,237000,None,None,4627000,None,None,None,None,-230087000,None,None,53000,None,453000,None,6000,319000,319000,None,None,None,302759000,77618000,76928000,None,23537368,USD,None,-6159000,94000,56000000,-2000,-2000,None,None,-4887000,-9777000,-9775000,321000,None,None,602000,None,321000,950000,97000,None,None,-9777000,2.16,2.695
7,2018-09-30,USD,None,15197000,None,None,-14993000,-14993000,10713000,None,-14993000,None,4484000,204000,-15197000,None,-4000,None,None,None,None,None,None,None,-8696000,None,-14993000,-14993000,None,USD,87814000,None,None,562000,11092000,76722000,None,None,None,-225200000,333000,None,54000,86731000,10749000,None,None,None,467000,87293000,None,76722000,None,562000,None,None,10749000,None,None,None,None,-225200000,None,None,54000,None,521000,None,None,343000,343000,None,None,None,301922000,87814000,86731000,None,24000000,USD,3000000,-2637000,3020000,None,-22000,-22000,None,None,-14993000,-12396000,-15394000,894000,None,None,None,None,894000,1342000,20000,None,None,-12396000,2.93,2.16
8,2018-06-30,USD,25000000,22310000,None,25000000,2918000,2918000,17996000,None,2918000,None,4314000,228000,2690000,None,None,None,None,None,None,None,None,None,None,None,2918000,2918000,None,USD,104426000,None,None,1104000,13749000,90677000,None,None,None,-210207000,None,None,None,99130000,13348000,None,None,-2000,781000,103241000,None,90677000,3007000,None,None,None,13348000,None,None,None,None,-210207000,None,None,404000,None,1185000,None,None,401000,401000,None,None,None,300886000,104426000,102137000,None,None,USD,23000000,3955000,22971000,None,-4000,395000,None,None,2918000,32547000,9181000,605000,None,None,399000,None,None,1703000,29000,None,None,32539000,2.65,2.93
9,2018-03-31,USD,None,14817000,None,None,-14623000,-14623000,10508000,None,-14623000,None,4309000,194000,-14817000,None,None,None,None,None,None,None,None,None,None,None,-14623000,-14623000,None,USD,95623000,None,None,1563000,9798000,85825000,None,None,None,-213125000,None,None,None,66610000,9355000,None,None,-24000,849000,94223000,None,85825000,26050000,None,None,None,9355000,None,None,None,None,-213125000,None,None,551000,None,1400000,None,None,443000,443000,None,None,None,298974000,95623000,92660000,None,None,USD,30000000,-1631000,29960000,None,-4000,199000,None,None,-14623000,14570000,-15589000,-779000,None,None,203000,None,None,1444000,40000,None,8000,14578000,14.08,2.65
10,2017-12-31,USD,None,16532000,None,None,-16264000,-16268000,11559000,None,-16268000,None,4973000,268000,-16532000,None,4000,None,None,None,None,None,None,None,None,None,-16268000,-16268000,None,USD,110329000,None,None,740000,11442000,98887000,None,None,None,-198502000,None,None,None,52032000,10956000,None,None,-70000,905000,108825000,None,98887000,56053000,None,None,None,10956000,None,None,None,None,-198502000,None,None,599000,None,1504000,None,None,486000,486000,None,None,None,297459000,110329000,108085000,None,None,USD,16500000,3925000,16484000,None,-4000,54000,None,None,-16268000,4933000,-11605000,-233000,None,None,58000,None,None,971000,16000,None,-6000,4927000,11.76,14.08
11,2017-09-30,USD,None,12070000,None,None,-11833000,-11833000,8456000,None,-11833000,None,3614000,237000,-12070000,None,None,None,None,None,None,None,None,None,None,None,-11833000,-11833000,None,USD,121602000,None,None,878000,7510000,114092000,None,None,None,-182234000,None,None,None,47105000,6997000,None,None,-103000,1029000,120573000,None,114092000,72590000,None,None,None,6997000,None,None,None,None,-182234000,None,None,None,None,1029000,None,None,513000,513000,None,None,None,296429000,121602000,119695000,None,None,USD,31505000,-1130000,31479000,None,-4000,-1000,None,None,-11833000,19948000,-11530000,250000,None,None,3000,None,None,1183000,26000,None,10000,19958000,14.19,11.76
12,2017-06-30,USD,None,13995000,None,None,-13766000,-13766000,10475000,None,-13766000,None,3520000,229000,-13995000,None,None,None,None,None,None,None,None,None,None,None,-13766000,-13766000,None,USD,133284000,None,None,915000,8676000,124608000,None,None,None,-170401000,None,None,None,27147000,8128000,None,None,-205000,1092000,132192000,None,124608000,104130000,None,None,None,8128000,None,None,None,None,-170401000,None,None,None,None,1092000,None,None,548000,548000,None,None,None,295214000,133284000,131277000,None,None,USD,16500000,2342000,16156000,None,-11000,374000,None,None,-13766000,6227000,-10303000,67000,None,None,377000,None,None,1054000,344000,None,4000,6231000,14.07,14.19
13,2017-03-31,USD,None,8522000,None,None,-8316000,-8316000,5777000,None,-8316000,None,2745000,206000,-8522000,None,None,None,None,None,None,None,None,None,None,None,-8316000,-8316000,None,USD,143329000,None,None,855000,6386000,136943000,None,None,None,-156635000,None,None,None,20916000,5824000,None,None,-205000,885000,122436000,20008000,136943000,100665000,None,None,None,5824000,None,None,None,None,-156635000,None,None,None,None,20893000,None,None,562000,562000,None,None,None,293783000,143329000,121581000,None,None,USD,None,-3315000,-108000,None,4000,-4000,None,None,-8316000,-11392000,-11280000,-280000,None,None,None,None,None,631000,108000,None,7000,-11385000,16.69,14.07
14,2016-12-31,USD,None,11463000,None,None,-11243000,-11244000,8132000,None,-11244000,None,3331000,220000,-11463000,None,1000,None,None,None,None,None,None,None,None,None,-11244000,-11244000,None,USD,154380000,None,None,426000,9716000,144664000,None,None,None,-148278000,None,None,None,32301000,9519000,None,None,-169000,849000,103485000,50046000,144664000,70758000,None,None,None,9519000,None,None,None,None,-148278000,None,None,None,None,50895000,None,None,197000,197000,None,None,None,293111000,154380000,103059000,None,None,USD,-44607000,1375000,-44704000,None,-2000,-163000,None,None,-11244000,-53864000,-8997000,311000,None,None,-161000,None,None,561000,97000,None,-60000,-53924000,16.51,16.69
15,2016-09-30,USD,None,8283000,None,None,-8146000,-8146000,6134000,None,-8146000,None,2149000,137000,-8283000,None,None,None,None,None,None,None,None,None,None,None,-8146000,-8146000,None,USD,164069000,None,None,676000,8706000,155363000,None,None,None,-137034000,None,None,None,86225000,8564000,None,None,-8000,791000,146612000,16666000,155363000,59711000,None,None,None,8564000,None,None,None,None,-137034000,None,None,None,None,17457000,None,None,142000,142000,None,None,None,292405000,164069000,145936000,None,23423150,USD,244000,-265000,-52000,None,-1000,71272000,None,None,-8146000,63779000,-7441000,488000,None,None,71273000,None,None,482000,296000,None,-24000,63755000,13.36,16.51
16,2016-06-30,USD,None,11065000,None,None,-10901000,-10901000,9235000,None,-10901000,None,1830000,164000,-11065000,None,None,None,None,None,None,None,None,None,None,None,-10901000,-10901000,None,USD,100700000,None,None,1090000,8611000,92089000,None,None,None,-128888000,None,None,None,22470000,8497000,None,None,72000,387000,67649000,32664000,92089000,44089000,None,None,None,8497000,None,None,None,None,-128888000,None,None,None,None,33051000,None,None,114000,114000,None,None,None,220905000,100700000,66559000,None,17212637,USD,-5005000,2815000,-5298000,None,-1000,3000,None,None,-10901000,-13211000,-7916000,-289000,None,None,4000,None,None,459000,293000,None,-10000,-13221000,6.62,13.36
17,2016-03-31,USD,None,6834000,None,None,-6711000,-6711000,4881000,None,-6711000,None,1953000,123000,-6834000,None,None,None,None,None,None,None,None,None,None,None,-6711000,-6711000,None,USD,108214000,None,None,772000,5829000,102385000,None,None,None,-117987000,None,None,None,35691000,5723000,None,None,-47000,104000,69487000,38623000,102385000,33024000,None,None,None,5723000,None,None,None,None,-117987000,None,None,None,None,38727000,None,None,106000,106000,None,None,None,220419000,108214000,68715000,None,17211986,USD,2023000,890000,1996000,None,None,None,None,None,-6711000,-3876000,-5872000,-434000,None,None,None,None,None,383000,27000,None,41000,-3835000,8.82,6.62
18,2015-12-31,USD,None,5592000,None,None,-5678000,-5663000,3926000,None,-5663000,None,1666000,-86000,-5592000,None,None,None,None,None,None,None,None,None,None,None,-5663000,-5663000,None,USD,113343000,None,None,282000,4923000,108420000,None,None,None,-111276000,None,None,None,39526000,4792000,None,None,-290000,89000,74796000,38458000,108420000,34956000,32000,None,None,4792000,None,None,None,None,-111276000,None,None,None,None,38547000,None,None,131000,131000,None,None,None,219986000,113343000,74482000,None,17211986,USD,-65670000,1065000,-65680000,1000,-6210000,-148000,None,None,-5663000,-69320000,-3492000,814000,None,None,6062000,None,None,304000,11000,-12000,-527000,-69847000,12.48,8.82
19,2015-09-30,USD,None,4917000,None,None,-5031000,-5035000,3687000,None,-5035000,None,1230000,-114000,-4917000,None,4000,None,None,None,None,None,None,None,None,None,-5035000,-5035000,None,USD,118028000,None,None,505000,4001000,114027000,142000,None,None,-105613000,None,None,None,109373000,3859000,None,None,3000,81000,117935000,None,114027000,8038000,19000,None,None,3859000,None,None,None,None,-105613000,None,None,12000,None,93000,None,None,None,142000,None,None,None,219637000,118028000,117411000,None,17211986,USD,6069000,-283000,6059000,None,None,93076000,None,None,-5035000,94457000,-4678000,74000,None,None,93076000,None,None,513000,10000,53000,None,94457000,14.07,12.48
