,fiscalDateEnding,reportedCurrency_x,totalRevenue,totalOperatingExpense,costOfRevenue,grossProfit,ebit,netIncome_x,researchAndDevelopment,effectOfAccountingCharges,incomeBeforeTax,minorityInterest,sellingGeneralAdministrative,otherNonOperatingIncome,operatingIncome,otherOperatingExpense,interestExpense,taxProvision,interestIncome,netInterestIncome,extraordinaryItems,nonRecurring,otherItems,incomeTaxExpense,totalOtherIncomeExpense,discontinuedOperations,netIncomeFromContinuingOperations,netIncomeApplicableToCommonShares,preferredStockAndOtherAdjustments,reportedCurrency_y,totalAssets,intangibleAssets,earningAssets,otherCurrentAssets,totalLiabilities,totalShareholderEquity,deferredLongTermLiabilities,otherCurrentLiabilities,commonStock,retainedEarnings,otherLiabilities,goodwill,otherAssets,cash,totalCurrentLiabilities,shortTermDebt,currentLongTermDebt,otherShareholderEquity,propertyPlantEquipment,totalCurrentAssets,longTermInvestments,netTangibleAssets,shortTermInvestments,netReceivables,longTermDebt,inventory,accountsPayable,totalPermanentEquity,additionalPaidInCapital,commonStockTotalEquity,preferredStockTotalEquity,retainedEarningsTotalEquity,treasuryStock,accumulatedAmortization,otherNonCurrrentAssets,deferredLongTermAssetCharges,totalNonCurrentAssets,capitalLeaseObligations,totalLongTermDebt,otherNonCurrentLiabilities,totalNonCurrentLiabilities,negativeGoodwill,warrants,preferredStockRedeemable,capitalSurplus,liabilitiesAndShareholderEquity,cashAndShortTermInvestments,accumulatedDepreciation,commonStockSharesOutstanding,reportedCurrency,investments,changeInLiabilities,cashflowFromInvestment,otherCashflowFromInvestment,netBorrowings,cashflowFromFinancing,otherCashflowFromFinancing,changeInOperatingActivities,netIncome_y,changeInCash,operatingCashflow,otherOperatingCashflow,depreciation,dividendPayout,stockSaleAndPurchase,changeInInventory,changeInAccountReceivables,changeInNetIncome,capitalExpenditures,changeInReceivables,changeInExchangeRate,changeInCashAndCashEquivalents,clossingVal,nextClossingVal
0,2020-06-30,USD,106712000,71735000,34334000,73614000,40918000,26848000,None,None,34977000,None,1090000,-1090000,42008000,1090000,5941000,8129000,None,-5941000,None,None,None,8129000,1223000,None,26848000,26848000,None,USD,2046931000,29739000,None,None,789894000,1257037000,83785000,None,848000,290564000,95000000,None,8449000,513382000,104777000,None,None,37675000,26105000,56671000,1339771000,1253403000,1339771000,60715000,392773000,None,104777000,None,None,848000,None,290564000,None,None,549222000,None,63619000,None,404978000,196354000,685117000,None,None,None,927950000,2046931000,None,None,84800000,USD,-140089000,1159000,-140089000,None,252625000,466215000,-6373000,33866000,26848000,405629000,79503000,43240000,2473000,None,220308000,None,-8904000,11684000,3145000,-9621000,None,405629000,16.08,
1,2020-03-31,USD,113608000,41452000,5697000,101952000,74900000,58271000,None,None,72156000,None,734000,-734000,75634000,734000,2744000,13885000,-2744000,-2744000,None,None,None,13885000,900000,None,58271000,58271000,None,USD,1387827000,29301000,None,None,412937000,974890000,66831000,None,689000,263716000,77549000,None,30292000,107316000,20745000,None,None,4464000,25667000,59972000,1070072000,971256000,1070072000,46872000,145521000,None,20745000,None,None,689000,None,263716000,None,None,158656000,None,62634000,None,158256000,167105000,392192000,None,None,None,706021000,1387827000,None,None,68873540,USD,25783000,-23812000,25783000,27276000,-375000,-4903000,-778000,618000,58271000,68732000,47852000,1051000,2441000,None,3367000,None,-787000,10863000,1493000,-1148000,None,68732000,11.61,16.08
2,2019-12-31,USD,102265000,39476000,-20745000,125642000,374940000,50195000,None,None,62789000,None,937000,17384000,357556000,2248000,2974000,12594000,-2974000,-2974000,None,None,None,12594000,1155000,None,50195000,50195000,None,USD,1364818000,14052000,None,14432000,434398000,930420000,700000,136642000,684000,205445000,66624000,3244000,2232000,38427000,39904000,None,None,17288000,32496000,61573000,1140940000,926786000,1140940000,46085000,145764000,None,39904000,None,None,684000,None,205445000,None,None,65772000,None,59972000,None,160074000,178060000,394494000,None,None,None,707003000,1364818000,None,None,68400000,USD,-77092000,-3421000,-77092000,-184399000,-375000,3709000,-778000,325000,50195000,-4800000,68583000,7000,2638000,None,8015000,None,-355000,18944000,2507000,-301000,None,-4800000,33.18,11.61
3,2019-09-30,USD,102727000,38795000,2572000,99016000,63932000,49763000,None,None,63932000,None,33244000,-1840000,65772000,2248000,2979000,14169000,-2979000,-2979000,None,None,None,14169000,1244000,None,49763000,49763000,None,USD,1301462000,29937000,None,14127000,427975000,873487000,800000,145146000,679000,155250000,53042000,None,1959000,42956000,39296000,None,None,19165000,33203000,63647000,1073176000,869853000,1073176000,45730000,146007000,None,39296000,None,None,679000,None,155250000,None,None,71175000,None,56642000,None,162079000,182831000,388679000,None,None,None,698393000,1301462000,None,None,67927370,USD,-42294000,-1028000,-42294000,-109814000,-375000,205000,-778000,-12215000,49763000,10154000,52243000,-11712000,2322000,None,1359000,None,-3505000,16651000,2958000,-4089000,None,10154000,26.26,33.18
4,2019-06-30,USD,89495000,38537000,2923000,88257000,50958000,39100000,None,None,50958000,None,32543000,-4756000,55714000,2248000,3071000,11858000,-3071000,-3071000,None,None,None,11858000,415000,None,39100000,39100000,None,USD,1220399000,29461000,None,11506000,408020000,812379000,28258000,151358000,677000,105487000,41141000,None,1604000,34305000,24351000,None,None,14052000,25827000,62651000,1017607000,808745000,1017607000,42225000,146253000,None,24351000,None,None,677000,None,105487000,None,None,51772000,None,52607000,None,164345000,191066000,383669000,None,None,None,692163000,1220399000,None,None,67768466,USD,-62992000,4107000,-62992000,-70478000,-375000,-79000,-1061000,-286000,39100000,-4026000,59045000,-425000,2236000,None,1357000,None,-3746000,16962000,2740000,-3494000,None,-4026000,28.39,26.26
5,2019-03-31,USD,81106000,30849000,2743000,78363000,38974000,32899000,None,None,38974000,None,30849000,-8540000,47514000,2248000,3061000,6075000,-3061000,-3061000,None,None,None,6075000,42000,None,32899000,32899000,None,USD,1147511000,3634000,None,11653000,395630000,751881000,12770000,154325000,675000,66387000,28105000,None,1358000,39761000,16981000,None,None,184000,25105000,66225000,946776000,748247000,940223000,66225000,171811000,None,16981000,None,None,675000,None,66387000,None,None,56951000,None,48820000,None,171811000,194068000,378649000,None,None,None,684635000,1147511000,None,None,67501958,USD,-10226000,-18021000,-11977000,-10226000,-375000,-1835000,-12477000,-1477000,32899000,14467000,28279000,-431000,2665000,None,11017000,None,-2472000,14498000,1751000,-3331000,None,14467000,25.87,28.39
6,2018-12-31,USD,76259000,-205088000,-8763000,85022000,290620000,35520000,0,0,45244000,0,-205088000,510000,290110000,0,-3028000,None,None,None,0,0,0,9724000,510000,0,35520000,35520000,None,USD,1092043000,3634000,None,10109000,390543000,701500000,2740000,162684000,663000,33488000,10036000,3244000,1707000,23880000,31141000,None,None,-14832000,24765000,66377000,917184000,697866000,58840000,66377000,173871000,None,31141000,None,None,663000,None,33488000,None,None,33243000,None,46840000,None,173871000,182791000,359402000,None,None,None,682181000,1092043000,None,None,66318849,USD,433518000,336000,-39722000,-212590000,-375000,317000,391000,-51000,35520000,7107000,46512000,-244000,2578000,None,301000,None,-1332000,9467000,13386000,-1145000,None,7107000,17.85,25.87
7,2018-09-30,USD,71761000,30379000,1099000,70662000,31847000,24811000,0,0,31847000,0,30379000,-8436000,40283000,0,-2972000,None,None,None,0,0,0,7036000,-8436000,0,24811000,24811000,None,USD,1052481000,3634000,None,8398000,391988000,660493000,1300000,167054000,663000,-2032000,10930000,0,9639000,18187000,27134000,None,None,-16303000,22887000,67733000,880316000,656859000,42310000,67733000,175962000,0,27134000,0,0,663000,0,-2032000,0,None,26594000,None,51317000,None,175962000,188892000,364854000,None,None,None,678165000,1052481000,None,None,66285847,USD,-36682000,1696000,-38735000,0,-599000,2472000,-3633000,-2024000,24811000,1733000,37996000,-983000,2671000,0,6704000,0,-3423000,14316000,2053000,-4515000,None,1733000,22.65,17.85
8,2018-06-30,USD,67453000,29020000,643000,66810000,32339000,25241000,0,0,32339000,0,29020000,-5451000,37790000,0,-5560000,None,None,None,0,0,0,7098000,-5451000,0,25241000,25241000,None,USD,1016479000,3634000,None,7171000,386837000,629642000,4507000,170165000,658000,-26843000,6391000,0,15832000,16454000,21407000,147262000,147262000,-15043000,22803000,83504000,843054000,626008000,53866000,67050000,178273000,0,21407000,0,0,658000,0,-26843000,0,None,8743000,None,54741000,None,178273000,182650000,365430000,None,None,None,670870000,1016479000,16454000,None,65753784,USD,-123720000,4891000,-125623000,0,-385000,-35000,-957000,-1339000,25241000,-85436000,40222000,-1315000,4813000,0,1307000,0,-3088000,9704000,1903000,-3112000,None,-85436000,16.3,22.65
9,2018-03-31,USD,59552000,28453000,1569000,57983000,26531000,22355000,0,0,26531000,0,28453000,-2999000,29530000,0,-3419000,None,None,None,0,0,0,4176000,-2999000,0,22355000,22355000,None,USD,987591000,3634000,None,7099000,385647000,601944000,4838000,170428000,656000,-52084000,6563000,0,17972000,101890000,21218000,143868000,143868000,-13533000,22857000,168611000,728555000,598310000,7702000,66721000,177047000,0,21218000,0,0,656000,0,-52084000,0,None,7565000,None,56369000,None,177047000,182544000,364429000,None,None,None,666905000,987591000,101890000,None,65569342,USD,-15200000,-5132000,-16570000,0,-375000,78133000,-5523000,-2159000,22355000,82694000,21131000,-1606000,2658000,0,84031000,0,-2985000,6394000,1370000,-3538000,None,82694000,16.55,16.3
10,2017-12-31,USD,54538000,-185661000,-8304000,62842000,241695000,-1766000,0,0,17059000,0,-185661000,-6808000,248503000,0,3382000,None,None,None,0,0,0,18825000,-17633000,0,-1766000,-1766000,None,USD,894848000,3634000,None,2151000,385771000,509000000,5024000,168190000,605000,-74157000,218525000,3244000,722012000,19196000,23364000,143882000,143882000,-2859000,22802000,84625000,720087000,505443000,97394000,65429000,177984000,0,23364000,0,0,605000,0,-74157000,0,None,5846000,None,57854000,None,177984000,179399000,362407000,None,None,None,585488000,894848000,19196000,None,60517512,USD,190880000,3182000,-26519000,0,-450000,-968000,-4699000,-4828000,-1766000,-1502000,25985000,25000,2552000,0,4181000,0,-11451000,25729000,15379000,-3737000,None,-1502000,17.0,16.55
11,2017-09-30,USD,48953000,24645000,957000,47996000,19497000,12312000,0,0,19497000,0,24645000,-3854000,23351000,0,3352000,None,None,None,0,0,0,7185000,0,0,12312000,12312000,None,USD,886612000,3634000,None,2651000,375587000,511025000,4971000,166316000,599000,-72391000,209590000,0,706620000,20698000,22028000,143969000,143969000,-630000,21767000,81669000,697327000,507391000,108048000,60971000,177074000,0,22028000,0,0,599000,0,-72391000,0,None,7624000,None,74591000,None,177074000,171514000,353559000,None,None,None,583447000,886612000,20698000,None,59928092,USD,-24393000,7704000,-26399000,10146000,-375000,-124000,-240000,-2143000,12312000,663000,27186000,-1411000,2535000,0,491000,0,0,10039000,2006000,-3993000,None,663000,12.4,17.0
12,2017-06-30,USD,42198000,28048000,1373000,40825000,9496000,6012000,0,0,9496000,0,28048000,-3281000,12777000,0,3300000,None,None,None,0,0,0,3484000,0,0,6012000,6012000,None,USD,862995000,3634000,None,2072000,367955000,495040000,4830000,161982000,598000,-84703000,202616000,0,672644000,20035000,21349000,143990000,143990000,-1354000,21530000,76749000,677562000,491406000,124153000,56714000,176032000,0,21349000,0,0,598000,0,-84703000,0,None,3543000,None,79977000,None,176032000,165744000,346606000,None,None,None,580499000,862995000,20035000,None,59858418,USD,-7102000,5434000,-8896000,6794000,-375000,-293000,-140000,-326000,6012000,7492000,16681000,-360000,2386000,0,222000,0,0,5404000,1794000,-2195000,None,7492000,11.45,12.4
13,2017-03-31,USD,37054000,25989000,635000,36419000,6740000,5492000,0,0,6740000,0,25989000,-3690000,10430000,0,3494000,None,None,None,0,0,0,1248000,0,0,5492000,5492000,None,USD,840162000,3634000,None,2935000,356253000,483909000,4790000,None,598000,-90716000,198068000,0,662596000,12543000,14175000,None,None,-4054000,21168000,66457000,662540000,480275000,120890000,53914000,175253000,0,14175000,0,0,598000,0,-90716000,0,None,3669000,None,82694000,None,175253000,162035000,342078000,None,None,None,578081000,840162000,12543000,None,62000000,USD,-28189000,-8546000,-31258000,3494000,-745000,-1856000,-3503000,-2046000,5492000,-35203000,-2089000,-2291000,2262000,0,2392000,0,0,3311000,3069000,-2317000,None,-35203000,11.4,11.45
14,2016-12-31,USD,36629000,-163166000,-3984000,40613000,198289000,61562000,0,0,7059000,0,-163166000,-5490000,203779000,0,3776000,None,None,None,0,0,0,-54503000,-16748000,0,61562000,61562000,None,USD,841737000,3634000,None,1991000,364388000,477349000,4831000,157737000,591000,-94882000,194738000,3244000,659568000,47746000,25297000,144353000,144353000,-5287000,20402000,99395000,632390000,473715000,94584000,51649000,174986000,0,25297000,0,0,591000,0,-94882000,0,None,2533000,None,83383000,None,174986000,159274000,339091000,None,None,None,576927000,841737000,47746000,None,61000000,USD,-13056000,11880000,-16078000,14848000,-375000,-430000,-61000,-14276000,61562000,3224000,19732000,-2369000,2163000,0,6000,0,-8585000,-51348000,3022000,-2156000,None,3224000,10.65,11.4
15,2016-09-30,USD,35520000,24037000,664000,34856000,6289000,6175000,0,0,6289000,0,24037000,-4530000,10819000,0,3733000,None,None,None,0,0,0,114000,0,0,6175000,6175000,None,USD,792166000,3634000,None,2313000,361897000,430269000,6834000,None,591000,-156444000,184848000,0,609858000,44522000,32682000,None,None,10974000,19924000,91991000,645187000,426635000,100556000,47469000,173193000,0,32682000,0,0,591000,0,-156444000,0,None,2519000,None,28911000,None,173193000,149188000,329215000,None,None,None,575148000,792166000,44522000,None,60000000,USD,-24305000,20227000,-26572000,11072000,-375000,-383000,-30000,-4407000,6175000,-2305000,24650000,-4180000,2808000,0,22000,0,0,2677000,2267000,-3057000,None,-2305000,7.62,10.65
16,2016-06-30,USD,29481000,23234000,470000,29011000,2011000,2011000,0,0,2011000,0,23234000,-3766000,5777000,0,3707000,None,None,None,0,0,0,0,0,0,2011000,2011000,None,USD,716428000,3634000,None,1810000,293993000,422435000,137000,None,591000,-162619000,134247000,0,573420000,46827000,15502000,None,None,11121000,19690000,55695000,610386000,418801000,62745000,8868000,144107000,0,15502000,0,0,591000,0,-162619000,0,None,1895000,None,25128000,None,144107000,134247000,278491000,None,None,None,573342000,716428000,46827000,None,60000000,USD,-49063000,26089000,-52926000,7339000,-375000,-376000,-56000,-3269000,2011000,-26475000,26827000,-2931000,2128000,0,55000,0,0,1744000,3863000,-2214000,None,-26475000,5.48,7.62
17,2016-03-31,USD,22185000,22672000,458000,21727000,-3907000,-3907000,0,0,-3907000,0,22672000,-2962000,-945000,0,3632000,None,None,None,0,0,0,0,0,0,-3907000,-3907000,None,USD,684314000,3634000,None,2732000,274256000,410058000,137000,None,591000,-164630000,111029000,0,533767000,73302000,19108000,None,None,2512000,17219000,79880000,559827000,406424000,47572000,6578000,143982000,0,19108000,0,0,591000,0,-164630000,0,None,2806000,None,20948000,None,143982000,111029000,255148000,None,None,None,571585000,684314000,73302000,None,59000000,USD,18103000,7237000,15784000,3632000,-375000,-534000,-608000,None,-3907000,15985000,735000,-4248000,1734000,0,449000,0,0,1625000,2319000,-1706000,None,15985000,5.05,5.48
18,2015-12-31,USD,17388000,-139512000,-929000,18317000,157677000,-4821000,0,0,-4821000,0,-139512000,-152000,157829000,0,2057000,None,None,None,0,0,0,0,-152000,0,-4821000,-4821000,None,USD,662451000,3634000,None,1428000,259720000,402731000,137000,90773000,588000,-160723000,92919000,3244000,517746000,57317000,22725000,143939000,143939000,-7474000,15201000,62460000,562108000,399097000,62743000,5143000,143939000,0,22725000,0,0,588000,0,-160723000,0,None,1518000,None,17530000,None,143939000,92919000,236995000,None,None,None,570340000,662451000,57317000,None,59000000,USD,-242481000,33737000,-244443000,2057000,143688000,143677000,-11000,-16999000,-4821000,-75474000,25292000,-4707000,1466000,0,415000,0,-1166000,1968000,1962000,-2351000,None,-75474000,6.77,5.05
19,2015-09-30,USD,15035000,19653000,181000,14854000,-4799000,-4799000,0,0,-4799000,0,19653000,None,-4799000,0,0,None,None,None,0,0,0,-241000,0,0,-4799000,-4799000,None,USD,486897000,3634000,None,1783000,78696000,408201000,137000,None,587000,-155902000,64329000,0,314785000,132791000,14230000,None,None,-4574000,13902000,136777000,316134000,404567000,17971000,3986000,0,0,14230000,0,0,587000,0,-155902000,0,None,4269000,None,12181000,None,None,64329000,64466000,None,None,None,568090000,486897000,132791000,None,59000000,USD,52357000,24402000,50953000,0,None,-1000,-14000,None,-4799000,68490000,17538000,-3701000,1121000,0,13000,0,0,1494000,1404000,-979000,None,68490000,7.6,6.77
