,fiscalDateEnding,reportedCurrency_x,totalRevenue,totalOperatingExpense,costOfRevenue,grossProfit,ebit,netIncome_x,researchAndDevelopment,effectOfAccountingCharges,incomeBeforeTax,minorityInterest,sellingGeneralAdministrative,otherNonOperatingIncome,operatingIncome,otherOperatingExpense,interestExpense,taxProvision,interestIncome,netInterestIncome,extraordinaryItems,nonRecurring,otherItems,incomeTaxExpense,totalOtherIncomeExpense,discontinuedOperations,netIncomeFromContinuingOperations,netIncomeApplicableToCommonShares,preferredStockAndOtherAdjustments,reportedCurrency_y,totalAssets,intangibleAssets,earningAssets,otherCurrentAssets,totalLiabilities,totalShareholderEquity,deferredLongTermLiabilities,otherCurrentLiabilities,commonStock,retainedEarnings,otherLiabilities,goodwill,otherAssets,cash,totalCurrentLiabilities,shortTermDebt,currentLongTermDebt,otherShareholderEquity,propertyPlantEquipment,totalCurrentAssets,longTermInvestments,netTangibleAssets,shortTermInvestments,netReceivables,longTermDebt,inventory,accountsPayable,totalPermanentEquity,additionalPaidInCapital,commonStockTotalEquity,preferredStockTotalEquity,retainedEarningsTotalEquity,treasuryStock,accumulatedAmortization,otherNonCurrrentAssets,deferredLongTermAssetCharges,totalNonCurrentAssets,capitalLeaseObligations,totalLongTermDebt,otherNonCurrentLiabilities,totalNonCurrentLiabilities,negativeGoodwill,warrants,preferredStockRedeemable,capitalSurplus,liabilitiesAndShareholderEquity,cashAndShortTermInvestments,accumulatedDepreciation,commonStockSharesOutstanding,reportedCurrency,investments,changeInLiabilities,cashflowFromInvestment,otherCashflowFromInvestment,netBorrowings,cashflowFromFinancing,otherCashflowFromFinancing,changeInOperatingActivities,netIncome_y,changeInCash,operatingCashflow,otherOperatingCashflow,depreciation,dividendPayout,stockSaleAndPurchase,changeInInventory,changeInAccountReceivables,changeInNetIncome,capitalExpenditures,changeInReceivables,changeInExchangeRate,changeInCashAndCashEquivalents,clossingVal,nextClossingVal
0,2020-06-30,USD,1321000,6993000,None,None,-7594000,-8086000,3761000,None,-8086000,None,3232000,None,-5672000,None,0,None,10000,10000,None,None,None,None,-2424000,None,-8086000,-8086000,None,USD,46857000,None,None,None,46894000,-37000,None,559000,12000,-234237000,6665000,None,898000,35458000,9491000,None,None,None,8156000,37728000,None,-112000,None,221000,None,None,1269000,None,None,None,None,None,None,None,898000,None,9129000,5954000,None,27761000,37403000,None,None,None,None,None,None,None,None,USD,-5000,-741000,-5000,None,956000,20030000,-152000,-1673000,-8086000,13673000,-6352000,None,492000,None,None,None,-32000,3688000,5000,None,None,None,0.483,
1,2020-03-31,USD,1213000,7423000,None,None,-5715000,-6167000,4916000,None,-6167000,None,2507000,None,-6210000,None,None,None,35000,35000,None,None,None,None,8000,None,-6167000,-6167000,None,USD,36510000,75000,None,58000,48870000,-12360000,None,1566000,7000,-226151000,7156000,None,926000,21785000,11767000,None,None,None,12057000,23452000,None,-12435000,None,189000,None,None,997000,None,None,None,None,None,-155000,None,926000,None,13058000,6114000,None,26196000,37103000,None,None,None,213939000,None,21785000,None,37000000,USD,-337000,-1835000,-337000,15000,956000,15848000,-51000,-477000,-6167000,8073000,-7438000,None,495000,None,15899000,None,230000,316000,352000,None,None,None,0.475,0.483
2,2019-12-31,USD,1379000,7375000,5558000,-4179000,3321000,2818000,5558000,None,2818000,None,1817000,None,-5996000,None,1000,None,28000,27000,None,None,None,None,8787000,None,2818000,2818000,None,USD,29097000,75000,None,49000,52884000,-23787000,None,3088000,3000,-203682000,9885000,None,959000,13711000,12899000,None,None,None,12339000,15724000,None,-23862000,None,419000,25000000,None,1602000,None,None,None,None,None,-155000,None,959000,None,13373000,6262000,None,26305000,39985000,None,None,None,180047000,None,13711000,None,26000000,USD,-384000,2485000,-384000,None,956000,545000,-51000,-4685000,2818000,-8294000,-8455000,None,502000,None,816000,None,-203000,-9372000,384000,None,None,None,3.16,0.475
3,2019-09-30,USD,1316000,10888000,8598000,-7282000,-7826000,-8336000,8598000,None,-8336000,None,2290000,None,-9572000,None,0,None,53000,53000,None,None,None,None,1183000,None,-8336000,-8336000,None,USD,36717000,75000,None,5700000,64322000,-27605000,None,5651000,3000,-206500000,16435000,None,1789000,15549000,17638000,None,None,None,12406000,22447000,None,-27680000,None,216000,25000000,None,2495000,None,None,None,None,None,-155000,None,1789000,None,14270000,6405000,None,27440000,46684000,None,None,None,179047000,None,15549000,None,26000000,USD,-5000,438000,-5000,None,956000,261000,-51000,-2425000,-8336000,-10239000,-10495000,None,510000,None,271000,None,-216000,-466000,5000,None,None,None,2.58,3.16
4,2019-06-30,USD,1101000,9500000,2273000,-1172000,-17579000,-18098000,6189000,None,-18098000,None,3311000,None,-8399000,None,1000,None,68000,67000,None,None,None,None,-9766000,None,-18098000,-18098000,None,USD,47509000,75000,None,8335000,67725000,-20216000,None,8286000,3000,-198164000,19406000,None,2533000,22438000,17924000,None,None,None,12891000,32010000,None,-20291000,None,None,25000000,None,957000,None,None,None,None,None,-155000,None,2533000,None,15499000,6546000,None,28151000,49801000,None,None,None,178100000,None,22438000,None,26000000,USD,-16000,-1636000,-16000,None,25000000,25000000,-51000,9026000,-18098000,26168000,1184000,None,518000,None,10000,None,-216000,11374000,16000,None,None,None,2.7,2.58
5,2019-03-31,USD,1100000,7821000,772000,328000,-6522000,-6637000,4827000,None,-6637000,None,2994000,None,-6721000,None,0,None,28000,28000,None,None,None,None,-332000,None,-7025000,-6637000,None,USD,21793000,75000,None,49000,24156000,-2363000,None,4401000,3000,-180066000,7889000,None,1040000,6077000,10723000,1139000,1139000,None,13490000,7188000,None,-2438000,None,None,5544000,None,1510000,None,None,None,None,None,-155000,None,1040000,None,14605000,6683000,None,335000,13433000,None,None,None,177855000,None,6077000,None,26000000,USD,-17000,3602000,-17000,None,25000000,10000,None,208000,-6637000,-2117000,-2110000,None,503000,None,10000,None,-216000,602000,17000,None,None,None,0.955,2.7
6,2018-12-31,USD,4036000,7549000,1240000,2796000,-3513000,7153000,3597000,0,7153000,0,2712000,None,-3513000,0,-262000,None,None,None,0,0,0,0,10666000,0,7153000,7153000,None,USD,26362000,75000,None,49000,21164000,5198000,None,4401000,3000,-172327000,4095000,None,1069000,8194000,9061000,None,None,None,15868000,9350000,None,5123000,None,None,7998000,None,1250000,None,None,None,None,None,-155000,None,None,None,None,None,8008000,None,None,None,None,None,177677000,None,8194000,None,26000000,USD,None,1236000,-230000,49000,-3000,10000,1000,-2097000,7153000,-3979000,-3749000,None,430000,None,35685000,None,-216000,-10471000,238000,None,None,None,0.83,0.955
7,2018-09-30,USD,648000,8992000,2196000,-1548000,-8344000,-7031000,3501000,0,-7031000,0,3295000,None,-8344000,0,-262000,None,None,None,0,0,0,0,1313000,0,-7031000,-7031000,None,USD,29695000,0,None,633000,31991000,-2296000,0,2595000,3000,-179480000,16176000,0,760000,12173000,7804000,None,None,None,16129000,12806000,None,-2296000,0,None,8011000,0,386000,0,0,0,0,0,-155000,None,None,None,None,None,None,None,None,None,None,None,None,None,None,None,26000000,USD,None,-1302000,-465000,0,-3000,13000,1000,543000,-7031000,-8811000,-8359000,None,425000,0,0,0,0,-994000,466000,None,None,None,2.79,0.83
8,2018-06-30,USD,649000,8796000,2074000,-1425000,-8147000,-7578000,4102000,0,-7578000,0,2620000,None,-8147000,0,-261000,None,None,None,0,0,0,0,569000,0,-7578000,-7578000,None,USD,38711000,0,None,370000,34359000,4352000,0,2595000,3000,-172449000,18185000,0,775000,20984000,8160000,8025000,8025000,None,16327000,21609000,None,4352000,0,None,8014000,0,1056000,0,0,0,0,0,-155000,None,None,None,None,None,None,None,None,None,None,None,None,None,None,None,26000000,USD,None,-475000,-223000,0,-3000,-24000,-26000,848000,-7578000,-7116000,-6869000,None,408000,0,0,0,0,-72000,263000,None,None,None,2.94,2.79
9,2018-03-31,USD,658000,8671000,1883000,-1225000,-8013000,-5217000,4452000,0,-5217000,0,2336000,None,-8013000,0,-262000,None,None,None,0,0,0,0,2796000,0,-5217000,-5217000,None,USD,46302000,0,None,370000,34923000,11379000,5294000,2638000,3000,-164871000,19542000,0,790000,28100000,7364000,8028000,8028000,None,16474000,29038000,None,11379000,0,None,8017000,0,828000,0,0,0,0,0,-155000,None,None,None,None,None,None,None,None,None,None,None,None,None,None,None,25000000,USD,None,-292000,-140000,0,-2000,35364000,-296000,-1869000,-5217000,25576000,-9648000,None,401000,0,0,0,0,-2671000,140000,None,None,None,2.93,2.94
10,2017-12-31,USD,621000,58565000,8177000,-8278000,-19841000,-29177000,6111000,0,-36621000,0,13113000,None,-28100000,0,261000,None,None,None,0,0,0,0,-1077000,0,-24017000,-24017000,None,USD,21134000,75000,None,1180000,23356000,-1716000,0,7928000,2000,-159654000,6919000,0,806000,2524000,8418000,8030000,8030000,None,16624000,3704000,None,-1791000,0,None,8019000,0,479000,0,0,0,0,0,-155000,None,None,None,None,None,None,None,None,None,None,None,None,None,None,None,16000000,USD,None,6054000,-2142000,0,-10000,-88000,-159000,-4516000,-36621000,-32087000,-29857000,None,1423000,0,0,0,0,3803000,2168000,None,None,None,4.22,2.93
11,2017-09-30,USD,867000,-30137000,7564000,0,-41431000,2443000,5193000,0,0,0,0,None,2449000,0,262000,None,None,None,0,0,0,0,-6000,0,-37538000,-37538000,None,USD,29098000,75000,None,580000,23897000,5201000,7451000,7476000,2000,-151971000,7451000,0,820000,10960000,8424000,8033000,8033000,None,16738000,11540000,None,5126000,0,None,8022000,0,937000,0,0,0,0,0,-155000,None,None,None,None,None,None,None,None,None,None,None,None,None,None,None,16000000,USD,None,-962000,-1799000,0,-2000,40000,-20000,-327000,-28938000,-8107000,-21892000,None,0,0,0,0,0,880000,1807000,None,None,None,5.61,4.22
12,2017-06-30,USD,717000,9523000,9238000,0,37574000,1720000,6962000,0,0,0,0,None,1723000,0,262000,None,None,None,0,0,0,0,-3000,0,36541000,36541000,None,USD,37461000,75000,None,629000,25720000,11741000,7709000,8625000,2000,-144527000,7709000,0,827000,19067000,9986000,8035000,8035000,None,16938000,19696000,None,11666000,0,None,8025000,0,1351000,0,0,0,0,0,-155000,None,None,None,None,None,None,None,None,None,None,None,None,None,None,None,16000000,USD,None,-1214000,-1143000,0,-3000,29000,-20000,-585000,-21494000,-11021000,-14430000,None,0,0,0,0,0,880000,1143000,None,None,None,4.03,5.61
13,2017-03-31,USD,324000,0,10532000,0,-11607000,-11607000,6946000,0,0,0,0,None,-11377000,0,262000,None,None,None,0,0,0,0,-230000,0,-11607000,-11607000,None,USD,48572000,75000,None,1029000,27840000,20732000,8310000,9490000,2000,-134640000,8310000,0,909000,30088000,11502000,10000,10000,None,16546000,31117000,None,20657000,0,None,8028000,0,2002000,0,0,0,0,0,-155000,None,None,None,None,None,None,None,None,None,None,None,None,None,None,None,16000000,USD,None,6458000,-578000,0,-2000,19000,None,-366000,-11607000,-4523000,-3964000,None,0,0,0,0,0,1252000,578000,None,None,None,6.38,4.03
14,2016-12-31,USD,0,59826000,37957000,-37957000,-59826000,-13061000,9128000,0,-59699000,0,12956000,None,-13138000,0,443000,None,None,None,0,0,0,0,127000,0,-59699000,-59699000,None,USD,52473000,75000,None,958000,21407000,31066000,0,10237000,2000,-123033000,7998000,0,614000,34611000,13377000,8040000,8040000,None,16290000,35569000,None,30991000,0,None,8030000,0,3130000,0,0,0,0,0,-155000,None,None,None,None,None,None,None,None,None,None,None,None,None,None,None,6000000,USD,None,8541000,-6218000,0,-166000,44309000,-7270000,7122000,-59699000,-11077000,-49168000,None,757000,0,0,0,0,1280000,6143000,None,None,None,27.02,6.38
15,2016-09-30,USD,0,0,0,0,0,-46638000,14988000,0,0,0,17294000,None,-46688000,0,0,None,None,None,0,0,0,0,0,0,0,0,None,USD,70433000,75000,None,457000,27019000,43414000,0,14199000,2000,-109972000,None,0,614000,55664000,19233000,None,None,None,13698000,56121000,None,None,0,None,7786000,0,5024000,0,0,0,0,0,-155000,None,None,None,None,None,None,None,None,None,None,None,None,None,None,None,3000000,USD,None,12384000,-3485000,0,None,46084000,None,None,-46638000,None,-32623000,None,0,0,0,0,0,None,3410000,None,None,None,20.18,27.02
16,2016-06-30,USD,0,0,0,0,0,0,14468000,0,0,0,17733000,None,0,0,0,None,None,None,0,0,0,0,0,0,0,0,None,USD,32734000,75000,None,2919000,16768000,15966000,None,10146000,None,None,None,None,615000,19602000,11628000,None,None,None,9598000,None,None,None,None,None,5140000,None,1476000,None,None,None,104798000,None,-155000,None,None,None,None,None,None,None,None,None,None,None,None,None,None,None,2000000,USD,None,6162000,None,None,None,None,None,None,None,None,None,None,None,None,None,None,None,None,2333000,None,None,None,nan,20.18
17,2016-03-31,USD,0,0,0,0,0,0,7905000,0,0,0,11086000,None,0,0,0,None,None,None,0,0,0,0,0,0,0,0,None,USD,None,None,None,None,None,None,None,None,None,None,None,None,None,None,None,None,None,None,None,None,None,None,None,None,None,None,None,None,None,None,None,None,None,None,None,None,None,None,None,None,None,None,None,None,None,None,None,None,2000000,USD,None,None,None,None,None,None,None,None,None,None,None,None,None,None,None,None,None,None,0,None,None,None,nan,nan
18,2015-12-31,USD,0,25834000,11685000,-11685000,-25834000,-28060000,6694000,0,-25786000,0,9922000,None,-25834000,0,-1048000,None,None,None,0,0,0,0,48000,-2274000,-25786000,-28060000,None,USD,49816000,None,None,1245000,5099000,44717000,None,3463000,None,-63334000,None,None,539000,45688000,5095000,10000,10000,None,2344000,46933000,None,-60081000,None,None,4000,None,1626000,None,None,None,104798000,None,None,None,None,None,None,None,None,None,None,None,None,None,None,None,None,None,None,USD,None,3042000,-1890000,-678000,-6000,62351000,-5200000,1583000,-28060000,38269000,-22192000,None,631000,-5200000,458000,None,None,2829000,1212000,None,None,None,nan,nan
19,2015-09-30,USD,0,0,0,0,0,0,3177000,0,0,0,5460000,None,0,0,-1000,None,None,None,0,0,0,0,0,0,0,0,None,USD,None,None,None,None,None,None,None,None,None,None,None,None,None,None,None,None,None,None,None,None,None,None,None,None,None,None,None,None,None,None,None,None,None,None,None,None,None,None,None,None,None,None,None,None,None,None,None,None,2000000,USD,None,None,None,None,None,None,None,None,None,None,None,None,None,None,None,None,None,None,0,None,None,None,nan,nan
