,fiscalDateEnding,reportedCurrency_x,totalRevenue,totalOperatingExpense,costOfRevenue,grossProfit,ebit,netIncome_x,researchAndDevelopment,effectOfAccountingCharges,incomeBeforeTax,minorityInterest,sellingGeneralAdministrative,otherNonOperatingIncome,operatingIncome,otherOperatingExpense,interestExpense,taxProvision,interestIncome,netInterestIncome,extraordinaryItems,nonRecurring,otherItems,incomeTaxExpense,totalOtherIncomeExpense,discontinuedOperations,netIncomeFromContinuingOperations,netIncomeApplicableToCommonShares,preferredStockAndOtherAdjustments,reportedCurrency_y,totalAssets,intangibleAssets,earningAssets,otherCurrentAssets,totalLiabilities,totalShareholderEquity,deferredLongTermLiabilities,otherCurrentLiabilities,commonStock,retainedEarnings,otherLiabilities,goodwill,otherAssets,cash,totalCurrentLiabilities,shortTermDebt,currentLongTermDebt,otherShareholderEquity,propertyPlantEquipment,totalCurrentAssets,longTermInvestments,netTangibleAssets,shortTermInvestments,netReceivables,longTermDebt,inventory,accountsPayable,totalPermanentEquity,additionalPaidInCapital,commonStockTotalEquity,preferredStockTotalEquity,retainedEarningsTotalEquity,treasuryStock,accumulatedAmortization,otherNonCurrrentAssets,deferredLongTermAssetCharges,totalNonCurrentAssets,capitalLeaseObligations,totalLongTermDebt,otherNonCurrentLiabilities,totalNonCurrentLiabilities,negativeGoodwill,warrants,preferredStockRedeemable,capitalSurplus,liabilitiesAndShareholderEquity,cashAndShortTermInvestments,accumulatedDepreciation,commonStockSharesOutstanding,reportedCurrency,investments,changeInLiabilities,cashflowFromInvestment,otherCashflowFromInvestment,netBorrowings,cashflowFromFinancing,otherCashflowFromFinancing,changeInOperatingActivities,netIncome_y,changeInCash,operatingCashflow,otherOperatingCashflow,depreciation,dividendPayout,stockSaleAndPurchase,changeInInventory,changeInAccountReceivables,changeInNetIncome,capitalExpenditures,changeInReceivables,changeInExchangeRate,changeInCashAndCashEquivalents,clossingVal,nextClossingVal
0,2020-06-30,USD,144728000,45001000,86026000,58702000,13397000,11660000,14440000,None,11696000,None,24908000,-304000,13701000,5653000,1701000,36000,None,-1701000,None,None,None,36000,-2547000,None,11660000,11660000,None,USD,861027000,152170000,None,17143000,429129000,431898000,26028000,4875000,423856000,-14712000,48312000,273817000,15087000,97494000,129277000,5054000,5054000,-22584000,75276000,310377000,None,5911000,None,88360000,211946000,107380000,119348000,None,None,423856000,None,-14712000,None,None,37295000,None,12092000,53732000,211946000,61878000,299852000,None,None,None,45338000,861027000,97494000,None,35155000,USD,-2171000,-5299000,-2171000,150000,-1604000,-8933000,-7329000,1859000,11660000,22713000,33817000,7253000,9437000,None,0,4028000,1829000,4909000,2321000,1829000,None,22713000,106.77,
1,2020-03-31,USD,155468000,51195000,91023000,64445000,13587000,11947000,15334000,None,11909000,None,30755000,337000,13250000,3445000,1678000,-38000,None,-1678000,None,1661000,None,-38000,-1324000,None,11947000,11947000,None,USD,841968000,155498000,None,21625000,428865000,413103000,24855000,4646000,423856000,-26372000,47327000,268719000,11754000,73701000,135416000,4871000,4871000,-24182000,74780000,296885000,None,-11114000,None,89556000,206752000,112003000,125899000,None,None,423856000,None,-26372000,None,None,37437000,8649000,545083000,53146000,206752000,61842000,293449000,None,None,None,39801000,841968000,73701000,None,35122000,USD,-5101000,-5632000,-5101000,-2782000,-2530000,-16045000,-8015000,414000,11947000,-3391000,17755000,-3899000,9330000,None,-5500000,1919000,343000,3747000,2319000,343000,None,-3391000,79.88,106.77
2,2019-12-31,USD,159702000,52977000,93742000,65960000,11691000,9217000,14769000,None,9555000,None,29430000,-1292000,12983000,-2250000,2136000,338000,-3371000,-2136000,None,11028000,None,338000,-5953000,None,9217000,9217000,None,USD,869736000,166175000,None,17872000,452564000,417172000,26676000,5043000,423856000,-38319000,53431000,274710000,11603000,78944000,134846000,5031000,5031000,-18113000,77556000,304512000,None,-23713000,None,91078000,215334000,116618000,124772000,None,None,423856000,None,-38319000,None,None,37893000,8890000,565224000,53996000,215334000,75708000,317718000,None,None,None,49748000,869736000,78944000,None,35052000,USD,-2792000,-3426000,-2792000,-42000,-12581000,-16314000,-417000,1434000,9217000,16299000,35405000,7540000,10326000,None,-3316000,347000,8547000,2854000,2792000,8547000,1240000,17539000,88.44,79.88
3,2019-09-30,USD,154066000,51253000,90012000,64054000,13140000,8923000,13811000,None,10987000,None,27926000,339000,12801000,3970000,2153000,2064000,None,-2153000,None,5546000,None,2064000,-5207000,None,8923000,8923000,None,USD,857960000,168078000,None,18216000,455083000,402877000,28980000,5065000,423856000,-47536000,55522000,268741000,12672000,61405000,124913000,None,None,-24611000,76122000,296860000,None,-33942000,None,98666000,227507000,118573000,119848000,None,None,423856000,None,-47536000,None,None,38221000,9938000,561100000,52206000,227507000,73683000,330170000,None,None,None,51168000,857960000,61405000,None,35089000,USD,-26608000,-5760000,-26608000,-24258000,18481000,15177000,41000,685000,8923000,-4441000,6990000,842000,9840000,None,-3345000,418000,-8997000,1724000,2350000,-8997000,-247000,-4688000,81.72,88.44
4,2019-06-30,USD,155145000,50677000,89363000,65782000,15062000,10380000,13388000,None,12902000,None,29204000,-43000,15105000,8085000,2160000,2522000,None,-2160000,None,None,None,2522000,-4356000,None,10380000,10380000,None,USD,783373000,152775000,None,16690000,397191000,386182000,23429000,5225000,423856000,-56459000,42212000,230371000,12053000,66093000,98545000,None,None,-22280000,64630000,284911000,None,3036000,None,88831000,214562000,113297000,93320000,None,None,423856000,None,-56459000,None,None,40824000,9862000,498462000,47097000,214562000,60655000,298646000,None,None,None,41065000,783373000,66093000,None,34972000,USD,-32039000,-4054000,-32039000,-28867000,12143000,7832000,-972000,622000,10380000,-8811000,15396000,803000,9040000,None,-3339000,-5591000,2253000,2565000,3172000,2253000,830000,-7981000,94.3,81.72
5,2019-03-31,USD,157186000,51896000,90897000,66289000,14366000,12253000,13997000,None,12322000,None,31847000,-27000,14393000,6052000,2044000,69000,None,-2044000,None,None,None,69000,-2081000,None,12253000,12253000,None,USD,752660000,136629000,None,16265000,372959000,379701000,22534000,5198000,423856000,-66839000,34934000,217625000,11718000,74074000,101089000,2240000,2240000,-20171000,64754000,286560000,None,25447000,None,89437000,198203000,106784000,93651000,None,None,423856000,None,-66839000,None,None,37548000,9544000,466100000,37006000,198203000,51133000,271870000,None,None,None,42855000,752660000,74074000,None,34998000,USD,-2405000,-6526000,-2405000,24000,-4600000,-10630000,-6030000,581000,12253000,-7578000,5457000,-4593000,9074000,None,None,-2571000,-5403000,3223000,2429000,-5403000,-391000,-7969000,84.73,94.3
6,2018-12-31,USD,156178000,48830000,91672000,64506000,16074000,11644000,13280000,0,13575000,-435000,28302000,398000,15676000,7248000,2499000,1931000,None,None,0,0,0,1931000,-5289000,0,11644000,11644000,None,USD,719576000,142920000,None,11007000,351321000,368255000,22632000,23393000,423856000,-79092000,37464000,217662000,11761000,82043000,104196000,4535000,4535000,-22527000,65464000,281769000,None,7673000,None,83955000,202843000,104764000,99661000,None,None,423856000,None,-79092000,None,None,2269000,9492000,437807000,None,202843000,21650000,247125000,None,None,None,46018000,719576000,82043000,None,34886000,USD,None,1137000,-3333000,-320000,-45169000,-47890000,-636000,529000,11644000,-29296000,21927000,1460000,9666000,None,-2085000,-6562000,4591000,-9000,3013000,4591000,-475000,-29771000,63.0,84.73
7,2018-09-30,USD,160794000,48639000,91160000,69634000,21017000,14554000,13204000,0,18621000,435000,29147000,22000,20995000,6288000,2396000,None,None,None,0,0,0,3632000,-4715000,0,14989000,14554000,None,USD,759436000,150648000,None,13522000,399760000,359676000,24920000,27139000,423856000,-90736000,43965000,219772000,9638000,111814000,108502000,9131000,9131000,-19384000,66204000,313174000,None,-10744000,0,88921000,247293000,98917000,99371000,0,0,423856000,0,-90736000,0,None,1579000,8059000,446262000,None,247293000,19045000,291258000,None,None,None,45940000,759436000,111814000,None,34916000,USD,None,15195000,-7625000,-3239000,17618000,-14986000,32000,450000,14989000,4744000,27355000,2303000,9199000,0,-32636000,-2497000,-12273000,439000,4386000,-12273000,-191000,4553000,68.4,63.0
8,2018-06-30,USD,150400000,48114000,85171000,65229000,17246000,11000000,12551000,0,14685000,625000,29231000,131000,17115000,6332000,2561000,None,None,None,0,-25000,0,3060000,-4869000,0,11625000,11000000,None,USD,741761000,154714000,None,15356000,365789000,324366000,25541000,24140000,423856000,-112167000,44485000,218324000,8322000,107261000,92998000,9127000,9127000,-19117000,64660000,295741000,None,2934000,0,76747000,228306000,96377000,83871000,0,0,423856000,0,-112167000,0,None,1575000,6747000,446020000,None,228306000,18944000,272791000,None,51606000,None,31794000,741761000,107261000,None,34671000,USD,None,1263000,-31751000,-27425000,13598000,11032000,-637000,-318000,11625000,-763000,19956000,-4855000,9120000,0,-1929000,879000,1105000,819000,4326000,1105000,-3103000,-3866000,62.3,68.4
9,2018-03-31,USD,146965000,44932000,84806000,62159000,16779000,11911000,11989000,0,14421000,926000,29220000,-448000,17227000,3723000,2358000,None,None,None,0,25000,0,1584000,-2831000,0,12837000,11911000,None,USD,733748000,151816000,None,11221000,360221000,318611000,26060000,25767000,423856000,-123470000,44512000,213822000,8444000,111127000,91611000,9123000,9123000,-14325000,61591000,298075000,None,7889000,0,76915000,224098000,98812000,82488000,0,0,423856000,0,-123470000,0,None,1615000,6829000,435673000,None,224098000,18452000,268610000,None,54916000,None,32550000,733748000,111127000,None,34685000,USD,None,-6357000,-2881000,52000,-5442000,-8320000,-2878000,-237000,12837000,9208000,20409000,3681000,9067000,0,0,-7423000,5421000,3183000,2933000,5421000,1862000,11070000,52.15,62.3
10,2017-12-31,USD,146918000,43147000,84677000,62241000,18861000,8865000,11795000,0,16570000,812000,27359000,-233000,19094000,3993000,2291000,None,None,None,0,6053000,0,6893000,6643000,0,9677000,8865000,None,USD,726703000,155048000,None,15062000,368235000,311545000,25672000,43314000,423856000,-127740000,10948000,210988000,377106000,100057000,98168000,9119000,9119000,-17880000,61718000,287879000,None,-7568000,0,81482000,225500000,91278000,89049000,0,33309000,423856000,0,-127740000,0,None,4018000,7052000,438824000,None,225500000,18895000,270067000,None,46923000,None,33309000,726703000,100057000,None,34595000,USD,None,3018000,-2590000,2000,-10671000,-11768000,-1097000,-4898000,9677000,7733000,22091000,-53032000,8318000,0,0,-1781000,-2077000,1479000,2592000,1782000,175000,7908000,50.0,52.15
11,2017-09-30,USD,146296000,46434000,87589000,58707000,11608000,7532000,11659000,0,9497000,834000,27724000,-665000,12273000,7051000,2111000,None,None,None,0,1542000,0,1131000,0,0,8366000,7532000,None,USD,722308000,157938000,None,16360000,376323000,309147000,27106000,40940000,423856000,-127660000,11428000,207720000,381686000,92149000,95807000,9115000,9115000,-19332000,60244000,280378000,None,-19673000,0,83008000,234188000,88861000,86692000,0,0,423856000,0,-127660000,0,None,4256000,11772000,441930000,None,234188000,19222000,280516000,None,36838000,None,32283000,722308000,92149000,None,34583000,USD,None,-3436000,-136885000,-133500000,127010000,126810000,-200000,-1157000,8366000,1690000,11765000,7148000,8864000,0,0,-897000,3859000,1585000,3385000,-1499000,1333000,3023000,43.6,50.0
12,2017-06-30,USD,119102000,37873000,65613000,53489000,16114000,9402000,9004000,0,14679000,588000,23941000,498000,15616000,4928000,1435000,None,None,None,0,-870000,0,4689000,0,0,9990000,9402000,None,USD,549613000,100993000,None,10656000,217709000,304546000,8551000,33998000,423856000,-127611000,13731000,151538000,267420000,89126000,83349000,7371000,119449000,-22598000,36503000,245690000,None,79373000,0,69112000,104176000,76796000,75978000,0,0,423856000,0,-127611000,0,None,3868000,11021000,303923000,None,104176000,21633000,134360000,None,27358000,None,30899000,549613000,89126000,None,34580000,USD,None,4560000,-1249000,108000,-7060000,-7185000,-125000,-92000,9990000,8328000,16762000,8334000,7094000,0,0,-6495000,2360000,1939000,1357000,1330000,784000,9112000,36.0,43.6
13,2017-03-31,USD,108974000,35882000,62880000,46094000,36716000,34252000,9215000,0,35388000,22000,23001000,26504000,10212000,3666000,1328000,None,None,None,0,817000,0,1114000,0,0,34274000,34252000,None,USD,535266000,104363000,None,8879000,218975000,294196000,8254000,30941000,423856000,-133295000,13904000,150278000,268489000,80014000,77945000,7368000,7368000,-26070000,36792000,229985000,None,61650000,0,70073000,110865000,71019000,70577000,0,0,423856000,0,-133295000,0,None,3835000,10013000,305281000,None,110865000,21911000,141030000,None,22095000,None,29705000,535266000,80014000,None,34546000,USD,None,4851000,-36656000,-34896000,39910000,35473000,-4067000,-185000,34274000,11577000,12760000,35124000,6482000,0,-370000,-4414000,3690000,-25593000,1760000,-3690000,329000,11906000,26.55,36.0
14,2016-12-31,USD,98879000,31522000,56027000,42852000,13171000,7756000,7973000,0,12083000,46923000,19334000,1841000,11330000,4215000,1088000,None,None,None,0,13232000,0,4327000,-9459000,0,7756000,7756000,None,USD,425637000,61743000,None,7628000,166767000,258870000,1294000,26948000,423856000,-167547000,16312000,108128000,190966000,68108000,70496000,7366000,7366000,-27715000,35421000,199250000,8500000,88999000,0,63769000,70554000,59745000,63130000,0,30276000,423856000,0,-167547000,0,None,12502000,8593000,226387000,None,70554000,24423000,96271000,None,None,None,30276000,425637000,68108000,None,34458000,USD,None,4480000,-5443000,-3986000,-997000,-2059000,-1243000,-3509000,7756000,5579000,13081000,9000,5040000,0,181000,-1447000,-6394000,-46000,1457000,-2711000,-2210000,3369000,21.0,26.55
15,2016-09-30,USD,97829000,30164000,56617000,41212000,11922000,7470000,7961000,0,10841000,0,20972000,874000,11048000,1231000,1081000,None,None,None,0,-3076000,0,3371000,0,0,7470000,7470000,None,USD,416737000,60871000,None,5621000,159537000,257200000,42000,30074000,423856000,-175303000,11940000,108337000,185560000,64739000,66892000,7365000,7365000,-20610000,34911000,196266000,None,87992000,0,66292000,72267000,59614000,59527000,0,0,423856000,0,-175303000,0,None,10466000,5886000,220471000,None,72267000,20336000,92645000,None,None,None,29257000,416737000,64739000,None,34439000,USD,None,3427000,1688000,3406000,-7571000,-8193000,-337000,-966000,7470000,4411000,10916000,-966000,5164000,0,-285000,137000,3683000,-46000,1718000,-4270000,-169000,4242000,17.35,21.0
16,2016-06-30,USD,97734000,33898000,56238000,41496000,8575000,4871000,8016000,0,7370000,0,20198000,977000,7598000,5684000,1205000,None,None,None,0,-5169000,0,2499000,0,0,4871000,4871000,None,USD,413885000,64020000,None,4944000,164296000,249589000,42000,28904000,423856000,-182773000,12686000,108253000,188750000,60497000,63806000,7371000,7371000,-20385000,37647000,187488000,None,77316000,0,62066000,79164000,59981000,56435000,0,0,423856000,0,-182773000,0,None,10014000,6463000,226397000,None,79164000,21284000,100490000,None,None,None,28891000,413885000,60497000,None,34431000,USD,None,1381000,-12278000,-9332000,-7988000,-9488000,-151000,-1884000,4871000,-6273000,15493000,-3776000,4924000,0,-1349000,1912000,587000,2549000,2946000,1726000,-1122000,-7395000,15.15,17.35
17,2016-03-31,USD,90316000,34305000,53424000,36892000,3413000,1906000,8052000,0,2228000,0,21187000,826000,2587000,5066000,1185000,None,None,None,0,2958000,0,322000,0,0,1906000,1906000,None,USD,416531000,62968000,None,4633000,169315000,247216000,556000,24274000,423856000,-187644000,12709000,103413000,184910000,67892000,60332000,7395000,7395000,-18316000,36195000,195426000,None,80835000,0,61137000,86763000,61764000,52937000,0,0,423856000,0,-187644000,0,None,10563000,7966000,221105000,None,86763000,21664000,108983000,None,None,None,29320000,416531000,67892000,None,34516000,USD,None,1302000,3168000,5509000,-2217000,-3449000,-1232000,-822000,1906000,8017000,8298000,1686000,5229000,0,0,-3519000,1139000,4739000,2341000,-1139000,-84000,7933000,14.16,15.15
18,2015-12-31,USD,90219000,32415000,53590000,36629000,28007000,6103000,7295000,0,5935000,46923000,39992000,23793000,4214000,6040000,1160000,None,None,None,0,8254000,0,-168000,8620000,-13000,6103000,6103000,None,USD,416045000,66269000,None,5989000,171344000,244701000,449000,21182000,423856000,-189550000,16343000,103456000,190283000,59959000,56953000,7385000,7385000,-18830000,40550000,185212000,10100000,74976000,0,59698000,88426000,59566000,49568000,244701000,244701000,423856000,244701000,-189550000,-244701000,None,12673000,7885000,230833000,None,88426000,25516000,114391000,None,None,None,29225000,416045000,59959000,None,34345000,USD,None,-4435000,-14167000,-12726000,-11461000,-13091000,-1000000,-1163000,6103000,-19305000,7953000,-27030000,5026000,0,-630000,2014000,-7526000,-2733000,1441000,-530000,-825000,-20130000,nan,14.16
19,2015-09-30,USD,92271000,30903000,49510000,39910000,9390000,6568000,7693000,0,9020000,0,19101000,383000,9007000,3231000,1248000,None,None,None,0,0,0,2452000,0,0,6568000,6568000,None,USD,425900000,64240000,None,5361000,185917000,239983000,2509000,22096000,423856000,-195653000,14238000,98358000,176054000,80089000,59986000,7374000,None,-17691000,37596000,212250000,None,77385000,0,65532000,109184000,61268000,52612000,239983000,239983000,423856000,239983000,-195653000,-239983000,None,12163000,1293000,213650000,None,100084000,23338000,125931000,None,None,None,29471000,425900000,80089000,None,None,USD,None,-582000,-3024000,-1046000,-6941000,-8444000,-144000,None,6568000,-198000,10908000,5536000,4703000,0,-997000,-1511000,6996000,4515000,1978000,-1753000,-764000,-962000,nan,nan
