,fiscalDateEnding,reportedCurrency_x,totalRevenue,totalOperatingExpense,costOfRevenue,grossProfit,ebit,netIncome_x,researchAndDevelopment,effectOfAccountingCharges,incomeBeforeTax,minorityInterest,sellingGeneralAdministrative,otherNonOperatingIncome,operatingIncome,otherOperatingExpense,interestExpense,taxProvision,interestIncome,netInterestIncome,extraordinaryItems,nonRecurring,otherItems,incomeTaxExpense,totalOtherIncomeExpense,discontinuedOperations,netIncomeFromContinuingOperations,netIncomeApplicableToCommonShares,preferredStockAndOtherAdjustments,reportedCurrency_y,totalAssets,intangibleAssets,earningAssets,otherCurrentAssets,totalLiabilities,totalShareholderEquity,deferredLongTermLiabilities,otherCurrentLiabilities,commonStock,retainedEarnings,otherLiabilities,goodwill,otherAssets,cash,totalCurrentLiabilities,shortTermDebt,currentLongTermDebt,otherShareholderEquity,propertyPlantEquipment,totalCurrentAssets,longTermInvestments,netTangibleAssets,shortTermInvestments,netReceivables,longTermDebt,inventory,accountsPayable,totalPermanentEquity,additionalPaidInCapital,commonStockTotalEquity,preferredStockTotalEquity,retainedEarningsTotalEquity,treasuryStock,accumulatedAmortization,otherNonCurrrentAssets,deferredLongTermAssetCharges,totalNonCurrentAssets,capitalLeaseObligations,totalLongTermDebt,otherNonCurrentLiabilities,totalNonCurrentLiabilities,negativeGoodwill,warrants,preferredStockRedeemable,capitalSurplus,liabilitiesAndShareholderEquity,cashAndShortTermInvestments,accumulatedDepreciation,commonStockSharesOutstanding,reportedCurrency,investments,changeInLiabilities,cashflowFromInvestment,otherCashflowFromInvestment,netBorrowings,cashflowFromFinancing,otherCashflowFromFinancing,changeInOperatingActivities,netIncome_y,changeInCash,operatingCashflow,otherOperatingCashflow,depreciation,dividendPayout,stockSaleAndPurchase,changeInInventory,changeInAccountReceivables,changeInNetIncome,capitalExpenditures,changeInReceivables,changeInExchangeRate,changeInCashAndCashEquivalents,clossingVal,nextClossingVal
0,2020-06-30,USD,34588000,22674000,None,34588000,11914000,9900000,None,None,11914000,None,22674000,None,11914000,1642000,1547000,2014000,18874000,17327000,None,None,None,2014000,None,None,9900000,9900000,None,USD,2016705000,1053000,401589000,None,1809782000,206923000,None,1737359000,6368000,155998000,28199000,15017000,1468770000,91840000,1737359000,None,None,-449000,39055000,114110000,1748870000,190853000,202347000,22270000,22064000,None,None,None,None,6368000,None,155998000,None,None,91395000,None,1895390000,13121000,22064000,50359000,72423000,None,None,None,45006000,2016705000,91840000,None,6368046,USD,-281623000,-344000,-281333000,833000,-25123000,314574000,341867000,-1467000,9900000,3602000,-29639000,1123000,781000,-2164000,-6000,None,-3382000,-45679000,543000,3382000,None,3602000,25.14,
1,2020-03-31,USD,20063000,18787000,None,20063000,1276000,1033000,None,None,1276000,None,18787000,None,1276000,1626000,1649000,243000,17217000,15568000,None,None,None,243000,None,None,1033000,1033000,None,USD,1691262000,1065000,420852000,None,1493539000,197723000,None,1395492000,6366000,148286000,26387000,15017000,1115238000,89122000,1395492000,None,None,-1705000,39293000,124445000,1416073000,181641000,268959000,35323000,47187000,None,None,None,None,6366000,None,148286000,None,None,88164000,None,1559612000,13685000,47187000,50860000,98047000,None,None,None,44776000,1691262000,89122000,None,6366100,USD,-31484000,975000,-35291000,-2175000,27986000,42618000,23141000,-2211000,1033000,-9614000,-16941000,3186000,761000,-2199000,-6310000,None,-495000,98000,1632000,495000,None,-9614000,27.0,25.14
2,2019-12-31,USD,26295000,19440000,None,26295000,6855000,4580000,None,None,5680000,None,20615000,None,6855000,-1175000,-64442000,1100000,18010000,16358000,None,None,None,1100000,470000,None,4580000,4580000,None,USD,1643996000,1077000,428961000,74146000,1436879000,207117000,None,1372351000,6559000,149615000,28077000,15017000,1034901000,97562000,1372351000,187000,187000,431000,45465000,417938000,1092117000,191023000,284083000,36293000,19201000,7274000,1372351000,None,None,6559000,None,149615000,None,None,72376000,None,1226052000,14229000,19201000,45327000,64528000,None,None,None,50512000,1643996000,381645000,None,6558809,USD,-36818000,-1179000,-37405000,34000,-42000,19121000,21322000,1959000,4580000,3236000,21520000,5766000,1190000,-2232000,73000,None,286000,10877000,621000,286000,None,3236000,38.3,27.0
3,2019-09-30,USD,28890000,19324000,None,28890000,9566000,7538000,None,None,9566000,None,19324000,None,9566000,1660000,1531000,2028000,17704000,16173000,None,None,None,2028000,-86000,None,7538000,7538000,None,USD,1616631000,1092000,396204000,85842000,1412592000,204039000,None,1351029000,6540000,147217000,24177000,15017000,1067952000,94328000,1351029000,None,None,-134000,38556000,119207000,1356622000,187930000,257270000,24879000,19243000,7043000,1351029000,None,None,6540000,None,147217000,None,None,79094000,None,1490381000,14224000,19243000,42320000,61563000,None,None,None,50416000,1616631000,94328000,None,6539796,USD,-28479000,0,-28479000,-71000,911000,54422000,62851000,9341000,7538000,21357000,-4586000,6555000,1059000,-2174000,-7166000,None,-6000,-22655000,268000,-6000,None,21357000,39.67,38.3
4,2019-06-30,USD,25526000,19407000,None,25226000,5407000,4261000,None,None,5407000,None,15806000,None,5819000,1507000,1349000,1146000,17178000,15829000,None,None,None,1146000,-412000,None,4261000,4261000,None,USD,1552770000,11943000,366956000,63431000,1346432000,206338000,None,1288178000,6729000,141878000,22354000,15017000,1053666000,70831000,1291803000,None,None,497000,54079000,96850000,257902000,190214000,249986000,23950000,17468000,7043000,1288178000,None,None,6729000,None,141878000,None,None,86895000,None,1448877000,14807000,10310000,40786000,58254000,None,None,None,57234000,1552770000,72900000,None,7000000,USD,-450000,0,-6036000,-4233000,-33799000,19121000,26593000,-2083000,4261000,-8102000,-26773000,-4028000,976000,-2042000,-5198000,None,218000,-30145000,1050000,218000,None,-8102000,35.66,39.67
5,2019-03-31,USD,22552000,17080000,None,22552000,5472000,4312000,None,None,5472000,None,17080000,None,5472000,1400000,1109000,1160000,16752000,15643000,None,None,None,1160000,47000,None,4312000,4312000,None,USD,1520051000,1122000,363188000,32211000,1311213000,208838000,None,1228018000,6879000,139677000,15276000,15017000,1013828000,81004000,1228018000,None,None,155000,38978000,113544000,1266784000,192699000,274441000,32540000,17510000,7043000,1228018000,None,None,6879000,None,139677000,None,None,77563000,None,1399464000,15358000,17510000,65685000,83195000,None,None,None,62127000,1520051000,81004000,None,6878829,USD,-5948000,-1441000,-5586000,983000,302000,-2037000,-70000,-411000,4312000,1395000,9018000,716000,586000,-2064000,-205000,None,-193000,5038000,621000,-193000,None,1395000,34.42,35.66
6,2018-12-31,USD,24055000,17800000,870000,24055000,6255000,4848000,0,0,5755000,0,18300000,None,6255000,-500000,-61208000,None,None,None,470000,0,0,907000,-2434000,0,4848000,4848000,None,USD,1502988000,1137000,None,41410000,1297041000,205947000,None,1228088000,6883000,137452000,16616000,15017000,976177000,79639000,1228088000,167000,167000,-520000,47052000,383741000,999537000,189793000,278875000,25227000,17551000,9204000,1228088000,None,None,6883000,None,137452000,None,None,56504000,None,1119247000,None,17551000,51402000,68953000,None,None,None,62132000,1502988000,358514000,None,6883216,USD,-11585000,828000,-14276000,-1460000,1808000,-5727000,-5180000,-2367000,4848000,7359000,27362000,-3325000,971000,-1910000,-445000,None,None,24070000,1231000,-30000,None,7359000,32.87,34.42
7,2018-09-30,USD,24492000,18099000,761000,24492000,6393000,5264000,0,0,6393000,0,18099000,None,6393000,1518000,761000,None,None,None,0,0,0,1129000,-232000,0,5264000,5264000,None,USD,1502673000,1154000,None,58093000,1299431000,203242000,0,1233268000,6884000,134487000,16020000,15017000,1015629000,72282000,1233268000,None,None,-641000,38637000,94683000,1282676000,187071000,0,22401000,17592000,8707000,1233268000,203242000,62512000,6884000,0,134487000,0,None,61799000,None,1399283000,None,17592000,48571000,66163000,None,None,None,62512000,1502673000,72282000,None,6884386,USD,-7117000,-4065000,-8040000,337000,4704000,30790000,27747000,7641000,5264000,34049000,11299000,11910000,952000,-1855000,194000,0,0,-2464000,1260000,-298000,None,34049000,41.55,32.87
8,2018-06-30,USD,23603000,16606000,306000,23603000,6997000,5830000,0,0,6997000,0,16606000,None,6997000,1679000,606000,None,None,None,0,0,0,1167000,-876000,0,5830000,5830000,None,USD,1470440000,1172000,None,55967000,1270984000,199456000,0,1205521000,6873000,131097000,19861000,15017000,1013885000,38234000,1205521000,45602000,45602000,-701000,38113000,67290000,1266024000,183267000,0,29056000,17622000,8959000,1205521000,199456000,62187000,6873000,0,131097000,0,None,73865000,None,1394191000,None,17622000,47841000,65463000,None,None,None,62187000,1470440000,38234000,None,6872959,USD,31813000,-199000,30657000,-288000,-3349000,-60269000,-55269000,-11002000,5830000,-47832000,-18220000,-10510000,193000,-1651000,0,0,0,-13813000,868000,279000,None,-47832000,39.55,41.55
9,2018-03-31,USD,21725000,16795000,532000,21725000,4930000,4062000,0,0,4930000,0,16795000,None,4930000,1414000,532000,None,None,None,0,0,0,868000,-417000,0,4062000,4062000,None,USD,1524741000,1190000,None,43116000,1329768000,194973000,0,1260790000,6872000,126934000,20076000,15017000,1003098000,86067000,1260790000,48902000,48902000,-879000,37331000,411091000,988342000,178766000,297573000,27451000,17648000,8815000,1260790000,194973000,62046000,6872000,0,126934000,0,None,62955000,None,1104835000,None,17648000,51330000,68978000,None,None,None,62046000,1524741000,383640000,None,6871963,USD,-2623000,-1797000,-2695000,80000,3248000,4107000,2507000,-2017000,4062000,6121000,4709000,92000,767000,-1648000,0,6109000,0,1968000,152000,-383000,None,6121000,34.55,39.55
10,2017-12-31,USD,22750000,21651000,548000,22750000,1099000,214000,0,0,4299000,249000,18451000,None,1099000,3200000,-57678000,None,None,None,0,0,0,4085000,1531000,0,214000,214000,None,USD,1519109000,1207000,None,48364000,1326307000,192802000,0,1258283000,6872000,124407000,22606000,15017000,416766000,79956000,1258283000,121000,121000,-270000,46518000,422242000,977984000,176578000,312750000,29536000,17672000,52429000,1258283000,192802000,61793000,6872000,0,124407000,0,None,56141000,None,1096867000,None,17672000,50352000,68024000,None,None,None,61793000,1519109000,392706000,None,6871963,USD,-19390000,626000,-28323000,-10267000,-3363000,-4843000,-33000,1427000,214000,-9428000,23738000,5379000,1185000,-1548000,101000,17831000,0,16589000,1334000,-255000,None,-9428000,33.85,34.55
11,2017-09-30,USD,26211000,17630000,3102000,26211000,8581000,5523000,0,0,8581000,78000,17630000,None,8581000,-411000,-46000,None,None,None,0,0,0,2980000,0,0,5601000,5523000,None,USD,1523341000,1228000,None,63614000,1328914000,194427000,0,1258317000,6852000,125620000,21816000,15017000,365518000,89385000,1258317000,48853000,48853000,274000,40046000,379744000,1027003000,178182000,271248000,19111000,17697000,62719000,1258317000,194427000,61681000,6852000,0,125620000,0,None,56798000,None,1140092000,None,17697000,52900000,70597000,None,None,None,61681000,1523341000,360633000,None,6852338,USD,35195000,1948000,39873000,5452000,1517000,22185000,24006000,955000,5601000,61476000,-582000,-839000,383000,-1730000,-1608000,0,0,-7308000,774000,-367000,None,61476000,34.95,33.85
12,2017-06-30,USD,23662000,18466000,948000,23662000,5196000,3589000,0,0,5196000,152000,18466000,None,5196000,-846000,16000,None,None,None,0,0,0,1455000,0,0,3741000,3589000,None,USD,1493205000,1254000,None,54863000,1301428000,191644000,0,1234310000,6911000,121631000,19854000,15017000,398089000,27786000,1234310000,47337000,47337000,28000,39997000,351569000,1025011000,175373000,298120000,25663000,22872000,58178000,1234310000,191777000,63074000,6911000,0,121631000,0,None,56042000,None,1137321000,None,22872000,44246000,67118000,None,None,None,63074000,1493205000,325906000,None,6910679,USD,-9089000,-1560000,-8492000,1750000,-7403000,-21766000,-12763000,-4580000,3741000,-55139000,-24881000,-2831000,762000,-1600000,0,0,0,-25237000,1153000,244000,None,-55139000,30.4,34.95
13,2017-03-31,USD,22329000,16606000,1032000,22329000,5723000,3825000,0,0,5723000,97000,16606000,None,5723000,426000,632000,None,None,None,0,0,0,1801000,0,0,3922000,3825000,None,USD,1512580000,1281000,None,29028000,1323128000,189324000,0,1247073000,6910000,119509000,21388000,15017000,417197000,82925000,1247073000,36109000,36109000,-31000,39682000,427772000,968967000,173026000,325037000,19810000,22884000,33830000,1247073000,189452000,62936000,6910000,0,119509000,0,None,54059000,None,1079006000,None,22884000,53171000,76055000,None,None,None,62936000,1512580000,407962000,None,6909865,USD,27629000,-428000,27320000,653000,4164000,-17948000,-20580000,530000,3922000,30381000,21009000,740000,689000,-1532000,0,19289000,0,16359000,962000,-273000,None,30381000,30.05,30.4
14,2016-12-31,USD,23507000,20652000,1374000,23507000,2855000,3590000,0,0,5153000,105000,18354000,None,2855000,2298000,-56357000,None,None,None,0,0,0,1458000,-6031000,0,3695000,3590000,None,USD,1526540000,1307000,None,47330000,1339828000,186594000,0,1267653000,6898000,117141000,21672000,15017000,431183000,52516000,1267653000,74000,74000,-397000,45892000,409282000,998914000,170270000,332118000,24648000,22896000,50170000,1267653000,186712000,62952000,6898000,0,117141000,0,None,56128000,None,1117258000,None,22896000,49279000,72175000,None,None,None,62952000,1526540000,384634000,None,6897890,USD,-19810000,-3917000,-20511000,163000,-106000,-12599000,-10678000,-4846000,3695000,4685000,37795000,3628000,718000,-1815000,0,32370000,0,33731000,864000,-60000,None,4685000,31.6,30.05
15,2016-09-30,USD,25496000,21186000,1299000,25496000,4310000,3095000,0,0,4310000,188000,21186000,None,4310000,10348000,8000,None,None,None,0,0,0,1027000,0,0,3283000,3095000,None,USD,1540120000,1337000,None,None,1354362000,185310000,0,1278366000,6882000,115577000,25387000,15017000,398279000,45866000,1278366000,32051000,32051000,637000,39102000,367784000,1054049000,168956000,301257000,18696000,22908000,79276000,1278366000,185758000,62851000,6882000,0,114940000,0,None,60007000,None,1169512000,None,22908000,53088000,75996000,None,None,None,62851000,1540120000,349088000,None,7000000,USD,-41690000,-4472000,-42434000,6000,1640000,22854000,22643000,7228000,3095000,-28890000,-9310000,7324000,741000,-1429000,0,0,0,-16070000,1060000,-116000,None,-28890000,25.75,31.6
16,2016-06-30,USD,25743000,19369000,839000,25743000,6374000,4350000,0,0,6374000,156000,19369000,None,6374000,-4193000,-5000,None,None,None,0,0,0,1868000,0,0,4506000,4350000,None,USD,1518370000,1372000,None,None,1334405000,183654000,0,1255688000,6877000,113238000,29748000,22334000,393064000,76722000,1255688000,30411000,30411000,742000,38671000,384422000,1009321000,159948000,291502000,16198000,22920000,62918000,1255688000,183965000,62797000,6877000,0,113238000,0,None,59692000,None,1131390000,None,22920000,55797000,78717000,None,None,None,62797000,1518370000,368224000,None,6877140,USD,7448000,2323000,8149000,1354000,-3262000,4034000,8721000,-3403000,4506000,-4519000,-16702000,-3195000,656000,-1425000,0,2117000,62000,-21314000,653000,322000,None,-4519000,26.29,25.75
17,2016-03-31,USD,22576000,17371000,1347000,22576000,5205000,3376000,0,0,5205000,130000,17371000,None,5205000,738000,644000,None,None,None,0,0,0,1699000,0,0,3506000,3376000,None,USD,1500199000,1407000,None,None,1319801000,180125000,0,1246968000,6877000,110209000,20602000,22334000,386633000,81150000,1246968000,33673000,33673000,458000,40348000,392355000,991241000,156384000,297264000,13941000,26285000,41609000,1246968000,0,0,6877000,0,110209000,0,None,49812000,None,1105142000,None,26285000,46548000,72833000,None,None,None,62581000,1500199000,378414000,None,6877140,USD,7661000,-8795000,7297000,352000,133000,4965000,6175000,101000,3506000,20602000,8340000,89000,308000,-1343000,0,11646000,0,13492000,716000,-260000,None,20602000,23.91,26.29
18,2015-12-31,USD,24127000,19982000,1039000,24127000,4145000,4106000,0,0,5899000,120000,18228000,None,4145000,1754000,-56909000,None,None,None,0,0,0,1673000,-5881000,0,4226000,4106000,None,USD,1499492000,1442000,None,54173000,1322278000,177035000,0,1240792000,6877000,108150000,29388000,22334000,384362000,60489000,1240792000,46000,46000,-412000,43270000,367485000,962634000,153259000,292016000,14980000,20678000,53606000,1240792000,0,0,6877000,0,108150000,0,None,102327000,None,1132007000,None,20678000,60808000,81486000,None,None,None,62420000,1499492000,352505000,None,6877140,USD,-65702000,-5104000,-66317000,762000,-12331000,-37887000,-24076000,-4809000,4227000,-85893000,18311000,1316000,935000,-1433000,-47000,0,0,17081000,1377000,-144000,None,-85893000,26.6,23.91
19,2015-09-30,USD,26413000,18203000,1382000,26413000,8210000,5335000,0,0,8210000,197000,18203000,None,8210000,0,-42000,None,None,None,0,0,0,2678000,0,0,5532000,5335000,None,USD,1539253000,1483000,None,None,1363917000,175189000,0,1264919000,6859000,105363000,34569000,22334000,329313000,146382000,1264919000,None,None,784000,39434000,398767000,1022429000,151372000,235177000,17208000,31016000,70108000,1264919000,0,0,6859000,0,105363000,0,None,51295000,None,1136975000,None,31016000,67982000,98998000,None,None,None,62183000,1539253000,381559000,None,6859351,USD,-6241000,2794000,-8280000,1000,5667000,30342000,26207000,None,5531000,40495000,18433000,1553000,479000,-1629000,97000,0,0,8153000,2040000,-77000,None,40495000,28.93,26.6
