,fiscalDateEnding,reportedCurrency_x,totalRevenue,totalOperatingExpense,costOfRevenue,grossProfit,ebit,netIncome_x,researchAndDevelopment,effectOfAccountingCharges,incomeBeforeTax,minorityInterest,sellingGeneralAdministrative,otherNonOperatingIncome,operatingIncome,otherOperatingExpense,interestExpense,taxProvision,interestIncome,netInterestIncome,extraordinaryItems,nonRecurring,otherItems,incomeTaxExpense,totalOtherIncomeExpense,discontinuedOperations,netIncomeFromContinuingOperations,netIncomeApplicableToCommonShares,preferredStockAndOtherAdjustments,reportedCurrency_y,totalAssets,intangibleAssets,earningAssets,otherCurrentAssets,totalLiabilities,totalShareholderEquity,deferredLongTermLiabilities,otherCurrentLiabilities,commonStock,retainedEarnings,otherLiabilities,goodwill,otherAssets,cash,totalCurrentLiabilities,shortTermDebt,currentLongTermDebt,otherShareholderEquity,propertyPlantEquipment,totalCurrentAssets,longTermInvestments,netTangibleAssets,shortTermInvestments,netReceivables,longTermDebt,inventory,accountsPayable,totalPermanentEquity,additionalPaidInCapital,commonStockTotalEquity,preferredStockTotalEquity,retainedEarningsTotalEquity,treasuryStock,accumulatedAmortization,otherNonCurrrentAssets,deferredLongTermAssetCharges,totalNonCurrentAssets,capitalLeaseObligations,totalLongTermDebt,otherNonCurrentLiabilities,totalNonCurrentLiabilities,negativeGoodwill,warrants,preferredStockRedeemable,capitalSurplus,liabilitiesAndShareholderEquity,cashAndShortTermInvestments,accumulatedDepreciation,commonStockSharesOutstanding,reportedCurrency,investments,changeInLiabilities,cashflowFromInvestment,otherCashflowFromInvestment,netBorrowings,cashflowFromFinancing,otherCashflowFromFinancing,changeInOperatingActivities,netIncome_y,changeInCash,operatingCashflow,otherOperatingCashflow,depreciation,dividendPayout,stockSaleAndPurchase,changeInInventory,changeInAccountReceivables,changeInNetIncome,capitalExpenditures,changeInReceivables,changeInExchangeRate,changeInCashAndCashEquivalents,clossingVal,nextClossingVal
0,2020-06-30,USD,22604000,35651000,10712000,11892000,-22948000,-27133000,15739000,None,-27064000,None,19912000,811000,-23759000,None,4116000,69000,479000,-3637000,None,None,None,69000,332000,None,-27133000,-27133000,None,USD,346502000,None,None,83464000,231814000,114688000,1040000,12616000,4000,-497709000,1040000,None,2243000,168443000,35379000,None,None,438000,20837000,299911000,None,114688000,80266000,22016000,167308000,25988000,22763000,None,None,4000,None,-497709000,None,None,25754000,None,46591000,32406000,167308000,28087000,196435000,None,None,None,611955000,346502000,168443000,None,37937000,USD,33918000,562000,32492000,None,None,2672000,None,4257000,-27133000,12808000,-22356000,4536000,1592000,None,2672000,-3847000,-797000,2731000,1426000,-797000,None,12808000,29.35,
1,2020-03-31,USD,26605000,43223000,11017000,15588000,-35681000,-38624000,17502000,None,-38564000,None,25721000,-8046000,-27635000,None,2883000,60000,704000,-2179000,None,None,None,60000,-8750000,None,-38624000,-38624000,None,USD,364875000,None,None,118181000,229741000,135134000,1049000,12999000,4000,-470576000,1049000,None,2223000,155592000,35448000,None,None,84000,21400000,317209000,None,135134000,112762000,21217000,164704000,22219000,22449000,None,None,4000,None,-470576000,None,None,26266000,None,47666000,32417000,164704000,28540000,194293000,None,None,None,605622000,364875000,155592000,None,37703204,USD,13780000,-5392000,9841000,13780000,137752000,144574000,-11511000,-6121000,-38624000,126632000,-27783000,-873000,1072000,None,6822000,-2712000,5926000,12820000,3939000,5926000,None,126632000,24.05,29.35
2,2019-12-31,USD,36931000,44850000,14800000,22131000,26509000,23987000,17972000,None,24045000,None,26878000,49228000,-22719000,None,2435000,58000,705000,-1730000,None,None,None,58000,48494000,None,23987000,23987000,None,USD,259754000,None,None,136640000,155603000,104151000,976000,14152000,4000,-431952000,1298000,None,2315000,29033000,44986000,None,None,145000,20184000,212607000,None,104151000,127822000,27153000,79951000,19781000,30834000,None,None,4000,None,-431952000,None,None,26963000,None,47147000,33134000,79951000,29690000,110617000,None,None,None,535954000,259754000,29033000,None,36298096,USD,-11760000,6005000,22187000,40000000,150000000,2895000,407000,6006000,23987000,5546000,-19536000,2762000,1101000,None,2895000,-1314000,-7581000,-44496000,6053000,-7581000,45000,5591000,27.82,24.05
3,2019-09-30,USD,30604000,40389000,10925000,19679000,-20269000,-22748000,17007000,None,-22684000,None,23382000,441000,-20710000,None,2415000,64000,763000,-1652000,None,None,None,64000,-322000,None,-22748000,-22748000,None,USD,220759000,None,None,10877000,148170000,72589000,876000,14541000,4000,-455939000,1122000,None,2228000,23442000,37671000,None,None,217000,14863000,178324000,None,72589000,105423000,19542000,79194000,19040000,23130000,None,None,4000,None,-455939000,None,None,27572000,None,42435000,33873000,79194000,30429000,110499000,None,None,None,528307000,220759000,128865000,None,35736092,USD,6945000,404000,6260000,-35514000,150000000,4587000,515000,-1085000,-22748000,-9882000,-20729000,-992000,1001000,None,4587000,-2800000,-472000,4878000,685000,-472000,-47000,-9929000,21.59,27.82
4,2019-06-30,USD,30345000,39528000,9605000,20740000,-18080000,-20037000,17029000,None,-19969000,None,22499000,708000,-18788000,None,1889000,68000,828000,-1061000,None,None,None,68000,-120000,None,-20037000,-20037000,None,USD,232900000,None,None,9168000,146912000,85988000,853000,16919000,4000,-433191000,1023000,None,2181000,33371000,36503000,None,None,204000,14713000,190117000,None,85988000,112109000,18999000,78442000,16470000,19584000,None,None,4000,None,-433191000,None,None,28070000,None,42783000,34461000,78442000,31114000,110409000,None,None,None,518971000,232900000,145480000,None,35366845,USD,-53879000,-1886000,-54861000,-42459000,19900000,25099000,509000,343000,-20037000,-50741000,-20979000,-871000,1442000,None,5199000,-3896000,-919000,5188000,982000,-919000,3000,-50738000,30.35,21.59
5,2019-03-31,USD,27688000,39463000,8709000,18979000,-20071000,-21898000,16027000,None,-21819000,None,23436000,413000,-20484000,None,1748000,79000,-1225000,-1225000,None,None,None,79000,-110000,None,-21898000,-21898000,None,USD,220743000,None,None,8642000,126143000,94600000,1201000,18830000,3000,-413154000,1310000,None,642000,84109000,37709000,3413000,3413000,21000,14405000,182091000,None,94600000,58288000,18081000,58930000,12971000,18879000,None,None,3000,None,-413154000,None,None,24247000,None,38652000,31607000,58930000,28303000,88434000,None,None,None,507730000,220743000,142397000,None,35044131,USD,11420000,-8593000,11255000,11420000,20000000,76685000,-1299000,-8055000,-21898000,59763000,-28177000,-921000,1171000,None,76685000,-465000,-833000,3362000,165000,-833000,-10000,59753000,23.93,30.35
6,2018-12-31,USD,30032000,36830000,10793000,19239000,-18414000,-21111000,16531000,0,-21047000,0,20299000,-823000,-17591000,0,2633000,None,None,None,0,0,0,64000,-3456000,0,-21111000,-21111000,None,USD,147558000,None,None,7258000,110689000,36869000,1620000,18714000,3000,-391256000,9178000,None,680000,24356000,43115000,None,None,-40000,15171000,131707000,None,36869000,69641000,17279000,58396000,13173000,24401000,None,None,3000,None,-391256000,None,None,680000,None,15851000,None,58396000,7558000,67574000,None,None,None,428162000,147558000,93997000,None,30913397,USD,4200000,4173000,2570000,-18440000,13554000,15050000,-702000,1306000,-21110000,3142000,-14478000,-5362000,1000000,None,1496000,1783000,1245000,3793000,1630000,1245000,15000,3157000,14.83,23.93
7,2018-09-30,USD,28616000,34461000,9291000,19325000,-14798000,-16486000,16651000,0,-16429000,0,17810000,338000,-15136000,0,1631000,None,None,None,0,0,0,57000,-1293000,0,-16486000,-16486000,None,USD,151362000,0,None,7057000,99277000,52085000,3594000,19730000,3000,-370146000,11737000,0,636000,21199000,37407000,None,None,-54000,15191000,135535000,None,52085000,73731000,18530000,50133000,15018000,17677000,0,0,3000,0,-370146000,0,None,636000,None,15827000,None,50133000,8143000,61870000,None,None,None,422282000,151362000,94930000,None,30769000,USD,-47650000,462000,-48773000,0,15000000,57018000,843000,-304000,-16487000,-3082000,-11327000,-705000,1295000,0,57018000,1832000,-1165000,3441000,1123000,-1165000,-5000,-3087000,17.83,14.83
8,2018-06-30,USD,24999000,35234000,8552000,16447000,-18932000,-20601000,14585000,0,-20536000,0,20649000,-145000,-18787000,0,1604000,None,None,None,0,0,0,65000,-1749000,0,-20601000,-20601000,None,USD,106717000,0,None,5934000,98099000,8618000,3264000,19962000,3000,-353659000,11527000,0,655000,24286000,36847000,49725000,49725000,-66000,14453000,91609000,None,8618000,26406000,17387000,49725000,17596000,16885000,0,0,3000,0,-353659000,0,None,655000,None,15108000,None,49725000,8263000,61252000,None,None,None,362340000,106717000,50692000,None,25785000,USD,18530000,6309000,17904000,0,89000,1347000,764000,5795000,-20601000,8689000,-10562000,-5000,1059000,0,1258000,819000,-1329000,3186000,626000,-1329000,-52000,8637000,13.68,17.83
9,2018-03-31,USD,23085000,33269000,7695000,15390000,-17576000,-19202000,13832000,0,-19139000,0,19437000,303000,-17879000,0,1563000,None,None,None,0,0,0,63000,-1260000,0,-19202000,-19202000,None,USD,116797000,0,None,5786000,91784000,25013000,3151000,17615000,3000,-333058000,11535000,0,686000,15649000,30924000,49325000,49325000,-112000,14450000,101661000,None,25013000,44860000,16301000,49325000,19065000,13309000,0,0,3000,0,-333058000,0,None,686000,None,15136000,None,49325000,8384000,60860000,None,None,None,358180000,116797000,60509000,None,25696000,USD,6480000,-5892000,5374000,0,-152000,1666000,596000,-7823000,-19202000,-10658000,-17698000,-623000,994000,0,1818000,817000,3056000,3152000,1106000,3056000,28000,-10630000,7.51,13.68
10,2017-12-31,USD,35234000,33420000,9188000,26046000,-7116000,-8751000,13675000,0,-8684000,0,19745000,258000,-7374000,0,1568000,None,None,None,0,0,0,67000,-2504000,0,-8751000,-8751000,None,USD,136762000,0,None,4745000,96653000,40109000,3304000,18686000,2000,-313102000,11803000,0,784000,26136000,35919000,48931000,48931000,-99000,14057000,121921000,None,40109000,51419000,19564000,48931000,20057000,17233000,0,0,2000,0,-313102000,0,None,784000,None,14841000,None,48931000,8499000,60734000,None,None,None,353308000,136762000,77555000,None,25421000,USD,9475000,-5923000,8996000,0,-58000,689000,674000,9835000,-8751000,-2669000,-12354000,1457000,961000,0,689000,-2871000,2277000,4048000,479000,-1275000,8000,-2661000,7.47,7.51
11,2017-09-30,USD,27016000,29754000,7305000,19711000,-9803000,-11404000,11374000,0,-11359000,0,18380000,240000,-10043000,0,1556000,None,None,None,0,0,0,45000,-2804000,0,-11404000,-11404000,None,USD,147187000,0,None,6109000,102117000,45070000,5407000,17157000,2000,-304351000,13991000,0,555000,28797000,39593000,48533000,48533000,-28000,13867000,132765000,None,45070000,61051000,18288000,48533000,18520000,22436000,0,0,2000,0,-304351000,0,None,555000,None,14422000,None,48533000,8584000,62524000,None,None,None,349447000,147187000,89848000,None,25339000,USD,-2370000,781000,-2791000,0,None,1272000,175000,7531000,-11404000,-11856000,-10337000,-457000,852000,0,1272000,-3399000,3552000,3253000,421000,37000,6000,-11850000,16.16,7.47
12,2017-06-30,USD,34592000,29682000,8224000,26368000,-2980000,-4555000,11038000,0,-4508000,0,18644000,334000,-3314000,0,1528000,None,None,None,0,0,0,47000,1488000,0,-4555000,-4555000,None,USD,153042000,0,None,5305000,101018000,52024000,11322000,17511000,2000,-292947000,19991000,0,515000,40647000,32890000,48137000,48137000,-53000,13644000,138883000,None,52024000,58690000,18482000,48137000,15759000,15379000,0,0,2000,0,-292947000,0,None,515000,None,14159000,None,48137000,8669000,68128000,None,None,None,345022000,153042000,99337000,None,25166000,USD,-6961000,-8458000,-7852000,0,-26000,56773000,114000,1506000,-4555000,35221000,-13700000,-980000,836000,0,56799000,-1635000,3515000,3043000,891000,-1951000,10000,35231000,16.54,16.16
13,2017-03-31,USD,18063000,28366000,7163000,10900000,-17306000,-18852000,10801000,0,-18807000,0,17565000,160000,-17466000,0,1501000,None,None,None,0,0,0,45000,-1341000,0,-18852000,-18852000,None,USD,106533000,0,None,3953000,109590000,-3057000,20656000,21135000,2000,-288392000,29419000,0,511000,5416000,32423000,26000,26000,-48000,13657000,92365000,None,-3057000,51724000,16728000,47748000,14544000,11262000,0,0,2000,0,-288392000,0,None,511000,None,14168000,None,47748000,8763000,77167000,None,None,None,285381000,106533000,57140000,None,21684000,USD,1650000,-5729000,-843000,0,-32000,934000,-248000,1115000,-18852000,-15175000,-15266000,1516000,903000,0,966000,-837000,5466000,2267000,2493000,5466000,8000,-15167000,19.87,16.54
14,2016-12-31,USD,25232000,26678000,8429000,16803000,-10028000,-11593000,9996000,0,-11550000,0,16682000,-153000,-9875000,0,1522000,None,None,None,0,0,0,43000,-4213000,0,-11593000,-11593000,None,USD,126373000,0,None,3744000,114068000,12305000,22664000,19046000,2000,-269540000,30319000,0,430000,20583000,36383000,58000,47424000,-57000,12158000,113785000,None,12305000,53453000,22193000,47366000,13812000,17279000,0,0,2000,0,-269540000,0,None,430000,None,12588000,None,47366000,7655000,77685000,None,None,None,281900000,126373000,74036000,None,21528000,USD,-10274000,2866000,-11556000,0,10000,28126000,674000,4196000,-11593000,10140000,-6430000,4395000,652000,0,28116000,-2322000,-2476000,728000,1282000,-1156000,-25000,10115000,22.3,19.87
15,2016-09-30,USD,23933000,24324000,8075000,15858000,-8541000,-10088000,8717000,0,-10050000,0,15607000,-75000,-8466000,0,1509000,None,None,None,0,0,0,38000,-364000,0,-10088000,-10088000,None,USD,102257000,0,None,4385000,108813000,-6556000,26752000,16753000,2000,-257947000,32944000,0,812000,10468000,28889000,92000,92000,-10000,10705000,90740000,None,-6556000,43116000,21041000,46980000,11730000,12044000,0,0,2000,0,-257947000,0,None,583000,None,229000,None,46980000,6192000,79924000,None,None,None,251399000,102257000,53584000,None,19928000,USD,-5325000,-1340000,-5799000,4000,-101000,940000,-248000,-683000,-10088000,-8828000,-3969000,-412000,781000,0,1041000,570000,1320000,2324000,478000,4196000,2000,-8826000,19.98,22.3
16,2016-06-30,USD,22627000,24306000,7871000,14756000,-9444000,-10805000,8799000,0,-10770000,0,15507000,106000,-9550000,0,1326000,None,None,None,0,0,0,35000,98000,0,-10805000,-10805000,None,USD,109874000,0,None,3599000,109542000,332000,27188000,17045000,2000,-247859000,33041000,0,741000,19294000,29905000,149000,149000,27000,10646000,98487000,None,332000,37846000,25238000,46596000,12510000,12711000,0,0,2000,0,-247859000,0,None,563000,None,178000,None,46596000,5853000,79637000,None,None,None,248162000,109874000,57140000,None,19834000,USD,-10675000,14480000,-12078000,0,4933000,5059000,-248000,184000,-10805000,-10280000,-3261000,-233000,762000,0,126000,-904000,5516000,3153000,1403000,-9714000,-13000,-10293000,12.6,19.98
17,2016-03-31,USD,14697000,22112000,5870000,8827000,-13288000,-14603000,7208000,0,-14603000,0,14904000,-3000,-13285000,0,1315000,None,None,None,0,0,0,0,-1318000,0,-14603000,-14603000,None,USD,98732000,0,None,3130000,90124000,8608000,20000000,11749000,2000,-237054000,25725000,0,659000,29587000,23114000,190000,None,5000,10841000,87232000,None,8608000,27151000,15528000,41285000,11836000,11175000,0,0,2000,0,-237054000,0,None,478000,None,181000,None,41285000,5725000,67010000,None,None,None,245655000,98732000,56738000,None,19772000,USD,None,15662000,-828000,0,-68000,968000,None,None,-14603000,7721000,7581000,1110000,762000,0,1036000,-2379000,4198000,2831000,828000,4198000,10000,7731000,15.22,12.6
18,2015-12-31,USD,22315000,21273000,8626000,13689000,-7640000,-8816000,7071000,0,-8650000,0,14202000,-56000,-7584000,0,1010000,None,None,None,0,0,0,166000,-3150000,0,-8816000,-8816000,None,USD,92869000,0,None,3886000,72654000,20215000,10743000,5261000,2000,-222451000,10743000,0,662000,21856000,20911000,226000,41226000,-29000,9414000,82793000,None,20215000,27188000,19725000,41000000,10138000,15424000,0,0,2000,0,-222451000,0,None,481000,None,181000,None,41000000,None,51743000,None,None,None,242693000,92869000,49044000,None,19570000,USD,1531000,4652000,-432000,-14000,9917000,10258000,-152000,5147000,-8816000,5226000,-4600000,688000,940000,0,341000,1415000,-7328000,3346000,1949000,-6861000,-5000,5226000,14.71,15.22
19,2015-09-30,USD,15693000,17848000,6289000,9404000,-8445000,-9467000,5812000,0,-9467000,0,12036000,-1000,-8444000,0,1022000,None,None,None,0,0,0,0,-45000,0,-9467000,-9467000,None,USD,83004000,0,None,4602000,55818000,27186000,8487000,5837000,2000,-213635000,8487000,0,1068000,16635000,16005000,259000,None,-4000,7371000,74565000,None,27186000,28726000,12903000,31326000,11699000,9909000,0,0,2000,0,-213635000,0,None,931000,None,137000,None,31326000,None,39813000,None,None,None,240823000,83004000,45361000,None,19506000,USD,7948000,-427000,7665000,0,-68000,748000,None,None,-9467000,916000,-7497000,2037000,448000,0,816000,-2436000,467000,2034000,283000,314000,-18000,916000,16.0,14.71
