,fiscalDateEnding,reportedCurrency_x,totalRevenue,totalOperatingExpense,costOfRevenue,grossProfit,ebit,netIncome_x,researchAndDevelopment,effectOfAccountingCharges,incomeBeforeTax,minorityInterest,sellingGeneralAdministrative,otherNonOperatingIncome,operatingIncome,otherOperatingExpense,interestExpense,taxProvision,interestIncome,netInterestIncome,extraordinaryItems,nonRecurring,otherItems,incomeTaxExpense,totalOtherIncomeExpense,discontinuedOperations,netIncomeFromContinuingOperations,netIncomeApplicableToCommonShares,preferredStockAndOtherAdjustments,reportedCurrency_y,totalAssets,intangibleAssets,earningAssets,otherCurrentAssets,totalLiabilities,totalShareholderEquity,deferredLongTermLiabilities,otherCurrentLiabilities,commonStock,retainedEarnings,otherLiabilities,goodwill,otherAssets,cash,totalCurrentLiabilities,shortTermDebt,currentLongTermDebt,otherShareholderEquity,propertyPlantEquipment,totalCurrentAssets,longTermInvestments,netTangibleAssets,shortTermInvestments,netReceivables,longTermDebt,inventory,accountsPayable,totalPermanentEquity,additionalPaidInCapital,commonStockTotalEquity,preferredStockTotalEquity,retainedEarningsTotalEquity,treasuryStock,accumulatedAmortization,otherNonCurrrentAssets,deferredLongTermAssetCharges,totalNonCurrentAssets,capitalLeaseObligations,totalLongTermDebt,otherNonCurrentLiabilities,totalNonCurrentLiabilities,negativeGoodwill,warrants,preferredStockRedeemable,capitalSurplus,liabilitiesAndShareholderEquity,cashAndShortTermInvestments,accumulatedDepreciation,commonStockSharesOutstanding,reportedCurrency,investments,changeInLiabilities,cashflowFromInvestment,otherCashflowFromInvestment,netBorrowings,cashflowFromFinancing,otherCashflowFromFinancing,changeInOperatingActivities,netIncome_y,changeInCash,operatingCashflow,otherOperatingCashflow,depreciation,dividendPayout,stockSaleAndPurchase,changeInInventory,changeInAccountReceivables,changeInNetIncome,capitalExpenditures,changeInReceivables,changeInExchangeRate,changeInCashAndCashEquivalents,clossingVal,nextClossingVal
0,2020-07-31,USD,1303000000,1154000000,431000000,872000000,198000000,77000000,233000000,None,104000000,None,490000000,None,149000000,None,None,27000000,None,None,None,None,None,27000000,-45000000,None,77000000,77000000,None,USD,8416000000,None,None,304000000,8132000000,284000000,88000000,None,284000000,None,2526000000,None,684000000,3773000000,2976000000,None,150000000,-39000000,737000000,4817000000,None,-1894000000,None,604000000,2630000000,136000000,396000000,None,None,None,None,None,None,None,684000000,None,3599000000,None,None,720000000,5156000000,None,None,None,None,None,None,None,None,USD,-311000000,-187000000,-311000000,None,1098000000,1003000000,-3000000,-197000000,77000000,975000000,240000000,None,49000000,-107000000,0,9000000,391000000,92000000,52000000,None,None,None,44.3,
1,2020-05-31,USD,None,None,None,None,None,None,None,None,None,None,None,None,None,None,None,None,None,None,None,None,None,27000000,None,None,None,77000000,None,USD,8416000000,None,None,304000000,8132000000,284000000,None,None,284000000,None,2526000000,None,684000000,3773000000,2976000000,None,150000000,None,737000000,4817000000,None,-1894000000,None,604000000,2630000000,136000000,396000000,None,None,None,None,None,None,None,684000000,None,3599000000,None,None,720000000,5156000000,None,None,None,None,None,None,None,None,USD,-311000000,-187000000,-311000000,None,1098000000,1003000000,-3000000,-197000000,77000000,975000000,240000000,None,49000000,-107000000,0,9000000,391000000,92000000,52000000,None,None,None,44.54,44.3
2,2020-04-30,USD,1401000000,664000000,460000000,941000000,250000000,196000000,212000000,None,250000000,None,452000000,-27000000,277000000,None,14000000,54000000,7000000,-7000000,None,None,None,54000000,-20000000,None,196000000,196000000,None,USD,7522000000,44000000,None,274000000,7280000000,242000000,89000000,1894000000,284000000,0,2425000000,1778000000,535000000,2658000000,3616000000,522000000,522000000,-42000000,727000000,4274000000,None,-1580000000,224000000,973000000,1146000000,145000000,1200000000,None,None,284000000,None,None,None,None,699000000,None,3248000000,144000000,1146000000,2518000000,3664000000,None,None,None,None,7522000000,2882000000,None,219000000,USD,82000000,105000000,42000000,-16000000,-172000000,-440000000,-2000000,100000000,196000000,-15000000,383000000,165000000,47000000,-105000000,-161000000,-32000000,-156000000,58000000,24000000,-156000000,None,-15000000,43.77,44.54
3,2020-02-29,USD,None,None,None,None,None,None,None,None,None,None,None,None,None,None,None,None,None,None,None,None,None,54000000,None,None,None,196000000,None,USD,7522000000,44000000,None,274000000,7280000000,242000000,89000000,375000000,284000000,0,2425000000,1778000000,535000000,2658000000,3616000000,None,522000000,-42000000,864000000,4274000000,None,-1580000000,224000000,973000000,1146000000,145000000,426000000,None,None,None,None,None,None,None,342000000,None,3248000000,144000000,None,207000000,3664000000,None,None,None,None,None,None,None,None,USD,42000000,188000000,42000000,1000000,-170000000,-440000000,-2000000,100000000,196000000,-45000000,383000000,None,47000000,-105000000,-161000000,-32000000,-156000000,70000000,24000000,None,None,None,46.72,43.77
4,2020-01-31,USD,1404000000,673000000,463000000,941000000,276000000,277000000,211000000,None,276000000,None,462000000,8000000,268000000,None,14000000,-1000000,10000000,-4000000,None,None,None,-1000000,12000000,None,277000000,277000000,None,USD,7483000000,43000000,None,276000000,7201000000,282000000,88000000,1795000000,321000000,0,2427000000,1770000000,462000000,2705000000,3529000000,693000000,693000000,-39000000,740000000,4218000000,108000000,-1531000000,303000000,821000000,1146000000,113000000,1041000000,None,None,321000000,None,None,None,None,712000000,None,3265000000,149000000,1146000000,2526000000,3672000000,None,None,None,None,7483000000,3008000000,None,222000000,USD,142000000,-48000000,111000000,1000000,192000000,-372000000,-3000000,74000000,277000000,159000000,420000000,180000000,47000000,-108000000,-453000000,-2000000,-41000000,7000000,32000000,-41000000,None,159000000,53.4,46.72
5,2019-11-30,USD,None,None,None,None,None,None,None,None,None,None,None,None,None,None,None,None,None,None,None,None,None,-1000000,None,None,None,277000000,None,USD,7483000000,43000000,None,276000000,7201000000,282000000,88000000,299000000,321000000,0,2427000000,1770000000,462000000,2705000000,3529000000,None,693000000,-39000000,882000000,4218000000,None,-1531000000,303000000,821000000,1146000000,113000000,381000000,None,None,None,None,None,None,None,348000000,None,3265000000,149000000,None,235000000,3672000000,None,None,None,None,None,None,None,None,USD,111000000,103000000,111000000,1000000,194000000,-372000000,-2000000,74000000,277000000,160000000,420000000,None,47000000,-108000000,-500000000,-2000000,-41000000,46000000,32000000,None,None,None,60.59,53.4
6,2019-10-31,USD,1371000000,629000000,446000000,925000000,299000000,243000000,209000000,None,299000000,None,458000000,3000000,296000000,-38000000,12000000,56000000,12000000,0,None,None,None,56000000,41000000,None,243000000,243000000,None,USD,7472000000,51000000,None,313000000,6936000000,536000000,88000000,1718000000,572000000,0,2485000000,1770000000,463000000,2545000000,3204000000,498000000,498000000,-36000000,746000000,4191000000,108000000,-1285000000,442000000,780000000,1145000000,111000000,988000000,None,None,572000000,None,None,None,None,714000000,None,3281000000,151000000,1145000000,2587000000,3732000000,None,None,None,None,7472000000,2987000000,None,229000000,USD,119000000,-46000000,178000000,95000000,68000000,-545000000,-3000000,-56000000,243000000,-420000000,-53000000,-99000000,50000000,-111000000,-499000000,5000000,-237000000,31000000,36000000,-237000000,None,-420000000,55.88,60.59
7,2019-08-31,USD,None,None,None,None,None,None,None,None,None,None,None,None,None,None,None,None,None,None,None,None,None,56000000,None,None,None,243000000,None,USD,7472000000,51000000,None,313000000,6936000000,536000000,88000000,252000000,572000000,0,2485000000,1770000000,463000000,2545000000,3204000000,None,498000000,-36000000,889000000,4191000000,None,-1285000000,442000000,780000000,1145000000,111000000,382000000,None,None,None,None,None,None,None,348000000,None,3281000000,151000000,None,322000000,3732000000,None,None,None,None,None,None,None,None,USD,178000000,-5000000,178000000,-1000000,68000000,-545000000,-2000000,-56000000,243000000,-422000000,-53000000,None,50000000,-111000000,-500000000,5000000,-237000000,-7000000,36000000,None,None,None,48.06,55.88
8,2019-07-31,USD,1236000000,712000000,420000000,816000000,119000000,103000000,215000000,None,119000000,None,476000000,15000000,104000000,None,15000000,16000000,19000000,4000000,None,21000000,None,16000000,-10000000,None,103000000,103000000,None,USD,7811000000,62000000,None,326000000,6948000000,863000000,92000000,1764000000,902000000,0,2528000000,1770000000,458000000,2967000000,3175000000,430000000,430000000,-39000000,754000000,4516000000,109000000,-969000000,565000000,542000000,1145000000,116000000,981000000,None,None,902000000,None,None,None,None,709000000,None,3295000000,151000000,1145000000,2628000000,3773000000,None,None,None,None,7811000000,3532000000,None,239000000,USD,1027000000,-475000000,938000000,-57000000,-221000000,-603000000,-71000000,-218000000,103000000,645000000,310000000,-95000000,49000000,-115000000,-196000000,15000000,672000000,41000000,32000000,672000000,None,645000000,58.49,48.06
9,2019-04-30,USD,1592000000,656000000,566000000,1026000000,384000000,396000000,205000000,None,384000000,None,508000000,14000000,370000000,-73000000,14000000,-12000000,20000000,6000000,None,16000000,None,-12000000,65000000,None,396000000,396000000,None,USD,8741000000,47000000,None,364000000,7651000000,1090000000,97000000,1825000000,1133000000,0,2640000000,1735000000,561000000,2325000000,3867000000,649000000,649000000,-43000000,759000000,5610000000,29000000,-692000000,1574000000,1216000000,1144000000,131000000,1393000000,None,None,1133000000,None,None,None,None,590000000,None,3131000000,None,1144000000,2640000000,3784000000,None,None,None,None,8741000000,3899000000,None,240000000,USD,215000000,65000000,183000000,3000000,84000000,-514000000,-4000000,94000000,396000000,68000000,399000000,222000000,48000000,-97000000,-497000000,-31000000,-350000000,49000000,35000000,-350000000,None,68000000,72.85,58.49
10,2019-01-31,USD,1563000000,671000000,581000000,982000000,319000000,249000000,203000000,None,319000000,None,468000000,8000000,311000000,None,16000000,70000000,None,None,None,None,None,70000000,2000000,None,249000000,249000000,None,USD,8418000000,56000000,None,340000000,7188000000,1230000000,75000000,1641000000,1298000000,0,2614000000,1742000000,469000000,2271000000,3430000000,562000000,562000000,-68000000,763000000,5361000000,27000000,-568000000,1778000000,872000000,1144000000,100000000,1227000000,None,None,1298000000,None,None,None,None,496000000,None,3057000000,None,1144000000,2614000000,3758000000,None,None,None,None,8418000000,4049000000,None,247000000,USD,172000000,102000000,140000000,-1000000,-89000000,-688000000,-3000000,50000000,249000000,-97000000,451000000,123000000,51000000,-99000000,-497000000,-14000000,-104000000,44000000,31000000,-104000000,None,-97000000,63.77,72.85
11,2018-10-31,USD,1517000000,688000000,543000000,974000000,293000000,241000000,211000000,None,293000000,None,477000000,7000000,286000000,None,-14000000,None,None,None,None,None,None,52000000,7000000,None,241000000,241000000,None,USD,8551000000,69000000,None,321000000,7021000000,1530000000,70000000,1538000000,1605000000,0,2567000000,1742000000,471000000,2359000000,3310000000,648000000,399000000,-75000000,770000000,5471000000,28000000,-281000000,1940000000,765000000,1144000000,86000000,1124000000,0,0,1605000000,0,0,0,None,499000000,None,3080000000,None,1144000000,2567000000,3711000000,None,None,None,None,8551000000,4299000000,None,254000000,USD,241000000,129000000,195000000,-3000000,49000000,-617000000,-5000000,36000000,241000000,-257000000,165000000,-153000000,49000000,-102000000,-559000000,11000000,-154000000,42000000,43000000,-154000000,None,-257000000,78.49,63.77
12,2018-07-31,USD,1474000000,709000000,511000000,963000000,272000000,283000000,208000000,None,272000000,None,482000000,18000000,254000000,None,-14000000,None,None,None,None,19000000,None,-11000000,-1000000,None,283000000,283000000,None,USD,8905000000,81000000,None,329000000,6983000000,1922000000,71000000,1623000000,1992000000,0,2601000000,1739000000,436000000,2627000000,2840000000,200000000,1742000000,-70000000,768000000,5853000000,28000000,102000000,2184000000,616000000,1542000000,97000000,1017000000,0,0,1992000000,0,0,0,None,464000000,None,3052000000,None,1542000000,2601000000,4143000000,None,None,None,None,8905000000,4811000000,None,260000000,USD,248000000,-481000000,186000000,2000000,-186000000,-812000000,-84000000,-217000000,283000000,-300000000,326000000,5000000,49000000,-105000000,-437000000,25000000,423000000,22000000,64000000,423000000,None,-300000000,77.52,78.49
13,2018-04-30,USD,1641000000,735000000,619000000,1022000000,303000000,271000000,203000000,0,303000000,0,532000000,16000000,287000000,0,-15000000,None,None,None,0,0,0,32000000,16000000,0,271000000,271000000,None,USD,9865000000,94000000,None,330000000,7798000000,2067000000,1673000000,1804000000,2355000000,-218000000,2634000000,1739000000,395000000,2941000000,3623000000,385000000,1926000000,-70000000,756000000,6856000000,25000000,234000000,2450000000,1009000000,1541000000,126000000,1434000000,0,0,2355000000,0,-218000000,0,None,420000000,None,3009000000,None,1541000000,961000000,4175000000,None,None,None,None,9865000000,5391000000,None,263000000,USD,168000000,466000000,120000000,2000000,-247000000,-636000000,-8000000,67000000,271000000,-22000000,494000000,-35000000,48000000,-53000000,-328000000,-28000000,-264000000,36000000,48000000,-264000000,-11000000,-33000000,66.58,77.52
14,2018-01-31,USD,1523000000,470000000,582000000,941000000,485000000,-506000000,193000000,0,485000000,0,495000000,14000000,471000000,-218000000,17000000,None,None,None,0,0,0,991000000,226000000,0,-506000000,-506000000,None,USD,9787000000,106000000,None,295000000,7611000000,2176000000,1550000000,1719000000,2707000000,-489000000,2523000000,1739000000,2280000000,2974000000,3548000000,632000000,2172000000,-42000000,741000000,6766000000,26000000,331000000,2645000000,754000000,1540000000,98000000,1197000000,0,0,2707000000,0,-489000000,0,None,435000000,None,3021000000,None,1540000000,973000000,4063000000,None,None,None,None,9787000000,5619000000,None,268000000,USD,-226000000,1004000000,-54000000,204000000,-841000000,-951000000,-7000000,109000000,-506000000,-585000000,420000000,-228000000,48000000,-53000000,-50000000,10000000,-157000000,249000000,32000000,-157000000,24000000,-561000000,61.5,66.58
15,2017-10-31,USD,1422000000,683000000,520000000,902000000,225000000,175000000,194000000,0,225000000,0,489000000,6000000,219000000,0,17000000,None,None,None,0,0,0,50000000,1000000,0,175000000,175000000,None,USD,10308000000,120000000,None,363000000,7531000000,2777000000,1522000000,1645000000,2779000000,17000000,1777000000,1739000000,2493000000,3535000000,4214000000,1468000000,750000000,-19000000,795000000,7020000000,None,918000000,2430000000,584000000,1540000000,108000000,1101000000,0,0,2779000000,0,17000000,0,None,634000000,None,3288000000,None,1540000000,255000000,3317000000,None,None,None,None,10308000000,5965000000,None,267000000,USD,-64000000,84000000,-144000000,-51000000,618000000,420000000,-3000000,35000000,175000000,590000000,314000000,-33000000,51000000,-54000000,-141000000,35000000,149000000,71000000,29000000,-69000000,-6000000,584000000,44.42,61.5
16,2017-07-31,USD,1325000000,686000000,491000000,834000000,153000000,136000000,193000000,0,153000000,0,493000000,5000000,148000000,0,13000000,None,None,None,0,0,0,17000000,5000000,0,136000000,136000000,None,USD,9599000000,124000000,None,316000000,6831000000,2768000000,1549000000,1702000000,2771000000,10000000,1799000000,1701000000,2502000000,2951000000,4287000000,1643000000,2518000000,-13000000,799000000,6298000000,None,943000000,2370000000,518000000,745000000,143000000,942000000,0,0,2771000000,0,10000000,0,None,677000000,None,3301000000,None,745000000,250000000,2544000000,None,None,None,None,9599000000,5321000000,None,270000000,USD,112000000,-301000000,57000000,-19000000,394000000,181000000,-57000000,-65000000,136000000,488000000,250000000,71000000,51000000,-54000000,-102000000,20000000,218000000,55000000,36000000,218000000,19000000,507000000,43.42,44.42
17,2017-04-30,USD,1481000000,4812000000,520000000,2539000000,314000000,190000000,191000000,0,248000000,0,661000000,None,247000000,0,13000000,None,None,None,0,-260000000,0,58000000,-42000000,0,268000000,190000000,None,USD,9493000000,131000000,None,383000000,6713000000,2780000000,1598000000,1744000000,2769000000,40000000,1847000000,1684000000,2496000000,2444000000,4122000000,1249000000,749000000,-29000000,799000000,6198000000,24000000,965000000,2477000000,731000000,744000000,163000000,1129000000,0,0,2769000000,0,40000000,0,None,681000000,None,3295000000,None,744000000,249000000,2591000000,None,None,None,None,9493000000,4921000000,None,269000000,USD,-45000000,237000000,-87000000,-4000000,107000000,-51000000,-7000000,-85000000,190000000,227000000,365000000,-15000000,53000000,-51000000,-107000000,-38000000,81000000,65000000,38000000,-127000000,4000000,231000000,39.85,43.42
18,2017-01-31,USD,1404000000,668000000,553000000,851000000,183000000,146000000,181000000,0,183000000,0,445000000,None,183000000,-10000000,12000000,None,None,None,0,52000000,0,37000000,0,0,146000000,146000000,None,USD,9055000000,145000000,None,277000000,6361000000,2694000000,1535000000,1699000000,2731000000,0,1773000000,1676000000,2517000000,2213000000,3844000000,1140000000,1140000000,-37000000,892000000,5646000000,None,873000000,2426000000,605000000,744000000,125000000,1005000000,0,0,2731000000,0,0,0,None,696000000,None,3409000000,None,744000000,238000000,2517000000,None,None,None,None,9055000000,4639000000,None,271000000,USD,-188000000,62000000,-230000000,3000000,388000000,97000000,32000000,-45000000,146000000,102000000,235000000,-33000000,56000000,-52000000,-239000000,-28000000,208000000,88000000,45000000,-56000000,-2000000,100000000,38.32,39.85
