,fiscalDateEnding,reportedCurrency_x,totalRevenue,totalOperatingExpense,costOfRevenue,grossProfit,ebit,netIncome_x,researchAndDevelopment,effectOfAccountingCharges,incomeBeforeTax,minorityInterest,sellingGeneralAdministrative,otherNonOperatingIncome,operatingIncome,otherOperatingExpense,interestExpense,taxProvision,interestIncome,netInterestIncome,extraordinaryItems,nonRecurring,otherItems,incomeTaxExpense,totalOtherIncomeExpense,discontinuedOperations,netIncomeFromContinuingOperations,netIncomeApplicableToCommonShares,preferredStockAndOtherAdjustments,reportedCurrency_y,totalAssets,intangibleAssets,earningAssets,otherCurrentAssets,totalLiabilities,totalShareholderEquity,deferredLongTermLiabilities,otherCurrentLiabilities,commonStock,retainedEarnings,otherLiabilities,goodwill,otherAssets,cash,totalCurrentLiabilities,shortTermDebt,currentLongTermDebt,otherShareholderEquity,propertyPlantEquipment,totalCurrentAssets,longTermInvestments,netTangibleAssets,shortTermInvestments,netReceivables,longTermDebt,inventory,accountsPayable,totalPermanentEquity,additionalPaidInCapital,commonStockTotalEquity,preferredStockTotalEquity,retainedEarningsTotalEquity,treasuryStock,accumulatedAmortization,otherNonCurrrentAssets,deferredLongTermAssetCharges,totalNonCurrentAssets,capitalLeaseObligations,totalLongTermDebt,otherNonCurrentLiabilities,totalNonCurrentLiabilities,negativeGoodwill,warrants,preferredStockRedeemable,capitalSurplus,liabilitiesAndShareholderEquity,cashAndShortTermInvestments,accumulatedDepreciation,commonStockSharesOutstanding,reportedCurrency,investments,changeInLiabilities,cashflowFromInvestment,otherCashflowFromInvestment,netBorrowings,cashflowFromFinancing,otherCashflowFromFinancing,changeInOperatingActivities,netIncome_y,changeInCash,operatingCashflow,otherOperatingCashflow,depreciation,dividendPayout,stockSaleAndPurchase,changeInInventory,changeInAccountReceivables,changeInNetIncome,capitalExpenditures,changeInReceivables,changeInExchangeRate,changeInCashAndCashEquivalents,clossingVal,nextClossingVal
0,2020-06-30,CNY,18184806000.0,14014956000.0,8392631000.0,9792175000.0,5062000000.0,4537806000.0,2408306000.0,None,5715735000.0,11712819000.0,3214019000.0,None,4169850000.0,None,None,1064455000,396519000,396519000,None,None,None,1064455000.0,1149366000.0,None,4651280000.0,4537806000.0,None,CNY,144170254000.0,4221940000,None,None,57191315000.0,85804783000.0,None,None,85804783000,None,1457170000.0,None,17595630000.0,10622795000.0,45195482000.0,None,21932603000,None,4416247000.0,111113047000,6823390000,81582843000,85547422000.0,5018414000,None,558789000,853745000.0,None,None,None,None,None,None,None,16805584000,None,33057207000,None,None,None,11995833000,None,None,None,None,None,None,None,None,CNY,-20256961000,-877141000,-20256961000,-76103000,2307479000,20178679000,163865000.0,702088000,4537806000.0,4874082000,4772308000.0,None,892150000,-1115136000,None,3329000,-498550000,580764000,1076480000.0,None,None,None,429.38,
1,2020-03-31,CNY,17062367000.0,12575899000.0,7684745000.0,9377622000.0,5176525000.0,3551006000.0,2142649000.0,None,5032686000.0,11596205000.0,2748505000.0,None,4486468000.0,None,None,1082033000,345184000,345184000,None,None,None,1082033000.0,201034000.0,None,3950653000.0,3551006000.0,None,CNY,118653818000.0,3459151000,None,160688000,54845678000.0,62597346000.0,None,87000,2654000,59018101000,769962000.0,None,3145616000.0,5592847000.0,43407413000.0,19624535000,19624535000,69456000,5072923000.0,90221140000,13067017000,55450224000,69888458000.0,4559441000,None,562117000,1197007000.0,None,None,None,None,None,None,None,387675000,None,28432678000,520963000,None,None,11438265000,None,None,None,None,None,75481305000,None,131000000,CNY,-2478387000,1280447000,-2478387000,-10522000,2541175000,-1393899000,-447632000.0,-1117511000,3551006000.0,2702463000,6500649000.0,None,690057000,-926545000,-2560897000,88440000,-430535000,1204667000,471155000.0,None,None,None,320.96,429.38
2,2019-12-31,CNY,15734804000.0,12758361000.0,7524376000.0,8210428000.0,3672087000.0,3053732000.0,2267488000.0,0,3968299000.0,11587756000.0,2966497000.0,0,2976443000.0,0,0,876329000,279546000,279546000,8117595000,0,0,-156064000.0,712310000.0,8117595000,3091970000.0,3053732000.0,0,CNY,112124371000.0,7346390000,None,117975000,49531516000.0,61453699000.0,0,2156000,2640000,56393640000,559954000.0,0,2933701000.0,3246373000.0,38243013000.0,16828226000,16828226000,-71445000,5085400000.0,85105012000,11653868000,54107309000,68799670000.0,4169358000,0,650557000,1212303000.0,0,0,0,0,0,0,0,217407000,0,27019359000,471403000,0,0,11288503000,0,0,0,3913656000,0,72046043000,0,130000000,CNY,-6946194000,355063000,-6946194000,-588577000,1533793000,1171583000,6528267000.0,1023476000,3053732000.0,-290760000,5510697000.0,0,695644000,-6890484000,0,36191000,545607000,1463012000,996415000.0,0,0,0,306.64,320.96
3,2019-09-30,CNY,14635690000.0,11300919000.0,6765340000.0,7870350000.0,4038158000.0,12730299000.0,2162254000.0,0,14029743000.0,6624904000.0,2373325000.0,0,3334771000.0,0,0,1116653000,184795000,184795000,-155076000,0,0,1116653000.0,10510177000.0,-155076000,12913090000.0,12730299000.0,0,CNY,105823818000.0,9.48,None,3947201000,41771698000.0,63381110000.0,0,32.10,63381110000,0,779827000.0,0,14774619000.0,2741419000.0,34610569000.0,15494839000,15494839000,63381110000,5149265000.0,82546021000,50000000,60077197000,58640272000.0,4706696000,0,686749000,1219413000.0,0,0,0,0,0,0,0,14418332000,0,23277797000,0,0,0,7161129000,0,0,0,0,0,61381691000,0,130000000,CNY,-7079382000,711468000,-7079382000,-201701000,1527871000,732612000,128192000.0,-1017915000,12730299000.0,-2455151000,3853423000.0,0,703387000,-923444000,-7000,83150000,-333859000,-9643454000,538470000.0,0,0,0,266.18,306.64
4,2019-06-30,CNY,18768999000.0,15282783000.0,10643230000.0,8125769000.0,4128633000.0,3071367000.0,2062245000.0,0,3803046000.0,6539275000.0,2577308000.0,0,3486216000.0,0,0,685178000,187311000,187311000,-282815000,0,0,685178000.0,129519000.0,-155076000,3117868000.0,3071367000.0,0,CNY,92800303000.0,15.57,None,4311451000,41132971000.0,50951338000.0,0,43.59,50951338000,0,911522000.0,0,9969289000.0,4832320000.0,33932654000.0,13553805000,13553805000,50951338000,6187072000.0,73043425000,50000000,47400821000,50719264000.0,4494715000,0,3966704000,2609491000.0,0,0,0,0,0,0,0,9866660000,0,19756878000,0,0,0,7200317000,0,0,0,0,0,55551584000,0,130000000,CNY,-3369900000,-1126381000,-3369900000,-52790000,-846246000,-1232805000,226558000.0,810218000,3071367000.0,-101317000,4465764000.0,0,642417000,-613117000,10645000,310928000,584626000,1006361000,595572000.0,0,0,0,255.77,266.18
5,2019-03-31,CNY,14422209000.0,14946829000.0,6684535000.0,7737674000.0,3996670000.0,2382118000.0,2166123000.0,0,4080714000.0,6338095000.0,1944940000.0,0,3755040000.0,0,0,1266685000,288510000,173600000,-350755000,0,0,1268959000.0,149305000.0,-155076000,2463274000.0,2382118000.0,0,CNY,91439321000.0,19.14,None,5113030000,43671103000.0,47768218000.0,0,62.34,47768218000,0,600433000.0,0,13562821000.0,4132058000.0,36229397000.0,14134554000,14134554000,47768218000,6179644000.0,71646856000,50000000,44218770000,47671062000.0,5070886000,0,4277632000,2949296000.0,0,0,0,0,0,0,0,9793274000,0,19792465000,0,0,0,6629663000,0,0,0,0,0,51803120000,0,129000000,CNY,-4741265000,956821000,-4741265000,-3520115000,756113000,411135000,68611000.0,-2340843000,2463274000.0,-961450000,3386574000.0,0,581177000,-413589000,0,740191000,-773799000,897392000,1221150000.0,0,0,0,241.45,255.77
6,2018-12-31,CNY,60975309.3,54076729.57,37446313.15,23528996.15,6898579.73,5216503.08,6622904.11,0,8321988.1,18989056.43,10007512.31,0,6898579.73,0,0,914538000,None,None,-121900414.33,0,0,2825873.29,1423408.37,-476500.51,5496114.81,5216503.08,0,CNY,267225500.0,18336401.67,None,17197800.95,109253638.94,138982804.62,0,37872876.30,8050.45,138922364.81,1374528.02,0,4793396.71,16559335.88,107879110.93,0,0,52389.37,16526648.6,211142119.37,16426933.65,120646402.95,137346354.35,14808962.54,0,15418215.55,7327806.9,0,0,0,0,0,0,0,0,0,0,0,0,0,0,0,0,0,0,0,1047549605.93,0,130000000,CNY,-22135764.67,1243625.27,-25295064.78,-598452.51,126481.15,8592246.57,9882115.82,2452197.29,5216503.08,1490350,18237774.46,0,2077200.03,-1227152.58,-1092778803.52,3912241.34,869706.52,1144666.21,1268302.04,0,0,0,235.37,241.45
7,2018-09-30,USD,2453857677.36,2147072311.43,1355086695.1,1098770982.25,306785365.92,232394269.82,329131010.79,0,358813783.87,416820014.85,462854605.54,0,306785365.92,0,0,None,None,None,0,0,0,122842813.26,52028417.94,0,235970970.61,232394269.82,0,USD,11645094119.87,512543201.97,None,1405434640.19,4913457613.3,6314816491.72,0,1339099127.95,6314816491.72,0,91104834.84,0,1173674241.87,695611233.24,4822352778.47,0,0,0,772434596.51,9164604521.83,21837557.69,5802273289.76,5482467789.6,665208257.51,0,915882601.29,374808921.37,0,0,0,0,0,0,0,0,0,0,0,0,0,0,0,0,0,0,0,0,0,129000000,USD,444507854.24,208645197.92,-58073345.08,-11000742.48,38641121.58,-133089140.91,165921763.31,31540130.15,232394269.82,343353666.53,526653612.66,0,83016494.64,-77701815.43,0,-89533695.35,-106226615.62,64580063.77,97590152.72,0,0,0,228.25,235.37
8,2018-06-30,USD,2442094331.13,535.33,1355544841.03,1086549490.1,349968656.27,315914217.16,287556388.72,0,402455758.85,236459658.07,449024445.11,0,349968656.27,0,0,None,None,None,0,0,0,63066136.77,52487102.58,0,339389622.08,315914217.16,0,USD,11307748650.27,88025044.99,None,1305676364.73,4530871775.64,6540417216.56,0,1122339082.18,6540417216.56,0,88652369.53,0,1112130173.97,461800539.89,4442219406.12,0,0,0,730830983.8,9354266946.61,22495500.90,6452392171.57,6156062087.58,579482003.60,0,851245950.81,346162567.49,0,0,0,0,0,0,0,0,0,0,0,0,0,0,0,0,0,0,0,0,0,131000000,USD,-304081433.71,-154683713.26,-580410167.97,-26698710.26,421005248.95,-43784193.16,65067786.44,64192411.52,315914217.16,-318883923.22,293630323.94,0,70607828.43,-28731703.66,0,-83240551.89,93564637.07,127009148.17,116213707.26,0,0,0,252.67,228.25
9,2018-03-31,USD,2256665870.55,2064492795.16,1308719369.48,947946501.07,192173075.39,119719608.31,232297906.22,0,173154207.47,157042910.6,523475519.47,None,192173075.39,0,0,None,None,None,0,0,0,45010269.88,-19018867.92,0,128143937.58,119719608.31,None,USD,11746735769.45,93957646.68,None,1668327044.03,4506113207.55,7083579651.3,0,1457136692.94,7083579651.30,0,67120292.97,0,858344717.78,593493352.44,4438992914.58,1515191306.42,1515191306.42,0,678544542.63,10092005413.58,23883448.77,6989622004.62,6306859644.93,707934877.80,0,815390494.39,376687684.1,0,0,0,0,0,0,None,None,None,None,None,None,None,None,None,None,None,None,None,None,None,132000000,USD,5115038.61,145357376.01,-170085025.08,-15220762.68,492916169.09,-442480.69,-72446461.27,-179111376.48,119719608.31,127078576.55,303316137.25,None,58345036.22,-50236605.37,0,56344080.89,-141422657.43,165587294.01,106700581.16,None,None,None,280.39,252.67
10,2017-12-31,USD,2485111000.0,43092856000.0,1432146000.0,25955281000.0,11642924000.0,257590000.0,209130000.0,0,318711000.0,3436000.0,718612000.0,None,289193000.0,0,14155000,None,None,None,0,0,0,57685000.0,1043058000.0,0,10285215000.0,257590000.0,None,USD,10917330000.0,217272000,None,510139000,3685902000.0,7028881000.0,32742000,2065008000,412000,6758970000,2805000.0,None,816796000.0,424841000.0,3650326000.0,6623502000,6623502000,36585000,579335000.0,61947760000,2784776000,44318366000,7112021000.0,4113643000,2803000,841481000,375410000.0,None,None,None,None,None,None,None,None,None,None,None,None,None,None,None,None,None,None,None,None,None,133000000,USD,-10111368000,-191103000,-13249291000,-618124000,3104970000,-1302728000,140095000.0,2175508000,257590000.0,-2675359000,1827346000.0,None,801804000,-500685000,-176611000,-3896799000,86874000,1882565000,283254000.0,None,None,None,345.07,280.39
11,2017-09-30,USD,1875429000.0,6621890000.0,949818000.0,8187756000.0,6649393000.0,379879000.0,173289000.0,0,415899000.0,2128000.0,510707000.0,None,383222000.0,0,0,None,None,None,0,0,0,33892000.0,-113350000.0,0,5591848000.0,379879000.0,None,USD,9994968000.0,596458000,None,1292767000,3038419000.0,6765928000.0,None,1701995000,45015752000,None,1600000.0,None,648650000.0,387104000.0,3020436000.0,5732593000,5732593000,None,504482000.0,58827390000,50000000,44419294000,6672054000.0,3259524000,None,None,310955000.0,None,None,None,None,None,None,None,None,None,None,None,None,None,None,None,None,None,None,None,None,None,132000000,USD,140393000,244881000,-966535000,-588546000,457009000,-1152463000,60000000.0,-1245626000,379879000.0,-436978000,1655256000.0,None,210791000,-735611000,None,-3896799000,125160000,370189000,512359000.0,None,None,None,263.81,345.07
12,2017-06-30,USD,1973072000.0,-16635146000.0,954167000.0,-15713961000.0,-10910444000.0,438409000.0,155101000.0,0,545469000.0,3293000.0,491425000.0,None,502319000.0,0,0,None,None,None,0,0,0,103767000.0,-254293000.0,0,-9039106000.0,438409000.0,None,USD,9617948000.0,582742000,None,1100614000,3019608000.0,6422201000.0,None,1676444000,43538025000,None,30000.0,None,678635000.0,444367000.0,2978102000.0,5377687000,5377687000,None,439855000.0,57620381000,50000000,42955283000,6452382000.0,3403854000,None,None,280051000.0,None,None,None,None,None,None,None,None,None,None,None,None,None,None,None,None,None,None,None,None,None,133000000,USD,-1580742000,-509793000,-3031033000,-1019166000,983461000,-213373000,311500000.0,-284254000,438409000.0,-946751000,2321367000.0,None,170571000,-980513000,None,-3896799000,266928000,657938000,433021000.0,None,None,None,300.63,263.81
13,2017-03-31,USD,1981716000.0,8868608000.0,873254000.0,7483617000.0,4771938000.0,569904000.0,134356000.0,0,719754000.0,12845000.0,393956000.0,None,693274000.0,0,0,None,None,None,0,0,0,137005000.0,182274000.0,0,4011180000.0,569904000.0,None,USD,9131595000.0,585815000,None,954820000,2960013000.0,6046599000.0,None,1688525000,41619953000,None,29000.0,None,869257000.0,575205000.0,2932789000.0,4483442000,4483442000,None,390225000.0,54185325000,500000000,41034138000,5807026000.0,3682936000,None,None,229424000.0,None,None,None,None,None,None,None,None,None,None,None,None,None,None,None,None,None,None,None,None,None,133000000,USD,-5144005000,-403516000,-5616986000,-148395000,689930000,15917000,72641000.0,-1205940000,569904000.0,-1480248000,585652000.0,None,146144000,-133237000,None,-3896799000,82047000,113234000,47280000.0,None,None,None,284.0,300.63
14,2016-12-31,USD,1542843000.0,19184935000.0,716089000.0,16330238000.0,9782264000.0,469506000.0,109900000.0,0,589367000.0,2916000.0,325863000.0,None,488707000.0,0,36838000,None,None,None,0,0,0,116945000.0,1266497000.0,0,11792863000.0,469506000.0,None,USD,8358326000.0,121411000,None,557177000,2818510000.0,5500660000.0,56441000,1866978000,385000,5264361000,29000.0,None,819911000.0,783452000.0,2813625000.0,3815691000,3815691000,61479000,348482000.0,49383365000,2520027000,37348127000,4957006000.0,4620096000,29000,227298000,201093000.0,None,None,None,None,None,None,None,None,None,None,None,None,None,None,None,None,None,None,None,None,None,132000000,USD,-10550028000,3483578000,-14001814000,-2313823000,1494756000,-2250507000,1000.0,577709000,469506000.0,-631988000,2230774000.0,None,327515000,-366724000,-172544000,-760365000,-1646885000,915804000,163551000.0,None,None,None,215.34,284.0
15,2016-09-30,USD,1381367000.0,460045000.0,568069000.0,53574000.0,-201400000.0,410890000.0,123003000.0,0,483260000.0,8311000.0,372943000.0,None,426873000.0,0,-194200000,None,None,None,0,0,0,64059000.0,0.0,0,0.0,410890000.0,None,USD,7446266000.0,None,None,717401000,2160738000.0,5249035000.0,None,1430412000,35003190000,36489000000,30000.0,None,1143707000.0,672086000.0,2153617000.0,3005010000,3005010000,None,324334000.0,39865791000,1210000000,None,4189555000.0,2661949000,None,1578000000,114297000.0,None,None,None,None,None,None,None,None,None,None,None,None,None,None,None,None,None,None,None,None,None,132000000,USD,None,None,-4530695000,None,None,262000,-4365712000.0,68221000,410890000.0,-775357000,3729948000.0,None,89905000,None,None,-760365000,-181029000,None,165535000.0,None,None,None,240.78,215.34
16,2016-06-30,USD,1347120000.0,5905000000.0,541035000.0,5280000000.0,3048000000.0,409366000.0,109278000.0,0,458452000.0,9565000.0,335914000.0,None,458614000.0,0,162000000,None,None,None,0,0,0,39521000.0,0.0,0,0.0,409366000.0,None,USD,6886215000.0,None,None,729076000,1934167000.0,4923770000.0,None,1328555000,32723000000,36489000000,30000.0,None,1016330000.0,791038000.0,1927704000.0,2321000000,2321000000,None,310211000.0,36949000000,1620000000,None,3664721000.0,2491000000,None,1578000000,109179000.0,None,None,None,None,None,None,None,None,None,None,None,None,None,None,None,None,None,None,None,None,None,132000000,USD,None,None,-3318000000,None,None,-1349000000,-3057000000.0,74000000,409366000.0,-1327000000,3287000000.0,None,77000000,None,None,-760000000,-77000000,None,262000000.0,None,None,None,193.22,240.78
17,2016-03-31,USD,1227568000.0,0.0,506296000.0,0.0,0.0,381637000.0,96675000.0,0,470269000.0,6335000.0,266583000.0,None,444740000.0,0,0,None,None,None,0,0,0,82297000.0,0.0,0,0.0,381637000.0,None,USD,6705717000.0,None,None,658823000,1875018000.0,4811411000.0,None,1197842000,None,None,943000.0,None,795973000.0,1021174000.0,1861446000.0,None,None,None,311874000.0,None,None,None,3543050000.0,None,None,None,143416000.0,None,None,None,None,None,None,None,None,None,None,None,None,None,None,None,None,None,None,None,None,None,133000000,USD,None,None,None,None,None,None,1000.0,None,381637000.0,None,479646000.0,None,None,-85726000,None,None,30597000,55309000,37859000.0,None,None,None,143.58,193.22
18,2015-12-31,USD,1175780000.0,15530772000.0,543591000.0,13403635000.0,7272123000.0,320570000.0,85913000.0,0,396415000.0,76032000.0,265278000.0,None,358870000.0,0,2933000,None,None,None,0,0,0,77058000.0,838185000.0,0,6836900000.0,320570000.0,None,USD,6353612000.0,66359000,None,428981000,1826828000.0,4513891000.0,12541000,1260038000,414000,4238796000,13117000.0,None,718833000.0,937276000.0,1801140000.0,2272760000,2272760000,27452000,322956000.0,34408924000,2874652000,28810222000,3365252000.0,2907295000,13086000,126241000,108154000.0,None,None,None,None,None,None,None,None,None,None,None,None,None,None,None,None,None,None,None,None,None,132000000,USD,-616648000,2927110000,-2536524000,-890509000,87142000,-1632736000,-119721000.0,-116312000,320570000.0,4050034000,1246862000.0,None,182450000,-226615000,-38794000,-789514000,-1744059000,480213000,133736000.0,None,None,None,181.24,143.58
19,2015-09-30,USD,1017259000.0,0.0,425647000.0,0.0,0.0,285484000.0,94361000.0,0,354350000.0,7484000.0,266963000.0,None,317622000.0,0,0,None,None,None,0,0,0,61382000.0,0.0,0,0.0,285484000.0,None,USD,5854142000.0,18348000,None,598912000,1567665000.0,4253587000.0,None,1032417000,None,None,10849000.0,None,341401000.0,986544000.0,1556816000.0,None,None,None,285983000.0,None,None,None,3335713000.0,None,None,None,81025000.0,None,None,None,None,None,None,None,None,None,None,None,None,None,None,None,None,None,None,None,None,None,132000000,USD,None,None,39911000,None,None,None,2000.0,None,285484000.0,None,780890000.0,None,None,-156874000,None,None,None,40459000,101650000.0,None,None,None,120.12,181.24
