,fiscalDateEnding,reportedCurrency_x,totalRevenue,totalOperatingExpense,costOfRevenue,grossProfit,ebit,netIncome_x,researchAndDevelopment,effectOfAccountingCharges,incomeBeforeTax,minorityInterest,sellingGeneralAdministrative,otherNonOperatingIncome,operatingIncome,otherOperatingExpense,interestExpense,taxProvision,interestIncome,netInterestIncome,extraordinaryItems,nonRecurring,otherItems,incomeTaxExpense,totalOtherIncomeExpense,discontinuedOperations,netIncomeFromContinuingOperations,netIncomeApplicableToCommonShares,preferredStockAndOtherAdjustments,reportedCurrency_y,totalAssets,intangibleAssets,earningAssets,otherCurrentAssets,totalLiabilities,totalShareholderEquity,deferredLongTermLiabilities,otherCurrentLiabilities,commonStock,retainedEarnings,otherLiabilities,goodwill,otherAssets,cash,totalCurrentLiabilities,shortTermDebt,currentLongTermDebt,otherShareholderEquity,propertyPlantEquipment,totalCurrentAssets,longTermInvestments,netTangibleAssets,shortTermInvestments,netReceivables,longTermDebt,inventory,accountsPayable,totalPermanentEquity,additionalPaidInCapital,commonStockTotalEquity,preferredStockTotalEquity,retainedEarningsTotalEquity,treasuryStock,accumulatedAmortization,otherNonCurrrentAssets,deferredLongTermAssetCharges,totalNonCurrentAssets,capitalLeaseObligations,totalLongTermDebt,otherNonCurrentLiabilities,totalNonCurrentLiabilities,negativeGoodwill,warrants,preferredStockRedeemable,capitalSurplus,liabilitiesAndShareholderEquity,cashAndShortTermInvestments,accumulatedDepreciation,commonStockSharesOutstanding,reportedCurrency,investments,changeInLiabilities,cashflowFromInvestment,otherCashflowFromInvestment,netBorrowings,cashflowFromFinancing,otherCashflowFromFinancing,changeInOperatingActivities,netIncome_y,changeInCash,operatingCashflow,otherOperatingCashflow,depreciation,dividendPayout,stockSaleAndPurchase,changeInInventory,changeInAccountReceivables,changeInNetIncome,capitalExpenditures,changeInReceivables,changeInExchangeRate,changeInCashAndCashEquivalents,clossingVal,nextClossingVal
0,2020-06-30,USD,16263000,49297000,None,None,-31468000,-32393000,37771000,None,-32393000,None,11526000,None,-33034000,None,None,None,641000,641000,None,None,None,None,None,None,-32393000,-32393000,None,USD,490830000,None,None,None,139243000,351587000,None,None,6000,-365077000,62752000,None,4592000,361687000,59142000,None,None,155000,39871000,446367000,0,351587000,75117000,3864000,None,None,7000,None,None,None,None,None,None,None,4592000,None,44463000,23183000,None,None,80101000,None,None,None,None,None,None,None,None,USD,92963000,71491000,92963000,None,None,132225000,-500000,2553000,-32393000,282605000,57417000,None,1566000,None,None,None,9504000,4696000,1036000,None,None,None,21.02,
1,2020-03-31,USD,12916000,45964000,None,None,-31507000,-31806000,34650000,None,-31806000,None,11314000,None,-33048000,None,None,None,1242000,1242000,None,None,None,None,None,None,-31806000,-31806000,None,USD,314752000,None,None,None,66993000,247759000,None,None,5000,-332684000,13020000,None,2823000,80993000,35304000,None,None,373000,42169000,269760000,0,247759000,169266000,13368000,None,None,3870000,None,None,None,None,None,None,None,2823000,None,44992000,24362000,None,None,31689000,None,None,None,580065000,None,250259000,None,50000000,USD,57448000,-3521000,57448000,58293000,None,4864000,-500000,32000,-31806000,23767000,-38545000,None,1541000,None,336000,None,-8748000,3957000,845000,None,None,None,12.23,21.02
2,2019-12-31,USD,10936000,40707000,31731000,-20795000,-28188000,-28276000,31731000,None,-28276000,None,8976000,None,-29771000,None,None,None,1495000,1495000,None,None,None,None,1495000,None,-28276000,-28276000,None,USD,334280000,None,None,None,64399000,269881000,None,12674000,5000,-300878000,16136000,None,2920000,57226000,35633000,None,None,261000,37133000,289481000,4746000,269881000,222500000,4620000,None,None,3941000,None,None,None,None,None,None,None,2920000,None,44799000,18375000,None,None,28766000,None,None,None,570493000,None,279726000,None,47000000,USD,27884000,-6364000,27884000,31970000,None,19564000,-500000,2844000,-28276000,18786000,-28662000,None,1583000,None,4178000,None,-1021000,2572000,2572000,None,None,None,14.67,12.23
3,2019-09-30,USD,10616000,35944000,27513000,-16897000,-23945000,-23634000,27513000,None,-23634000,None,8431000,None,-25328000,None,None,None,1694000,1694000,None,None,None,None,1694000,None,-23634000,-23634000,None,USD,346635000,None,None,None,70983000,275652000,None,15822000,5000,-272602000,19322000,None,2963000,38440000,37519000,None,None,336000,37869000,295935000,9868000,275652000,247482000,3599000,None,None,4548000,None,None,None,None,None,None,None,2963000,None,50700000,19647000,None,None,33464000,None,None,None,547913000,None,285922000,None,49000000,USD,-31652000,-4813000,-31652000,1514000,None,46400000,-500000,-923000,-23634000,-10700000,-25448000,None,1383000,None,2750000,None,589000,1950000,1748000,None,None,None,13.35,14.67
4,2019-06-30,USD,11118000,38578000,25460000,-14342000,-26138000,-25683000,25460000,None,-25683000,None,13118000,None,-27460000,None,None,None,1777000,1777000,None,None,None,None,1777000,None,-25683000,-25683000,None,USD,352441000,None,None,27140000,75575000,276866000,None,19652000,5000,-248968000,22508000,None,2948000,49140000,38463000,None,None,255000,37617000,307137000,4739000,276866000,221959000,4188000,None,None,1848000,None,None,None,None,None,None,None,2948000,None,45304000,19669000,None,None,37112000,None,None,None,525574000,None,271099000,None,46000000,USD,23249000,-8579000,23249000,31418000,None,6471000,7912000,2404000,-25683000,2043000,-27677000,None,1322000,None,2558000,None,-597000,3456000,941000,None,None,None,16.37,13.35
5,2019-03-31,USD,10433000,34242000,23709000,-13276000,-22510000,-21940000,23709000,None,-21940000,None,10533000,None,-23809000,None,None,None,1869000,1869000,None,None,None,None,1869000,None,-21940000,-21940000,None,USD,344363000,None,None,None,80025000,264338000,None,4381000,5000,-223285000,25659000,None,2989000,47097000,39234000,4381000,4381000,59000,37681000,303693000,None,264338000,249485000,3591000,15132000,None,3687000,None,None,None,None,None,None,None,2989000,None,40670000,19513000,None,15132000,40791000,None,None,None,487559000,None,296582000,None,45000000,USD,5695000,-5486000,5695000,7228000,None,3999000,3639000,-2671000,-21940000,-11759000,-21453000,None,1299000,None,360000,None,3956000,3389000,1533000,None,None,None,17.08,16.37
6,2018-12-31,USD,7880000,28626000,19918000,-12038000,-20746000,-19066000,65878000,0,-19066000,0,8708000,None,-20746000,0,0,None,None,None,0,0,0,0,1680000,0,-19066000,-19066000,None,USD,347315000,None,None,None,69395000,277920000,None,27122000,5000,-201025000,28823000,None,5277000,58856000,40572000,None,None,-28000,17061000,324977000,None,277920000,255203000,7547000,None,None,2708000,None,None,None,None,None,None,None,None,None,None,None,None,None,None,None,None,None,478968000,None,314059000,None,43000000,USD,-254555000,9965000,-256016000,-254424000,None,30162000,-424000,1073000,-19066000,-234392000,-8538000,None,1227000,None,40641000,None,-4734000,2997000,1592000,None,None,None,13.65,17.08
7,2018-09-30,USD,7408000,31507000,23237000,-15829000,-24099000,-22702000,23237000,0,-22702000,0,8270000,None,-24099000,0,0,None,None,None,0,0,0,0,1397000,0,-22702000,-22702000,None,USD,321233000,0,None,2768000,57963000,263270000,0,14268000,4000,-181959000,32048000,0,5469000,293248000,25915000,None,None,None,16935000,298829000,None,263270000,0,2813000,0,0,1754000,0,0,0,0,0,0,None,None,None,None,None,None,None,None,None,None,None,None,None,None,None,43000000,USD,-254555000,-3061000,-2016000,0,None,2180000,-424000,1892000,-22702000,-12290000,-12454000,None,1152000,0,0,0,5796000,4469000,2016000,None,None,None,28.62,13.65
8,2018-06-30,USD,7677000,31272000,23467000,-15790000,-23595000,-22219000,23467000,0,-22219000,0,7805000,None,-23595000,0,0,None,None,None,0,0,0,0,1376000,0,-22219000,-22219000,None,USD,339778000,0,None,3482000,60442000,279336000,35181000,15678000,4000,-159257000,35273000,0,5569000,305538000,25169000,None,None,None,16580000,317629000,None,279336000,0,8609000,0,0,335000,0,0,0,0,0,0,None,None,None,None,None,None,None,None,None,None,None,None,None,None,None,43000000,USD,-254555000,-6193000,-900000,0,None,1155000,-424000,1115000,-22219000,-22240000,-22495000,None,1073000,0,0,0,-1143000,4872000,900000,None,None,None,27.36,28.62
9,2018-03-31,USD,7469000,29899000,22493000,-15024000,-22430000,-21356000,22493000,0,-21356000,0,7406000,None,-22430000,0,0,None,None,None,0,0,0,0,1074000,0,-21356000,-21356000,None,USD,359545000,0,None,2476000,64046000,295499000,38332000,17062000,4000,-137038000,38463000,0,5815000,327778000,25583000,None,None,None,16010000,337720000,None,295499000,0,7466000,0,0,1916000,0,0,0,0,0,0,None,None,None,None,None,None,None,None,None,None,None,None,None,None,None,42000000,USD,-254555000,-4415000,-1850000,0,None,6720000,-424000,-123000,-21356000,-12900000,-17770000,None,1012000,0,0,0,3005000,4107000,1850000,None,None,None,21.09,27.36
10,2017-12-31,USD,6668000,138282000,30550000,-41530000,-63838000,-52187000,21170000,0,-67543000,0,28025000,None,-53680000,0,0,None,None,None,0,0,0,0,2012000,0,-61073000,-61073000,None,USD,376235000,0,None,3681000,75638000,300597000,0,29187000,4000,-121113000,44279000,0,6133000,340678000,31359000,None,None,None,15272000,354830000,None,300597000,0,10471000,0,0,2172000,0,0,0,0,0,0,None,None,None,None,None,None,None,None,None,None,None,None,None,None,None,36000000,USD,-254555000,1906000,-10091000,0,None,142981000,-424000,1278000,-67543000,67614000,-65276000,None,2994000,0,141000000,0,-4017000,15488000,10091000,None,None,None,19.22,21.09
11,2017-09-30,USD,7317000,-64544000,22402000,0,-27593000,237000,17481000,0,0,0,0,None,142000,0,0,None,None,None,0,0,0,0,0,0,-28770000,-28770000,None,USD,249170000,0,None,2296000,73323000,175847000,47336000,23592000,4000,-97150000,47537000,0,6557000,222264000,25786000,None,None,None,13560000,229053000,None,175847000,0,4493000,0,0,2194000,0,0,0,0,0,0,None,None,None,None,None,None,None,None,None,None,None,None,None,None,None,35000000,USD,None,70000,-7694000,0,None,864000,None,254000,-43580000,-18783000,-43970000,None,0,0,0,0,1961000,3297000,7694000,None,None,None,24.85,19.22
12,2017-06-30,USD,5917000,21934000,21223000,0,34507000,-2962000,15565000,0,0,0,0,None,-3069000,0,0,None,None,None,0,0,0,0,0,0,34931000,34931000,None,USD,264975000,0,None,2108000,77390000,187585000,50785000,24104000,4000,-81794000,51019000,0,6478000,241047000,26371000,None,None,None,12578000,245919000,None,187585000,0,2764000,0,0,2267000,0,0,0,0,0,0,None,None,None,None,None,None,None,None,None,None,None,None,None,None,None,35000000,USD,None,-4148000,-5434000,0,None,493000,None,762000,-28224000,-16504000,-27076000,None,0,0,0,0,3690000,2911000,5434000,None,None,None,16.0,24.85
13,2017-03-31,USD,6215000,0,18503000,0,-12631000,-12631000,13431000,0,0,0,0,None,-12948000,0,0,None,None,None,0,0,0,0,0,0,-12631000,-12631000,None,USD,279263000,0,None,1084000,79380000,199883000,54092000,23476000,4000,-66201000,54470000,0,6767000,257551000,24910000,None,None,None,11418000,261078000,None,199883000,0,2443000,0,0,1434000,0,0,0,0,0,0,None,None,None,None,None,None,None,None,None,None,None,None,None,None,None,35000000,USD,None,-7040000,-4162000,0,None,47000,None,972000,-12631000,-15513000,-11398000,None,0,0,0,0,4011000,2630000,4162000,None,None,None,14.09,16.0
14,2016-12-31,USD,5627000,48638000,16044000,-15361000,-45377000,-31052000,11331000,0,-31052000,0,16798000,None,-31408000,0,0,None,None,None,0,0,0,0,525000,0,-44852000,-44852000,None,USD,298969000,0,None,1788000,89132000,209837000,0,26078000,4000,-53570000,58402000,0,7035000,273064000,30730000,None,None,None,10628000,281306000,None,209837000,0,6454000,0,0,4652000,0,0,0,0,0,0,None,None,None,None,None,None,None,None,None,None,None,None,None,None,None,22000000,USD,-254555000,4834000,-6165000,0,None,167304000,-3464000,-4394000,-31634000,197248000,36109000,None,1104000,0,0,0,-5454000,6728000,6165000,None,None,None,13.11,14.09
15,2016-09-30,USD,4869000,0,12301000,0,20118000,-371000,7861000,0,-371000,0,0,None,-499000,0,0,None,None,None,0,0,0,0,0,0,20118000,20118000,None,USD,301469000,0,None,972000,83345000,218124000,60406000,21976000,4000,-43007000,60712000,0,3275000,290618000,22633000,None,None,None,5492000,292702000,None,218124000,0,1112000,0,0,657000,0,0,0,0,0,0,None,None,None,None,None,None,None,None,None,None,None,None,None,None,None,34000000,USD,None,1895000,-2760000,0,None,167043000,-200000,269000,-7482000,-10069000,50519000,None,0,0,170507000,0,112000,2055000,2760000,None,None,None,17.02,13.11
16,2016-06-30,USD,4206000,0,10905000,0,-6900000,6478000,7423000,0,6478000,0,0,None,6442000,0,0,None,None,None,0,0,0,0,0,0,-6900000,-6900000,None,USD,310624000,0,None,1217000,87022000,223602000,65042000,20575000,4000,-35525000,65405000,0,3299000,300687000,21617000,None,None,None,4421000,302904000,None,223602000,0,1000000,0,0,1042000,0,0,0,0,0,0,None,None,None,None,None,None,None,None,None,None,None,None,None,None,None,19000000,USD,None,686000,-2155000,0,None,168897000,-200000,-348000,-6900000,236495000,58129000,None,0,0,170507000,0,0,1835000,2155000,None,None,None,21.35,17.02
17,2016-03-31,USD,1777000,0,8284000,0,0,-6689000,5225000,0,-6689000,0,0,None,-6694000,0,0,None,None,None,0,0,0,0,0,0,0,0,None,USD,75540000,0,None,745000,14062000,61478000,2753000,9754000,0,-28625000,3102000,0,5375000,64192000,10960000,None,None,None,4228000,65937000,None,None,0,None,0,0,1206000,0,0,0,88620000,0,0,None,None,None,None,None,None,None,None,None,None,None,None,None,None,None,1000000,USD,None,None,-1008000,0,None,-1195000,None,None,-6689000,None,-9421000,None,0,0,0,0,0,None,1008000,None,None,None,nan,21.35
18,2015-12-31,USD,1693000,19453000,7052000,-5126000,-13409000,-12397000,4375000,0,-13409000,0,8283000,None,-13409000,0,0,None,None,None,0,0,0,-1012000,0,0,-12397000,-12397000,None,USD,82139000,None,None,810000,14783000,67356000,3765000,9335000,4000,-21936000,4088000,None,1805000,75816000,10695000,None,None,None,2708000,77626000,None,-21201000,None,1000000,None,None,1360000,None,None,None,88557000,None,None,None,None,None,None,None,None,None,None,None,None,None,None,None,None,None,None,USD,-254555000,1140000,-2554000,None,None,70288000,-4373000,354000,-12397000,65971000,-1763000,None,328000,None,170768000,None,-1012000,1317000,2554000,None,None,None,nan,nan
19,2015-09-30,USD,1688000,0,4893000,0,0,0,3458000,0,0,0,0,None,0,0,0,None,None,None,0,0,0,0,0,0,0,0,None,USD,None,None,None,None,None,None,None,None,None,None,None,None,None,None,None,None,None,None,None,None,None,None,None,None,None,None,None,None,None,None,None,None,None,None,None,None,None,None,None,None,None,None,None,None,None,None,None,None,None,USD,None,None,None,None,None,None,None,None,None,None,None,None,None,None,None,None,None,None,0,None,None,None,nan,nan
