,fiscalDateEnding,reportedCurrency_x,totalRevenue,totalOperatingExpense,costOfRevenue,grossProfit,ebit,netIncome_x,researchAndDevelopment,effectOfAccountingCharges,incomeBeforeTax,minorityInterest,sellingGeneralAdministrative,otherNonOperatingIncome,operatingIncome,otherOperatingExpense,interestExpense,taxProvision,interestIncome,netInterestIncome,extraordinaryItems,nonRecurring,otherItems,incomeTaxExpense,totalOtherIncomeExpense,discontinuedOperations,netIncomeFromContinuingOperations,netIncomeApplicableToCommonShares,preferredStockAndOtherAdjustments,reportedCurrency_y,totalAssets,intangibleAssets,earningAssets,otherCurrentAssets,totalLiabilities,totalShareholderEquity,deferredLongTermLiabilities,otherCurrentLiabilities,commonStock,retainedEarnings,otherLiabilities,goodwill,otherAssets,cash,totalCurrentLiabilities,shortTermDebt,currentLongTermDebt,otherShareholderEquity,propertyPlantEquipment,totalCurrentAssets,longTermInvestments,netTangibleAssets,shortTermInvestments,netReceivables,longTermDebt,inventory,accountsPayable,totalPermanentEquity,additionalPaidInCapital,commonStockTotalEquity,preferredStockTotalEquity,retainedEarningsTotalEquity,treasuryStock,accumulatedAmortization,otherNonCurrrentAssets,deferredLongTermAssetCharges,totalNonCurrentAssets,capitalLeaseObligations,totalLongTermDebt,otherNonCurrentLiabilities,totalNonCurrentLiabilities,negativeGoodwill,warrants,preferredStockRedeemable,capitalSurplus,liabilitiesAndShareholderEquity,cashAndShortTermInvestments,accumulatedDepreciation,commonStockSharesOutstanding,reportedCurrency,investments,changeInLiabilities,cashflowFromInvestment,otherCashflowFromInvestment,netBorrowings,cashflowFromFinancing,otherCashflowFromFinancing,changeInOperatingActivities,netIncome_y,changeInCash,operatingCashflow,otherOperatingCashflow,depreciation,dividendPayout,stockSaleAndPurchase,changeInInventory,changeInAccountReceivables,changeInNetIncome,capitalExpenditures,changeInReceivables,changeInExchangeRate,changeInCashAndCashEquivalents,clossingVal,nextClossingVal
0,2020-06-30,USD,338398000,171776000,144182000,194216000,23682000,16662000,55237000,None,2000,None,102016000,1242000,22440000,11845000,23680000,-16660000,606000,-23074000,None,2678000,None,16660000,-2042000,None,-16658000,16662000,None,USD,3546086000,235703000,None,145831000,2395757000,1150329000,166938000,277489000,285000,-248271000,242755000,2129736000,265412000,240555000,522844000,None,None,-122682000,133755000,670941000,2986000,-1215110000,69283000,215272000,1524825000,None,245355000,None,None,285000,None,-248271000,-16788000,None,265412000,None,2767592000,131783000,1524825000,75817000,1767580000,None,None,None,1537785000,3546086000,309838000,None,281375000,USD,56501000,-40050000,42180000,-1374000,2834000,-233486000,-640000,-24404000,16662000,-159024000,32282000,8838000,64389000,None,0,None,6330000,-7225000,14363000,6330000,1672000,-157352000,25.31,
1,2020-04-30,USD,None,None,None,None,None,None,None,None,None,None,None,None,None,None,None,None,None,None,None,None,None,-16660000,None,None,None,16662000,None,USD,3546086000,235703000,None,None,2395757000,1150329000,76800000,7251000,285000,-248271000,242755000,2129736000,265412000,240555000,522844000,None,None,-122682000,241308000,670941000,2986000,-1215110000,69283000,215272000,1524825000,None,65511000,None,None,None,None,None,None,None,265412000,None,2875145000,131783000,None,75817000,1872913000,None,None,None,None,None,None,None,None,USD,None,-16974000,42180000,42000,-230000000,None,-6000,-24404000,None,None,32282000,None,None,None,None,None,None,30044000,0,None,None,None,20.2,25.31
2,2020-03-31,USD,369337000,187139000,157093000,212244000,24929000,-13510000,57909000,None,1300000,None,109400000,-176000,25105000,11821000,23629000,14810000,1512000,-22117000,None,8009000,None,-14810000,-9697000,None,16110000,-13510000,None,USD,3756750000,253414000,None,148494000,2641033000,1115717000,177647000,274315000,285000,-258437000,252400000,2125053000,242579000,397907000,767354000,230000000,230000000,-130077000,127721000,892248000,4897000,-1262750000,123373000,222474000,1512859000,None,263039000,None,None,285000,None,-258437000,-16788000,None,242579000,None,2753664000,136430000,1512859000,74753000,1765259000,None,None,None,1520734000,3756750000,521280000,None,281081000,USD,80218000,5318000,63295000,60000,-202251000,-48351000,-6530000,-13705000,-13510000,102822000,87878000,-37270000,27404000,None,-69570000,None,39176000,53250000,16983000,39176000,-6373000,96449000,16.78,20.2
3,2020-01-31,USD,None,None,None,None,None,None,None,None,None,None,None,None,None,None,None,None,None,None,None,None,None,21306000,None,None,None,-20006000,None,USD,3756750000,253414000,None,None,2641033000,1115717000,73100000,5907000,285000,-258437000,252400000,2125053000,242579000,397907000,767354000,None,230000000,-130077000,238559000,892248000,4897000,-1262750000,123373000,222474000,1512859000,None,75638000,None,None,None,None,None,None,None,242579000,None,2864502000,136430000,None,74753000,1873679000,None,None,None,None,None,None,None,None,USD,None,-4737000,63295000,60000,29858000,None,-2109000,-13705000,None,None,87878000,None,None,None,None,None,None,53250000,0,None,None,None,18.92,16.78
4,2019-12-31,USD,418233000,181738000,184389000,233844000,42252000,48685000,56553000,None,18437000,None,38314000,-9854000,52106000,12549000,23815000,-36440000,2186000,-21629000,-6192000,7850000,None,36440000,-19890000,-6192000,-18003000,48685000,None,USD,3785737000,272859000,None,145062000,2545218000,1240519000,193917000,261596000,288000,-244927000,262340000,2132249000,225792000,301458000,534255000,None,None,-114043000,125163000,910235000,7272000,-1164589000,201304000,262411000,1650650000,None,272659000,None,None,288000,None,-244927000,-16788000,None,225792000,None,2763335000,136088000,1650650000,68423000,1912990000,None,None,None,1615989000,3785737000,502762000,None,283875000,USD,-4111000,-46192000,-17043000,1272000,-314225000,-297537000,-29958000,-41623000,48685000,-261027000,53553000,84995000,29359000,None,-92444000,None,-19242000,4633000,14204000,-19242000,1524000,-259503000,17.83,18.92
5,2019-10-31,USD,None,None,None,None,None,None,None,None,None,None,None,None,None,None,None,None,None,None,None,None,None,-36440000,None,-6192000,None,48685000,None,USD,3785737000,272859000,None,None,2545218000,1240519000,70600000,14602000,288000,-244927000,262340000,2132249000,225792000,301458000,534255000,None,None,-114043000,237330000,910235000,7272000,-1164589000,201304000,262411000,1650650000,None,86331000,None,None,None,None,None,None,None,225792000,None,2875502000,136088000,None,68423000,2010963000,None,None,None,None,None,None,None,None,USD,None,25549000,-17043000,1272000,-313500000,None,138365000,-41623000,None,None,53553000,None,None,None,None,None,None,10825000,0,None,None,None,16.32,17.83
6,2019-09-30,USD,470658000,408891000,194199000,276459000,77391000,108129000,74112000,None,11721000,18144000,124276000,None,61767000,None,28318000,-96408000,3718000,-24600000,None,None,None,-96408000,-25446000,-6192000,108129000,108129000,None,USD,5365793000,356932000,None,47697000,3192643000,2155006000,102000000,28229000,290000,-293612000,554031000,3243464000,351581000,560961000,1845076000,1142870000,1142870000,-132773000,141316000,1255213000,17287000,-1445390000,186555000,319263000,793536000,None,104865000,None,None,None,None,None,-16788000,None,351581000,None,4110580000,None,793536000,100981000,1347567000,None,None,None,2597889000,None,747516000,None,290000000,USD,-82249000,-8291000,-82249000,1272000,-313500000,4259000,9174000,17055000,108129000,24584000,104163000,None,37352000,None,-6003000,None,-3953000,-46129000,11942000,None,None,None,16.31,16.32
7,2019-07-31,USD,None,None,None,None,None,None,None,None,None,18144000,None,None,None,None,None,None,None,None,None,None,None,-96408000,None,-6192000,None,108129000,None,USD,5365793000,356932000,None,None,3192643000,2155006000,102000000,28229000,290000,-293612000,554031000,3243464000,351581000,560961000,1845076000,None,1142870000,-132773000,141316000,1255213000,17287000,-1445390000,186555000,319263000,793536000,None,104865000,None,None,None,None,None,None,None,351581000,None,4110580000,None,None,100981000,1347567000,None,None,None,None,None,None,None,None,USD,None,-8291000,-82249000,1272000,-313500000,None,9174000,17055000,None,None,104163000,None,None,None,None,None,None,-46129000,0,None,None,None,16.64,16.31
8,2019-06-30,USD,449197000,220016000,190691000,258506000,45404000,9259000,67598000,None,17045000,18144000,118650000,6914000,38490000,16496000,28359000,7786000,3762000,-24597000,None,17272000,None,-7786000,-14120000,-6192000,24831000,9259000,None,USD,5188917000,372934000,None,193795000,3145919000,2042998000,456353000,327708000,289000,-401741000,554211000,3242693000,241271000,536377000,667992000,None,None,-116812000,138466000,1180757000,12796000,-1572629000,136986000,313599000,1923716000,None,340284000,None,None,289000,None,-401741000,-16788000,None,241271000,None,4008160000,None,1923716000,97858000,2477927000,None,None,None,2578050000,5188917000,673363000,None,284979000,USD,8086000,25591000,1726000,2449000,-232000,-34217000,-4371000,16231000,9259000,61147000,93638000,9176000,38133000,None,-29614000,None,-19903000,40641000,8809000,-19903000,454000,61601000,15.97,16.64
9,2019-03-31,USD,409583000,222683000,181591000,227992000,9445000,77332000,65848000,None,-21707000,18144000,116177000,4136000,5309000,16956000,31152000,-591000,-25311000,-27481000,105729000,23702000,None,958000,-23237000,98081000,-22665000,77332000,None,USD,5133000000,398312000,None,171717000,3088253000,2044747000,466093000,312995000,290000,-411000000,569307000,3238410000,255928000,474776000,607761000,None,None,-120463000,142968000,1084968000,12414000,-1591975000,145908000,292567000,1911185000,None,294766000,None,None,290000,None,-411000000,-16788000,None,255928000,None,4048032000,None,1911185000,103214000,2480492000,None,None,None,2592708000,5133000000,620684000,None,286000000,USD,320000,9466000,392045000,402939000,-300511000,-314576000,-6540000,11681000,-3050000,181134000,103665000,-20971000,40758000,None,-7525000,None,46741000,27671000,11214000,46741000,391000,181525000,16.93,15.97
10,2018-12-31,USD,493654000,230627000,213438000,280216000,50951000,19090000,68328000,None,18685000,18144000,119408000,1362000,49589000,16974000,32266000,None,None,None,5209000,28753000,None,-986000,-56821000,1391000,19671000,19090000,None,USD,5450019000,424032000,None,592680000,3507880000,1942139000,507669000,420263000,290000,-488332000,611466000,3238338000,260228000,293251000,698680000,None,None,-131527000,147319000,1361656000,18446000,-1720231000,137896000,337829000,2197734000,None,278417000,None,None,290000,None,-488332000,-16788000,None,260228000,None,4088363000,None,2197734000,103797000,2809200000,None,None,None,2578496000,5450019000,431147000,None,292000000,USD,-1824000,26802000,-15491000,-1447000,-699000,-107503000,-31651000,-39699000,19090000,-23103000,99891000,-2112000,42547000,None,-75153000,None,-21827000,54481000,12220000,-21827000,391000,-22712000,13.23,16.93
11,2018-09-30,USD,532905000,317985000,209950000,322955000,6999000,-35066000,82046000,0,-26469000,0,147887000,2029000,4970000,21242000,33468000,None,None,None,0,66810000,0,8597000,-98249000,1391000,-35066000,-35066000,None,USD,5302379000,549508000,None,98257000,3584883000,1717496000,539108000,398004000,291000,-740837000,635358000,3504457000,141957000,315963000,764164000,None,None,-122863000,155894000,928631000,21932000,-2336469000,135579000,378832000,2185361000,7558000,366160000,0,0,291000,0,-740837000,-16788000,None,141957000,None,4373748000,None,2185361000,96250000,2820719000,None,None,None,2597693000,5302379000,451542000,None,285753000,USD,20668000,16839000,9843000,-945000,-150157000,-172862000,-7617000,23482000,-35066000,-13616000,149403000,-1694000,49149000,0,-15088000,0,17634000,102541000,9880000,17634000,-1680000,-15296000,17.32,13.23
12,2018-06-30,USD,502887000,260861000,213438000,289449000,30385000,-14037000,75726000,0,-3464000,0,146865000,1797000,28588000,24117000,33849000,None,None,None,0,14153000,0,10573000,-46205000,1391000,-14037000,-14037000,None,USD,5446091000,612913000,None,104157000,3688176000,1757915000,536381000,411291000,291000,-705771000,633828000,3510454000,140060000,331259000,730832000,2323516000,2323516000,-121390000,172596000,986267000,23801000,-2365452000,154085000,396766000,2323516000,0,319541000,0,0,291000,0,-705771000,-16788000,None,140060000,None,4459824000,None,2323516000,97447000,2957344000,None,None,None,2601573000,5446091000,485344000,None,287392000,USD,-1247000,-4829000,-111343000,-96457000,-428000,-124094000,-11688000,-195000,-14037000,-135779000,99658000,3364000,54112000,0,-111978000,0,14422000,46626000,13639000,14422000,-1604000,-137383000,13.885,17.32
13,2018-03-31,USD,514224000,414545000,228988000,285236000,-127643000,-164053000,74185000,0,-161509000,0,168475000,1666000,-129309000,22670000,33866000,None,None,None,0,149215000,0,2544000,-181415000,1391000,-164053000,-164053000,None,USD,5556760000,596060000,None,107929000,3663078000,1893682000,511919000,434052000,298000,-691734000,610095000,3472849000,147016000,468642000,741499000,2311484000,2311484000,-95963000,172521000,1141227000,27087000,-2175227000,153008000,411648000,2311484000,0,307447000,0,0,298000,0,-691734000,-16788000,None,147016000,None,4415533000,None,2311484000,98176000,2921579000,None,None,None,2697869000,5556760000,621650000,None,294580000,USD,-25079000,7602000,-41982000,-4120000,-582000,3336000,-5436000,-956000,-164053000,70614000,109260000,-3087000,52740000,0,9354000,0,23925000,192133000,12783000,23925000,-433000,70181000,15.75,13.885
14,2017-12-31,USD,501645000,271644000,221194000,280451000,10777000,53228000,73366000,0,-25293000,0,154852000,1970000,8807000,23064000,36070000,None,None,None,0,20362000,0,-78521000,-54462000,0,53228000,53228000,None,USD,5637557000,627556000,None,105411000,3612426000,2025131000,488875000,443047000,297000,-527681000,557936000,3600768000,4416341000,398461000,719127000,2299594000,2299594000,-99988000,172748000,1048468000,42115000,-2203193000,112044000,432552000,2299594000,0,276080000,0,0,297000,0,-527681000,-16788000,None,145902000,None,4589089000,None,2299594000,104830000,2893299000,None,None,None,2669291000,5637557000,510505000,None,293492000,USD,127358000,79142000,106167000,-8648000,-331237000,-386728000,-55497000,-15873000,53228000,-194456000,86105000,-18972000,54315000,0,6000,0,-36340000,-45268000,12543000,-36340000,618000,-193838000,16.35,15.75
15,2017-09-30,USD,465910000,272005000,211759000,254151000,-14952000,-65423000,66978000,0,-55545000,0,148969000,2902000,-17854000,28964000,40593000,None,None,None,0,27094000,0,9878000,-220289000,0,-65423000,-65423000,None,USD,5931923000,664474000,None,88269000,4000541000,1931382000,555249000,394902000,294000,-580027000,516410000,3590608000,4427434000,592299000,1111528000,376121000,376121000,-101342000,176548000,1327941000,29844000,-2323700000,251981000,395392000,2241283000,6088000,340505000,0,0,294000,0,-580027000,-16788000,None,142508000,None,4603982000,None,2241283000,92481000,2889013000,None,None,None,2629245000,5931923000,844280000,None,290187000,USD,-72988000,-14002000,-104339000,-3549000,-758000,6367000,-1576000,-5621000,-65424000,-101468000,-3496000,-130000,59458000,0,8701000,0,-6349000,51083000,27802000,-34481000,173000,-101295000,15.72,16.35
16,2017-06-30,USD,486221000,255746000,216213000,270008000,15195000,-27836000,66565000,0,-25227000,0,139340000,933000,14262000,29160000,40422000,None,None,None,0,20681000,0,2609000,16706000,0,-27836000,-27836000,None,USD,5937493000,708077000,None,90794000,3982953000,1954540000,554787000,405594000,292000,-514602000,520835000,3578689000,4456167000,693594000,1102630000,371321000,2600657000,-115601000,161826000,1319500000,31926000,-2332226000,175615000,359497000,2229336000,0,325715000,0,0,292000,0,-514602000,-16788000,None,137475000,None,4617993000,None,2229336000,96200000,2880323000,None,None,None,2601239000,5937493000,869209000,None,288467000,USD,-1425000,7312000,-53901000,-37230000,-1096000,-10182000,-9170000,4303000,-27836000,67946000,132029000,-2236000,58311000,0,84000,0,28132000,66915000,15246000,29563000,8000,67954000,17.41,15.72
17,2017-03-31,USD,499573000,254626000,213418000,286155000,13186000,-33808000,66232000,0,-24667000,0,135192000,-18343000,31529000,27912000,37853000,None,None,None,0,25290000,0,9141000,-18587000,0,-33808000,-33808000,None,USD,5874351000,735965000,None,92411000,3924681000,1949670000,537645000,419834000,291000,-486766000,501874000,3525899000,4441584000,625640000,1079656000,366604000,366604000,-128521000,167985000,1264782000,44697000,-2312194000,160836000,385895000,2217869000,0,293218000,0,0,291000,0,-486766000,-16788000,None,135023000,None,4609569000,None,2217869000,89511000,2845025000,None,None,None,2581454000,5874351000,786476000,None,287619000,USD,-21501000,905000,-78930000,-50041000,-290215000,-383732000,-2993000,3704000,-33807000,-337228000,125434000,3704000,58638000,0,-90524000,0,1431000,87712000,7388000,8282000,1261000,-335967000,17.31,17.41
18,2016-12-31,USD,487658000,251216000,212410000,275248000,24445000,-23929000,66322000,0,-13576000,0,141306000,413000,24032000,27859000,38021000,None,None,None,0,15729000,0,10353000,-37608000,0,-23929000,-23929000,None,USD,6195130000,762322000,None,93640000,4269426000,1925704000,523344000,466662000,295000,-452960000,489687000,3503442000,4443340000,961607000,1698320000,977458000,977458000,-146613000,178220000,1573570000,42174000,-2340060000,133684000,384639000,1961230000,0,254200000,0,0,295000,0,-452960000,-16788000,None,135402000,None,4621560000,None,1961230000,86532000,2571106000,None,None,None,2541770000,6195130000,1095291000,None,291436000,USD,-62692000,60504000,-97040000,-22949000,494913000,454598000,-40360000,-15999000,-23929000,482458000,124900000,-15999000,58006000,0,45000,0,9713000,56031000,11399000,-9713000,-2471000,479987000,14.9,17.31
