,fiscalDateEnding,reportedCurrency_x,totalRevenue,totalOperatingExpense,costOfRevenue,grossProfit,ebit,netIncome_x,researchAndDevelopment,effectOfAccountingCharges,incomeBeforeTax,minorityInterest,sellingGeneralAdministrative,otherNonOperatingIncome,operatingIncome,otherOperatingExpense,interestExpense,taxProvision,interestIncome,netInterestIncome,extraordinaryItems,nonRecurring,otherItems,incomeTaxExpense,totalOtherIncomeExpense,discontinuedOperations,netIncomeFromContinuingOperations,netIncomeApplicableToCommonShares,preferredStockAndOtherAdjustments,reportedCurrency_y,totalAssets,intangibleAssets,earningAssets,otherCurrentAssets,totalLiabilities,totalShareholderEquity,deferredLongTermLiabilities,otherCurrentLiabilities,commonStock,retainedEarnings,otherLiabilities,goodwill,otherAssets,cash,totalCurrentLiabilities,shortTermDebt,currentLongTermDebt,otherShareholderEquity,propertyPlantEquipment,totalCurrentAssets,longTermInvestments,netTangibleAssets,shortTermInvestments,netReceivables,longTermDebt,inventory,accountsPayable,totalPermanentEquity,additionalPaidInCapital,commonStockTotalEquity,preferredStockTotalEquity,retainedEarningsTotalEquity,treasuryStock,accumulatedAmortization,otherNonCurrrentAssets,deferredLongTermAssetCharges,totalNonCurrentAssets,capitalLeaseObligations,totalLongTermDebt,otherNonCurrentLiabilities,totalNonCurrentLiabilities,negativeGoodwill,warrants,preferredStockRedeemable,capitalSurplus,liabilitiesAndShareholderEquity,cashAndShortTermInvestments,accumulatedDepreciation,commonStockSharesOutstanding,reportedCurrency,investments,changeInLiabilities,cashflowFromInvestment,otherCashflowFromInvestment,netBorrowings,cashflowFromFinancing,otherCashflowFromFinancing,changeInOperatingActivities,netIncome_y,changeInCash,operatingCashflow,otherOperatingCashflow,depreciation,dividendPayout,stockSaleAndPurchase,changeInInventory,changeInAccountReceivables,changeInNetIncome,capitalExpenditures,changeInReceivables,changeInExchangeRate,changeInCashAndCashEquivalents,clossingVal,nextClossingVal
0,2020-06-30,USD,1359979,1717888,495086,864893,-851944,-851944,660278,None,-851944,None,1057610,1051,-852995,-1359979,None,None,None,None,None,None,None,None,1051,None,-851944,-851944,None,USD,8605528,None,None,369040,3116912,5488617,None,1192026,378,-196300000,None,None,29229,5434983,2418784,None,None,None,238359,7403682,None,5488615,None,407661,None,1191998,1226758,None,None,378,1,-196300000,None,None,963487,None,1201846,1292154,None,698128,698128,None,None,None,201787157,8605528,5434983,None,3784657,USD,None,-572787,-10500,None,None,3697580,None,7651,-851944,2618498,-1068582,265080,22182,None,3697580,-38438,-21537,128862,10500,-21537,None,2618498,2.05,
1,2020-03-31,USD,498,2209715,620190,1551846,-657371,-657371,533620,None,-657371,None,1676095,498,-657869,-2172036,None,None,None,None,None,None,None,None,498,None,-657371,-657371,None,USD,6206496,None,None,521699,3692378,2514119,None,1194370,168,-195400000,None,None,29650,2816485,2882143,None,None,None,250041,4877868,None,2514117,None,386124,None,1153560,1687773,None,None,168,1,-195400000,None,None,1078587,None,1328628,1401605,None,810235,810235,None,None,None,197960925,6206496,2816485,None,1687752,USD,None,-561237,-10500,None,None,453457,None,-224544,-657371,-309721,-763178,364979,23407,None,453457,10154,-87157,144047,0,-87157,None,-309721,1.1362,2.05
2,2019-12-31,USD,2233,2721307,644559,1062344,6102734,-1056730,736837,None,6102734,None,9143934,7761697,-1658963,-1706903,None,None,None,None,None,None,None,None,602233,None,6102734,-1056730,None,USD,6893686,None,None,841927,4363452,2530234,None,1277546,140,-194789605,None,None,29650,3000000,3446778,None,None,None,273448,5430814,None,2530233,None,298967,None,1163714,2169232,None,None,140,1,-194789605,None,None,1189424,None,1462872,1505220,None,916674,916674,None,None,None,197319698,6893686,3000000,None,1400674,USD,-6899,-186284,-6899,None,None,7609,None,791826,-1056730,-60430,-61140,1514583,25846,None,7609,-540061,175661,5845,6899,175661,None,-60430,4.3,1.1362
3,2019-09-30,USD,7464,2585743,914322,1173679,-1412064,-1404600,475137,None,-1412064,None,2103142,None,-1412064,-2088001,None,None,None,None,None,None,None,None,7464,None,-1412064,-1404600,None,USD,8506777,None,None,1846579,4933267,3573521,None,663306,978,-193700000,None,None,29650,3186636,3914759,None,None,None,299295,6635857,None,3573499,None,523989,None,1078653,3251453,None,None,978,11,-193700000,None,None,1571625,None,1870920,1604200,None,1018508,1018508,None,None,None,197305396,8506777,3186636,None,9781755,USD,-33590,-673271,-33590,None,None,0,None,-1124545,-1404600,-1771422,-1737832,-823552,-9328,None,7500,849778,202681,120460,33590,202681,None,-1771422,0.32,4.3
4,2019-06-30,USD,18520,3973425,3143787,-789104,-4762529,-3362191,1034921,None,-4762529,None,1538166,None,-4762529,-2354683,None,None,None,None,None,None,None,None,1400338,None,-4762529,-3362191,None,USD,10814277,None,None,1101154,5956627,4857661,None,741607,978,-192328275,None,None,29820,4958058,4839893,582940,582940,None,289472,8849313,None,4857639,None,726670,1116734,2063431,4098286,None,None,978,11,-192328275,None,None,1675492,None,1964964,1699674,None,1116734,1116734,None,None,None,197184936,10814277,4958058,None,9781755,USD,-7587,212649,-7587,None,None,7497,None,-363769,-3362191,-2242737,-2242647,-305273,75716,None,7497,-1025047,245682,1915817,7587,245682,None,-2242737,0.41,0.32
5,2019-03-31,USD,16813,4499859,2324231,798704,-3701155,2050507,855081,None,-3701155,None,-2106884,None,-3701155,-3122935,None,None,None,None,None,None,None,None,5751662,None,-3701155,2050507,None,USD,13906763,None,None,962727,5714352,8192426,None,908710,831,-189000000,1211480,None,30081,7200795,4502872,580284,580284,None,375561,11630142,None,8192396,None,972352,1211480,2494268,3594162,None,None,831,15,-189000000,None,None,1901060,None,2276621,1791764,None,1211480,1211480,None,None,None,197157649,13906763,7200795,None,8310463,USD,0,-83164,-7587,None,None,7497,None,180714,2050507,420366,420366,-2251049,31778,None,None,-182404,110605,744093,7587,110605,None,420366,1.1,0.41
6,2018-12-31,USD,3728800,6549936,1980407,1748393,-2821136,-2802633,431965,0,-2802633,0,4137564,None,-2821136,0,-40965,None,None,None,0,0,0,0,18503,0,-2802633,-2802633,None,USD,12113248,None,None,905767,6015437,6097793,None,3188017,738,-191016591,None,None,74892,6780429,6015437,None,None,None,407339,11631017,None,6097793,None,1082957,None,2861864,2957257,None,None,738,18,-191016591,None,None,74892,None,482231,None,None,None,None,None,None,None,197113650,12113248,6780430,None,7380463,USD,None,2110745,-37695,None,None,9364,None,-333116,-2802633,-750169,-721838,None,3450,None,18620,-264524,532885,31355,37695,None,None,None,0.76,1.1
7,2018-09-30,USD,7416780,4528297,1821111,1845669,-2663942,1086058,1178468,0,-2663942,0,3349829,18686,-2682628,0,-40965,None,None,None,0,0,0,0,3768686,0,-2663942,1086058,None,USD,13038326,0,None,827823,4178601,8859725,0,1105960,737,-188213958,None,0,86255,7530598,4178601,None,None,None,380468,12571603,None,8859707,0,1615842,0,2597340,3072641,0,0,737,18,-188213958,0,None,86255,None,466723,None,None,None,None,None,None,None,197072928,13038326,7530598,None,7365038,USD,None,298647,24928,0,None,9254,None,-443577,1086058,421683,387501,-390774,25273,0,9254,-173162,-501346,42805,24928,-501346,None,421683,1.33,0.76
8,2018-06-30,USD,7501567,4988349,1950304,1801264,-3176071,573928,1616863,0,-3176071,0,3371486,11014,-3187085,0,-40965,None,None,None,0,0,0,0,3761013,0,-3176071,573928,None,USD,11808220,0,None,691835,4086613,7721607,0,1312618,736,-189300000,None,0,38127,7100000,4086613,None,None,None,430669,11339424,None,7721589,0,1114496,0,2424178,2773995,0,0,736,18,-189300000,0,None,38127,None,468796,None,None,None,None,None,None,None,197020869,11808220,7100000,None,7356731,USD,None,343362,-104983,0,None,9254,None,80899,573928,1011123,1116106,173682,85545,0,0,-565526,474224,30891,104983,474224,None,1011123,1.31,1.33
9,2018-03-31,USD,9698695,5588448,2955260,1987730,-3589453,1166252,1279564,0,-3589453,0,4308884,11265,-3600718,0,-40965,None,None,None,0,0,0,0,4766970,0,-3589453,1166252,None,USD,10972963,0,None,952985,4150439,6822524,0,1405117,714,-189873944,None,0,43158,6097792,4150439,None,None,None,431656,10498149,None,6822506,0,1588720,0,1858652,2745322,0,0,714,18,-189873944,0,None,43158,None,474814,None,None,None,None,None,None,None,196695736,10972963,6097792,None,7141940,USD,None,-370533,-25833,0,None,9254,None,-211130,1166252,2054111,2079944,-210262,55444,0,0,283909,814108,341026,25833,814108,None,2054111,1.41,1.31
10,2017-12-31,USD,4929475,7813416,2857537,2071938,-2883941,-2880074,205331,0,-2880074,0,4750548,None,-2883941,0,0,None,None,None,0,0,0,0,3867,0,-2880074,-2880074,None,USD,9599224,0,None,2640717,4581835,5017389,0,820031,271,-191300000,None,0,55008,4043681,4581835,None,None,None,440842,9103374,None,5017359,0,1049329,0,1369647,733305,0,0,271,30,-191300000,0,None,55008,None,495850,None,None,None,None,None,None,None,196355142,9599224,4043681,None,2706066,USD,None,-91806,-92870,0,None,3340226,None,-94595,-2880074,74463,-3172893,None,63442,0,0,416427,-625885,39598,92870,None,None,None,1.729,1.41
11,2017-09-30,USD,3546680,5018547,2040997,1505683,-3508983,-3508983,840577,0,-3508983,0,4177970,3881,-3512864,0,0,None,None,None,0,0,0,0,3881,0,-3508983,-6342081,2833098,USD,8772656,0,None,2041935,4255017,4517639,0,925794,215,-188457980,None,0,134695,3969218,4255017,None,None,None,417290,8220671,None,4517612,0,423444,0,1786074,725224,0,0,215,27,-188457980,0,None,134695,None,551985,None,None,None,None,None,None,None,192975377,8772656,3969218,None,2145519,USD,None,572177,-32357,0,None,3257422,None,39807,-3508983,357269,-2867796,-312083,72638,0,3257422,-308747,561071,56131,32357,561071,None,357269,2.04,1.729
12,2017-06-30,USD,4310059,5042212,2639402,1670657,-3237796,-3237796,877584,0,-3237796,0,4164628,133759,-3371555,0,0,None,None,None,0,0,0,0,0,0,-3237796,-3237796,None,USD,8382659,0,None,1719996,3710689,4671970,0,659273,165,-184900000,41000,0,145000,3611949,3669590,None,None,None,444321,7793787,None,4671948,0,984515,0,1477327,758208,0,0,165,22,-184900000,0,None,144551,None,588872,None,None,None,None,None,None,None,189620780,8382659,3611949,None,1650519,USD,None,604150,-37869,0,None,10378,None,-290323,-3237796,-3285212,-3257721,-290323,64675,0,10378,-280468,245786,-83413,37869,-34546,None,-3285212,2.69,2.04
13,2017-03-31,USD,4306122,4922778,2697602,1608520,-3232400,-3232400,903284,0,-3232400,0,4019494,81858,-3314258,0,0,None,None,None,0,0,0,0,0,0,-3232400,-7274082,4041682,USD,11089340,0,None,1419817,3237091,7852249,0,745204,874,-181711201,172000,0,154000,6897161,3065440,None,None,None,471127,10463806,None,7852227,0,949969,0,1196859,404068,0,0,874,22,-181711201,0,None,154407,None,625534,None,None,None,None,None,None,None,189562554,11089340,6897161,None,8739901,USD,None,-253046,0,0,None,6302000,None,236859,-3232400,2948026,-3353974,236859,61579,0,6302000,55379,211240,-11105,0,-211240,None,2948026,0.62,2.69
14,2016-12-31,USD,3716000,27235473,1964000,4914523,-15207945,-14913151,907000,0,-14913151,0,4554000,None,-15207945,0,0,None,None,None,0,0,0,0,294794,0,-14913151,-34759528,None,USD,8283891,0,None,1646821,3323127,4960764,0,628236,669,-178478801,5000,0,164000,3949135,3318486,None,None,None,532706,7586923,None,4960746,0,738729,0,1252238,2690250,0,0,669,18,-178478801,0,None,164262,None,696968,None,None,4641,4641,None,None,None,183438878,8283891,3949135,None,6694901,USD,None,80000,-100499,0,None,6667000,None,-407621,-14913151,-8513737,-15080276,None,251327,0,0,-163154,69000,-50254,101000,None,None,None,0.7386,0.62
15,2016-09-30,USD,3389427,5327777,2031823,1357604,-3908153,-3908153,1202651,0,-3908153,0,4125126,62020,-3970173,0,0,None,None,None,0,0,0,0,0,0,-3908153,-3908153,None,USD,11348732,0,None,1290700,3639191,7709541,0,629350,532,-175664578,52000,0,174000,7568186,3586761,None,None,None,582194,10592420,None,7709521,0,571378,0,1162156,2957411,0,0,532,20,-175664578,0,None,174118,None,756312,None,None,52430,52430,None,None,None,183373567,11348732,7568186,None,5318273,USD,None,684645,-32061,0,None,-68999,None,None,-3908153,-3762671,-3661611,-209989,64828,0,-68999,-114103,236000,-1553,32061,-177286,None,-3762671,1.56,0.7386
16,2016-06-30,USD,2647422,5252434,1572370,1075052,-4095520,-4095520,1127850,0,-4095520,0,4124584,81862,-4177382,0,0,None,None,None,0,0,0,0,0,0,-4095520,-4095520,None,USD,14577681,0,None,1070855,3014683,11562998,0,412304,492,-171756425,109000,0,184000,11330857,2906005,None,None,None,614961,13778746,None,11562977,0,328981,0,1048053,2493701,0,0,492,21,-171756425,0,None,183974,None,798935,None,None,108678,108678,None,None,None,183318910,14577681,11330857,None,4918273,USD,None,-409605,-27180,0,None,6795968,None,None,-4095520,2591206,-4177582,-341430,62758,0,6795968,465269,416000,-21332,27180,162278,None,2591206,1.66,1.56
17,2016-03-31,USD,2275247,4989010,1482513,792734,-4095255,-4095255,1156790,0,-4095255,0,3832220,101021,-4196276,0,0,None,None,None,0,0,0,0,0,0,-4095255,-4095255,None,USD,12308170,0,None,719569,3455944,8852226,0,3823,439,-167660905,186000,0,194000,8739651,3269957,None,None,None,650539,11463801,None,8852212,0,491259,0,1513322,3266134,0,0,439,14,-167660905,0,None,193830,None,844369,None,None,185987,185987,None,None,None,176512678,12308170,8739651,None,4389899,USD,None,473892,-28643,0,None,-76653,None,None,-4095255,-3723221,-3617925,142887,61638,0,-76653,-424238,251000,-28304,28643,251455,None,-3723221,1.83,1.66
18,2015-12-31,USD,2738000,20576016,1538000,3349084,-13276186,-9187348,1069000,0,-9187348,0,4458000,None,-13276186,0,0,None,None,None,0,0,0,0,4088838,0,-9187348,-21070255,None,USD,16034490,0,None,852600,3471782,12562708,0,227172,405,-163565650,280000,0,203000,12462872,3191479,None,None,None,683534,15147270,None,12562687,0,742714,0,1089084,2964307,0,0,405,21,-163565650,0,None,203686,None,887220,None,None,280303,280303,None,None,None,176127932,16034490,12462872,None,4047332,USD,None,473000,-594606,0,None,16936000,None,-390192,-9187348,3240887,-13099853,None,222592,0,0,-409344,-225619,-3781191,595000,None,None,None,1.98,1.83
19,2015-09-30,USD,2054432,4292591,1119186,935246,-3203778,-3203778,940794,0,-3203778,0,3351797,153567,-3357345,0,0,None,None,None,0,0,0,0,0,0,-3203778,-3203778,None,USD,12928804,0,None,878533,4438348,8490456,10433,692244,1379,-160856514,901000,0,214000,9116806,3537810,None,None,None,745133,11969396,None,8490362,0,901895,0,1072162,2845566,0,0,1379,94,-160856514,0,None,214275,None,959408,None,None,890105,900538,None,None,None,169345497,12928804,9116806,None,13785239,USD,None,267855,-91578,0,None,10111000,None,None,-3203778,-3522176,-3430598,-318609,65507,0,0,149438,0,-77802,91578,-313209,None,-3522176,0.8825,1.98
