,fiscalDateEnding,reportedCurrency_x,totalRevenue,totalOperatingExpense,costOfRevenue,grossProfit,ebit,netIncome_x,researchAndDevelopment,effectOfAccountingCharges,incomeBeforeTax,minorityInterest,sellingGeneralAdministrative,otherNonOperatingIncome,operatingIncome,otherOperatingExpense,interestExpense,taxProvision,interestIncome,netInterestIncome,extraordinaryItems,nonRecurring,otherItems,incomeTaxExpense,totalOtherIncomeExpense,discontinuedOperations,netIncomeFromContinuingOperations,netIncomeApplicableToCommonShares,preferredStockAndOtherAdjustments,reportedCurrency_y,totalAssets,intangibleAssets,earningAssets,otherCurrentAssets,totalLiabilities,totalShareholderEquity,deferredLongTermLiabilities,otherCurrentLiabilities,commonStock,retainedEarnings,otherLiabilities,goodwill,otherAssets,cash,totalCurrentLiabilities,shortTermDebt,currentLongTermDebt,otherShareholderEquity,propertyPlantEquipment,totalCurrentAssets,longTermInvestments,netTangibleAssets,shortTermInvestments,netReceivables,longTermDebt,inventory,accountsPayable,totalPermanentEquity,additionalPaidInCapital,commonStockTotalEquity,preferredStockTotalEquity,retainedEarningsTotalEquity,treasuryStock,accumulatedAmortization,otherNonCurrrentAssets,deferredLongTermAssetCharges,totalNonCurrentAssets,capitalLeaseObligations,totalLongTermDebt,otherNonCurrentLiabilities,totalNonCurrentLiabilities,negativeGoodwill,warrants,preferredStockRedeemable,capitalSurplus,liabilitiesAndShareholderEquity,cashAndShortTermInvestments,accumulatedDepreciation,commonStockSharesOutstanding,reportedCurrency,investments,changeInLiabilities,cashflowFromInvestment,otherCashflowFromInvestment,netBorrowings,cashflowFromFinancing,otherCashflowFromFinancing,changeInOperatingActivities,netIncome_y,changeInCash,operatingCashflow,otherOperatingCashflow,depreciation,dividendPayout,stockSaleAndPurchase,changeInInventory,changeInAccountReceivables,changeInNetIncome,capitalExpenditures,changeInReceivables,changeInExchangeRate,changeInCashAndCashEquivalents,clossingVal,nextClossingVal
0,2020-06-30,USD,284047.0,8942417,74669.0,209378,-9171808,-9925315,4589724.0,None,-9926390,None,4160851.0,None,-8658370,None,566886,-1075,24981,-676987,None,None,None,-1075,-591033,None,-9925315,-9925315,None,USD,15805123.0,None,None,360091.0,22934189.0,-7129066,None,None,346051127.0,-380569070,2861736,None,532664,11448181.0,8422025.0,None,1492522,-7011463,1220924.0,14028636,None,-7151965,None,392800,11377848,829070.0,3252720.0,None,None,None,None,None,None,None,440705,None,1776487,677285,None,None,14512164,None,None,None,None,None,None,None,None,USD,-21970,426084,-21970,-15884,-3034400,11474652.0,-575000,-95600,-9925315,4405837,-7046845,None,187696,0,None,-22353,147821,2234822,6086.0,None,None,None,2.38,
1,2020-03-31,USD,532895.0,7689000,124563.0,408332,-3949945,-4111591,4523406.0,None,-4104519,None,2927683.0,None,-7156105,None,-29336,7072,33669,63005,None,None,None,7072,2988581,None,-4111591,-4111591,None,USD,11562079.0,None,None,447887.0,18852947.0,-7290868,None,None,335439896.0,-370643755,1211561,None,540436,7042344.0,12086707.0,None,5088278,-4702322,1338256.0,9650425,None,-7323830,None,624187,5149974,806717.0,3963013.0,None,None,None,None,None,None,None,424821,None,1911654,791184,5554680,None,6766240,None,None,None,32615310,None,7042340,None,11000000,USD,-2278,-1205391,-2278,38053,-137196,8622785.0,-1,333508,-4111591,1749511,-6870995,None,183910,None,8759980,-188067,-25338,-1858026,40331.0,None,None,None,1.46,2.38
2,2019-12-31,USD,565821.0,10113260,109449.0,456372,-14386021,-12354185,6855615.0,None,-12312497,None,2655107.0,None,-9547439,None,None,41688,106872,-26210,None,None,None,41688,-2738848,None,-12354185,-12354185,None,USD,10105840.0,None,None,694845.0,24551605.0,-14445765,None,None,328460681.0,-366532164,1186601,None,601564,5292833.0,14721558.0,6490750,6490750,-6140507,1481485.0,8015830,None,-14452726,None,597505,8174919,618650.0,3993203.0,None,None,None,None,None,None,None,462874,None,2090010,904879,8643450,None,9830047,None,None,None,29766230,None,5292830,None,7000000,USD,-89698,2686803,-89698,-9822,-130583,-130583.0,1881970,647650,-12354185,-6103230,-5882949,None,190699,None,20801930,-142649,-174459,3263192,79876.0,None,None,None,5.41,1.46
3,2019-09-30,USD,500498.0,7493530,137999.0,362499,-6836794,-6201977,4777197.0,None,-6217482,None,2475112.0,None,-6993032,None,None,-15505,58651,58651,None,None,None,-15505,716899,None,-6201977,-6201977,None,USD,15125759.0,18794,None,112590.0,24371938.0,-9246179,None,1101390,324416031.0,-355512025,1214924,None,453052,11396063.0,14438302.0,8949696,8949696,-7340055,1671344.0,12982569,None,-9264973,None,541180,8178966,476001.0,3053723.0,None,None,None,None,None,None,None,453051,None,2143190,968576,8718710,None,9933636,None,None,None,29189870,None,11396060,None,8000000,USD,-51143,673516,-51143,5260,-130389,-130389.0,1881970,-1516101,-6201977,-6943801,-6762269,None,156238,None,20801930,-2099,21532,106622,56403.0,None,None,None,3.84,5.41
4,2019-06-30,USD,439920.0,7066604,66994.0,372926,-6476582,-7959478,4148184.0,None,-7920498,None,2732231.0,None,-6626684,None,None,38980,15680,15680,None,None,None,38980,-1309494,None,-7959478,-7959478,None,USD,22085000.0,30627,None,89590.0,26006506.0,-3921506,None,1353379,323920717.0,-349310048,2422131,None,458312,18339864.0,14557761.0,9629253,9629253,-6986846,1759347.0,19836714,None,-3952133,None,546381,8376639,473902.0,2467752.0,None,None,None,None,None,None,None,458312,None,2248286,1067543,9026610,None,11448745,None,None,None,28454670,None,18339860,None,7000000,USD,-72136,368320,-72136,-9228,-126866,11356630.0,1881970,2281,-7959478,6224409,-5060085,None,150102,None,20801930,-6636,157433,2227893,62908.0,None,None,None,0.4828,3.84
5,2019-03-31,USD,585790.0,7358497,143990.0,441800,-6628122,-8615380,4239963.0,None,-8651750,None,2814800.0,None,-7107950,None,None,-36370,-757390,3709,None,None,None,-36370,-1882750,None,-8615375,-8615380,None,USD,16091640.0,29860,None,111600.0,18897320.0,-2805690,None,403191,317888790.0,-341350570,2335756,None,449080,12115460.0,5274770.0,726671,726671,-6956480,1874500.0,13768050,None,-2835546,None,682690,10527000,467270.0,1987408.0,None,None,None,None,None,None,None,449084,None,2323588,1162988,11286800,759797,13622552,None,None,None,27612570,None,12115460,None,4000000,USD,-53662,251030,-53660,-9350,-125299,9193130.0,-1881970,-788965,-8615380,2872650,-6266820,None,144580,None,9318430,-208524,-137479,3087908,44310.0,None,None,None,0.4206,0.4828
6,2018-12-31,USD,523424.0,10602243,93519.0,429905,-10078819,11620015,4712515.0,0,11549054,0,5796209.0,None,-10078819,0,-1,None,None,None,0,0,0,-70961,21627873,0,11620015,11620015,None,USD,11993294.0,7000,None,282093.0,21660178.0,-9666884,None,190496,304460533.0,-332735195,190303,None,439736,9242809.0,8275763.0,1423224,1423224,-7653028,806628.0,10739930,None,-9673884,None,647143,13194112,258742.0,898711.0,None,None,None,None,None,None,None,None,None,None,None,13194110,None,None,None,None,None,26260810,None,9242810,None,1000000,USD,None,127559,-2096,24570,-125299,730061.0,-1881970,-27343,11620015,-5244674,-5972639,None,81950,None,13816650,-68560,155225,-17881751,26666.0,None,None,None,0.603,0.4206
7,2018-09-30,USD,480540.0,9822704,96743.0,383797,-9342164,-14636744,3490696.0,0,-14582744,0,6235265.0,None,-9342164,0,-1295534,None,None,None,0,0,0,54000,-5240580,0,-14636744,-14636744,None,USD,17377554.0,27263,None,281469.0,33449395.0,-16071841,None,432652,310317605.0,-344355210,489239,None,464306,14487483.0,5093149.0,645943,645943,-6875746,913020.0,15972965,None,-16099104,None,802368,27867007,190182.0,1462748.0,None,None,None,None,None,None,None,None,None,None,None,None,None,None,None,None,None,None,None,None,None,2000000,USD,None,-38396,-130620,-7703,-125299,730061.0,-1881970,900988,-14636744,-5593774,-5463154,None,97835,None,None,-23161,-419173,7359963,122917.0,None,None,None,2.72,0.603
8,2018-06-30,USD,405247.0,6286191,88603.0,316644,-5880944,-49145591,3858255.0,0,-49075191,0,2339333.0,None,-5880944,0,-1261424,None,None,None,0,0,0,70400,-43194247,0,-49145591,-49145591,None,USD,23886646.0,47527,None,1252752.0,28045703.0,-4159057,None,517182,309543289.0,-329718466,819526,None,456603,20081257.0,6617696.0,3583338,3583338,-7222073,867674.0,22514842,None,-4206584,None,872644,20608481,167021.0,1510221.0,None,None,None,None,None,None,None,None,None,None,None,None,None,None,None,None,None,None,None,None,None,1000000,USD,None,484845,863630,8820,-125299,13069599.0,-1881970,-599370,-49145591,7819698,-6113531,None,93738,None,None,67683,-126637,41850377,10800.0,None,None,None,0.0428,2.72
9,2018-03-31,USD,339922.0,6782963,87393.0,252529,-6443041,-55880548,3999391.0,0,-55826894,0,2696179.0,None,-6443041,0,-1261424,None,None,None,0,0,0,53654,-49383853,0,-55880548,-55880548,None,USD,16126725.0,55191,None,602893.0,47983082.0,-31856357,None,8945192,231858163.0,-280572875,9539132,None,465423,12261559.0,15312339.0,4261597,4261597,-6229803,1569651.0,14036460,None,-31911548,None,746007,23131611,234704.0,1001450.0,None,None,None,None,None,None,None,None,None,None,None,None,None,None,None,None,None,None,None,None,None,14000000,USD,None,-69353,-17162,12837,None,16988.0,None,8176,-55880548,-5245598,-5245425,None,75275,None,16988,163852,588916,49853194,10800.0,None,None,None,0.061,0.0428
10,2017-12-31,USD,1228000.0,24191672,1114000.0,475089,-20706223,-10701724,3762000.0,0,-10556206,0,6731000.0,None,-20706223,0,-46894158,None,None,None,0,0,0,26000,10150017,0,-10701724,-10701724,None,USD,22206000.0,40255,None,802000.0,58681000.0,-36475101,None,20585000,171804000.0,-224692327,16831000,None,478000,17507000.0,26104000.0,4261597,4261597,-6643436,1685000.0,20043002,None,-36515356,None,1334923,15746000,399000.0,1257000.0,None,None,None,None,None,None,None,None,None,None,None,None,None,None,None,None,None,None,None,None,None,None,USD,None,-1046664,69497000,3000,None,65579000.0,65324997,-112754483,-22908721,-5447414,-138613946,None,393893,None,65578699,-174392,1908000,-4171999,506000.0,None,None,None,0.6,0.061
11,2017-09-30,USD,1375000.0,29219958,643000.0,3021867,-24177449,-30400650,4423000.0,0,-29950184,0,6415000.0,None,-24177449,0,-93,None,None,None,0,0,0,344000,-5772735,0,-30400650,-30400650,None,USD,81756000.0,81930,None,1049000.0,114738000.0,-32981559,None,114028000,169183000.0,-219665861,None,None,481000,6268000.0,114738000.0,None,None,-6643436,1722000.0,79503250,None,-33063489,70321000,1393568,None,472000.0,710000.0,None,None,None,None,None,None,None,None,None,None,None,None,None,None,None,None,None,None,None,None,None,None,USD,None,-204279,-186847,-131258,None,235000.0,-131258,-91780,-4695960,-5312827,-4041228,None,142034,None,10486,-29795,1809000,659817,446000.0,None,None,None,1.7,0.6
12,2017-06-30,USD,1305000.0,-26709660,861000.0,-2258495,22089356,26038640,4250000.0,0,25870470,0,6605000.0,None,22089356,0,93,None,None,None,0,0,0,58000,3781114,0,26038640,26038640,None,USD,86878000.0,122164,None,919000.0,114405000.0,-27527365,None,113627000,169139000.0,-214969901,None,None,462000,11581000.0,114405000.0,None,None,-5531561,1788000.0,84628355,None,-27649529,70190000,1512689,None,425000.0,778000.0,None,None,None,None,None,None,None,None,None,None,None,None,None,None,None,None,None,None,None,None,None,None,USD,None,135521,-229265,-114150,None,224000.0,-114150,37912,-5341308,-4625692,-3892764,None,134445,None,206925,46571,1630000,419210,390000.0,None,None,None,1.38,1.7
13,2017-03-31,USD,1481000.0,8425602,801000.0,672732,-6944242,-7844987,5054000.0,0,-7788373,0,8386000.0,None,-6944242,0,-31,None,None,None,0,0,0,57000,-844131,0,-7844987,-7844987,None,USD,91987000.0,98778,None,878000.0,113998000.0,-22010621,None,113410000,168746000.0,-209628593,None,None,450000,16207000.0,113998000.0,None,None,-4775357,1761000.0,89775910,None,-22109399,70076000,2154575,None,461000.0,588000.0,None,None,None,None,None,None,None,None,None,None,None,None,None,None,None,None,None,None,None,None,None,None,USD,None,-508858,-351260,-76034,None,18000.0,-164173,-427692,-7844987,-6747939,-6308755,None,94501,None,17542,-264179,955000,1670175,275000.0,None,None,None,1.53,1.38
14,2016-12-31,USD,2761000.0,33165551,2010000.0,2421035,-23652755,37214000,4834000.0,0,37229000,0,7286000.0,None,-23652755,0,-46894189,None,None,None,0,0,0,15000,-62641615,0,-86494893,37214000,None,USD,98810000.0,27666,None,505000.0,114273000.0,-15462536,None,113329000,168713000.0,-201783606,None,None,450000,22955000.0,114273000.0,None,None,-4693040,1586000.0,96774108,None,-15490202,70000000,3117474,None,197000.0,944000.0,None,None,None,None,None,None,None,None,None,None,None,None,None,None,None,None,None,None,None,None,None,None,USD,None,-842360,-3364190,67291000,None,7130000.0,-35540,-221973,37214000,-32071600,-39794159,None,618052,None,7165392,-470,-1357201,48367004,656000.0,None,None,None,1.73,1.53
15,2016-09-30,USD,3034000.0,0,2143000.0,0,0,0,4743000.0,0,0,0,8261000.0,None,0,0,0,None,None,None,0,0,0,88000,0,0,0,0,None,USD,33839000.0,None,None,402000.0,93450000.0,None,None,91848000,161658000.0,None,None,None,None,25481000.0,93450000.0,None,None,None,3919000.0,None,None,None,None,None,None,1059000.0,1590000.0,None,None,None,None,None,None,None,None,None,None,None,None,None,None,None,None,None,None,None,None,None,None,USD,None,None,None,None,None,75000.0,None,None,None,None,None,None,None,None,None,None,None,None,547000.0,None,None,None,0.5271,1.73
16,2016-06-30,USD,1711000.0,0,1334000.0,0,0,0,5705000.0,0,0,0,13172000.0,None,0,0,0,None,None,None,0,0,0,50000,0,0,0,0,None,USD,44453000.0,None,None,426000.0,75807000.0,None,None,70516000,161658000.0,None,None,None,None,36278000.0,75807000.0,None,None,None,4152000.0,None,None,None,None,None,None,1579000.0,5230000.0,None,None,None,None,None,None,None,None,None,None,None,None,None,None,None,None,None,None,None,None,None,None,USD,None,2386000,None,None,None,75000.0,None,None,None,None,None,None,None,None,None,None,None,None,531000.0,None,None,None,0.5151,0.5271
17,2016-03-31,USD,2007000.0,0,1395000.0,0,0,0,4083000.0,0,0,0,9979000.0,None,0,0,0,None,None,None,0,0,0,48000,0,0,0,0,None,USD,54532000.0,None,None,437000.0,3518000.0,51014000,None,338000,161608000.0,None,None,None,None,46903000.0,3518000.0,None,None,None,4138000.0,None,None,None,None,None,None,1152000.0,3168000.0,None,None,None,None,None,None,None,None,None,None,None,None,None,None,None,None,None,None,None,None,None,None,USD,None,64000,None,None,None,48000.0,None,None,None,None,None,None,None,None,None,None,None,None,306000.0,None,None,None,4.18,0.5151
18,2015-12-31,USD,2691000.0,31630048,2188000.0,2991806,-21700108,-26730490,5277000.0,0,-26563139,0,9528000.0,None,-21700108,0,1000,None,None,None,0,0,0,167000,-4863031,0,-26730490,-26730490,None,USD,61228000.0,57432,None,147000.0,3233000.0,57995000,None,562000,161505000.0,-115288713,None,None,449760,55026000.0,3233000.0,None,None,-8790011,3720000.0,57507838,None,57937991,None,1736941,None,598000.0,2516000.0,None,None,None,None,None,None,None,None,None,None,None,None,None,None,None,None,None,None,None,None,None,None,USD,9322492,1527000,7179000,-70449760,-164364,70805000.0,-5004640,31592,-26730490,49832610,-21282958,None,466892,None,75973942,-269605,-442585,4096765,2143000.0,None,None,None,4.5,4.18
19,2015-09-30,USD,2431092.75,0,1503567.41,0,0,0,4825384.9,0,0,0,9323319.56,None,0,0,-751.03,None,None,None,0,0,0,0,0,0,0,0,None,USD,69203154.34,0,None,206533.98,2613593.69,66589560.65,0,434847.92,141687570.41,0,0,0,0,63161847.54,2613593.69,0,0,0,3624483.67,0,0,0,0,0,0,614344.72,2178745.78,0,0,0,0,0,0,None,None,None,None,None,None,None,None,None,None,None,None,None,None,None,None,USD,0,726248.59,7378895.98,0,0,66078858.43,0,0,0,0,0,None,0,0,0,0,0,0,1633496.06,None,None,None,4.91,4.5
