,fiscalDateEnding,reportedCurrency_x,totalRevenue,totalOperatingExpense,costOfRevenue,grossProfit,ebit,netIncome_x,researchAndDevelopment,effectOfAccountingCharges,incomeBeforeTax,minorityInterest,sellingGeneralAdministrative,otherNonOperatingIncome,operatingIncome,otherOperatingExpense,interestExpense,taxProvision,interestIncome,netInterestIncome,extraordinaryItems,nonRecurring,otherItems,incomeTaxExpense,totalOtherIncomeExpense,discontinuedOperations,netIncomeFromContinuingOperations,netIncomeApplicableToCommonShares,preferredStockAndOtherAdjustments,reportedCurrency_y,totalAssets,intangibleAssets,earningAssets,otherCurrentAssets,totalLiabilities,totalShareholderEquity,deferredLongTermLiabilities,otherCurrentLiabilities,commonStock,retainedEarnings,otherLiabilities,goodwill,otherAssets,cash,totalCurrentLiabilities,shortTermDebt,currentLongTermDebt,otherShareholderEquity,propertyPlantEquipment,totalCurrentAssets,longTermInvestments,netTangibleAssets,shortTermInvestments,netReceivables,longTermDebt,inventory,accountsPayable,totalPermanentEquity,additionalPaidInCapital,commonStockTotalEquity,preferredStockTotalEquity,retainedEarningsTotalEquity,treasuryStock,accumulatedAmortization,otherNonCurrrentAssets,deferredLongTermAssetCharges,totalNonCurrentAssets,capitalLeaseObligations,totalLongTermDebt,otherNonCurrentLiabilities,totalNonCurrentLiabilities,negativeGoodwill,warrants,preferredStockRedeemable,capitalSurplus,liabilitiesAndShareholderEquity,cashAndShortTermInvestments,accumulatedDepreciation,commonStockSharesOutstanding,reportedCurrency,investments,changeInLiabilities,cashflowFromInvestment,otherCashflowFromInvestment,netBorrowings,cashflowFromFinancing,otherCashflowFromFinancing,changeInOperatingActivities,netIncome_y,changeInCash,operatingCashflow,otherOperatingCashflow,depreciation,dividendPayout,stockSaleAndPurchase,changeInInventory,changeInAccountReceivables,changeInNetIncome,capitalExpenditures,changeInReceivables,changeInExchangeRate,changeInCashAndCashEquivalents,clossingVal,nextClossingVal
0,2020-06-30,USD,81824000,89163000,None,81824000,-7339000,-6200000,None,None,-7339000,None,89163000,None,-7339000,8510000,10469000,-1139000,108238000,97769000,None,None,None,-1139000,None,None,-6200000,-6200000,None,USD,13845084000,23381000,1274867000,None,12314235000,1530849000,None,11462941000,1278000,530928000,215461000,386044000,11041500000,862769000,11904409000,440079000,139598000,-24440000,166966000,11621480000,1215207000,1121424000,1198792000,10758711000,128630000,None,1389000,None,None,1278000,None,530928000,None,None,430109000,None,2221707000,None,128630000,281196000,409826000,None,None,None,1023083000,13845084000,862769000,None,127838400,USD,-789448000,23445000,-531421000,262289000,16799000,1055131000,1062583000,15512000,-6200000,560773000,37063000,-20209000,3377000,-24252000,1000,None,None,30450000,4262000,None,None,560773000,10.23,
1,2020-03-31,USD,87567000,78611000,None,87567000,8956000,7939000,None,None,8956000,None,78611000,None,8956000,5347000,13150000,1017000,100116000,86966000,None,None,None,1017000,None,None,7939000,7939000,None,USD,10681196000,21425000,802344000,None,9339404000,1341792000,None,8792735000,1069000,561380000,176927000,346103000,9005477000,289585000,8985168000,191599000,91599000,-28907000,147427000,9059093000,782787000,974264000,765579000,8769508000,121813000,None,834000,None,None,1069000,None,561380000,None,None,323286000,None,1621028000,None,121813000,232423000,354236000,None,None,None,808250000,10681196000,289585000,None,106933483,USD,39262000,49956000,36029000,320000,-54737000,129277000,203326000,11006000,7939000,215608000,50302000,-31011000,1646000,-20317000,1005000,None,None,29711000,3553000,None,None,215608000,11.57,10.23
2,2019-12-31,USD,108935000,76571000,None,108935000,32364000,25591000,None,None,32364000,None,76571000,None,32364000,5723000,14473000,6773000,103156000,88683000,None,None,None,6773000,-2820000,None,25591000,25591000,None,USD,10493908000,23076000,852677000,25755000,9140623000,1353285000,None,8592007000,1069000,583407000,106255000,346103000,8964272000,75586000,8839485000,246336000,246336000,-36941000,147409000,101341000,9588670000,984106000,819901000,25755000,121800000,950000,1142000,None,None,1069000,None,583407000,None,None,286359000,None,10391617000,None,121800000,179338000,301138000,None,None,None,805750000,10493908000,75586000,None,106859088,USD,34414000,-20976000,30948000,-4969000,-8921000,-94447000,-69268000,-22750000,25591000,-46756000,16743000,23817000,3142000,-19202000,2944000,None,None,10760000,1597000,None,None,-46756000,16.63,11.57
3,2019-09-30,USD,113803000,70596000,None,113803000,43207000,33414000,None,None,43207000,None,70596000,None,43207000,2853000,15930000,9793000,106559000,90629000,None,None,None,9793000,-1142000,None,33414000,33414000,None,USD,10580474000,22410000,848182000,35928000,9228704000,1351770000,None,8681500000,1067000,577018000,91058000,344720000,8995841000,129003000,8938071000,255257000,None,-27697000,148796000,156072000,9625939000,984640000,807823000,27069000,121787000,1237000,1314000,None,None,1067000,None,577018000,None,None,281300000,None,10423165000,None,121787000,168846000,290633000,None,None,None,801382000,10580474000,129003000,None,106658067,USD,-60303000,6059000,-61711000,1376000,83580000,32574000,-32569000,-144000,33414000,614000,29751000,27211000,-241000,-19195000,758000,None,None,-3278000,2784000,None,None,614000,16.39,16.63
4,2019-06-30,USD,111299000,77512000,None,111299000,33787000,26383000,None,None,33787000,None,77512000,None,33787000,4174000,14204000,7404000,106491000,92287000,None,None,None,7404000,-3674000,None,26383000,26383000,None,USD,10505483000,24112000,890145000,28742000,9171895000,1333588000,None,8683893000,1066000,562799000,126209000,344720000,8895282000,121954000,8856777000,171677000,None,-29219000,148973000,150696000,9558954000,964756000,854765000,28742000,121757000,2070000,1207000,None,None,1066000,None,562799000,None,None,275958000,None,10352717000,None,121757000,193361000,315118000,None,None,None,798942000,10505483000,121954000,None,106000000,USD,-176246000,32809000,-177732000,1554000,57596000,140801000,100971000,16042000,26383000,14065000,50996000,9616000,324000,-19133000,1367000,None,None,8247000,3040000,None,None,14065000,17.61,16.39
5,2019-03-31,USD,103177000,71424000,None,103177000,31753000,25044000,None,None,31753000,None,71424000,None,31753000,3805000,12307000,6709000,100118000,87811000,None,None,None,6709000,-4238000,None,25044000,25044000,None,USD,10297088000,25872000,876861000,28107000,8980812000,1316276000,None,8592524000,1062000,555205000,94655000,344720000,8722621000,105456000,8707716000,114081000,None,-35035000,149623000,8647717000,864328000,945684000,842657000,8542261000,121757000,2345000,1111000,None,None,1062000,None,555205000,None,None,262483000,None,1647026000,None,121757000,151339000,273096000,None,None,None,795044000,10297088000,105456000,None,104000000,USD,-66224000,36106000,-92098000,-64896000,-120308000,86260000,220553000,-5230000,25044000,24134000,29972000,-16292000,1521000,-18643000,4658000,None,None,8637000,3478000,None,None,24134000,16.97,17.61
6,2018-12-31,USD,106287000,72273000,14729000,106287000,34014000,26467000,0,0,34014000,0,72273000,None,34014000,4702000,10937000,None,None,None,0,0,0,7547000,-4305000,0,26467000,26467000,None,USD,9607773000,19821000,None,24490000,8350135000,1257638000,None,7894179000,1034000,550374000,103165000,307420000,8192967000,84424000,8129312000,234389000,None,-39696000,143390000,8105139000,824215000,930397000,None,8020715000,111213000,2498000,744000,None,None,1034000,None,550374000,None,None,205290000,None,1500136000,None,111213000,109610000,220823000,None,None,None,745926000,9607773000,84424000,None,104000000,USD,-38163000,-1177000,-36203000,3755000,55272000,-1475000,-39773000,1347000,26467000,-5157000,32521000,28991000,1076000,-17562000,588000,None,None,3631000,1795000,None,None,-5157000,16.94,16.97
7,2018-09-30,USD,101392000,66617000,16770000,101392000,34775000,27740000,0,0,34775000,0,66617000,None,34775000,2242000,9788000,None,None,None,0,0,0,7035000,-2574000,0,27740000,27740000,None,USD,9575331000,21167000,None,25798000,8334655000,1240676000,0,7953953000,1033000,541469000,85266000,307420000,8144286000,89398000,8133697000,179117000,None,-44689000,144612000,8055283000,835778000,912089000,0,7965885000,111213000,2486000,627000,0,0,1033000,0,541469000,0,None,208585000,None,1517562000,None,111213000,89745000,200958000,None,None,None,742863000,9575331000,89398000,None,104000000,USD,-79983000,4324000,-80585000,1175000,79228000,-18160000,-81768000,1359000,27740000,-59099000,39646000,24775000,1309000,-17540000,1920000,3204000,0,9238000,1777000,None,None,-59099000,17.32,16.94
8,2018-06-30,USD,102986000,69787000,13998000,102986000,33199000,26299000,0,0,33199000,0,69787000,None,33199000,3054000,8649000,None,None,None,0,0,0,6900000,-1417000,0,26299000,26299000,None,USD,9562309000,22629000,None,24959000,8333429000,1228880000,0,8007378000,1031000,531269000,109796000,307420000,8087497000,140932000,8107835000,99889000,215687000,-43093000,146276000,8050929000,825625000,898831000,0,7909997000,111213000,2722000,568000,0,0,1031000,0,531269000,0,None,206708000,None,1508658000,None,111213000,114381000,225594000,None,None,None,739673000,9562309000,140932000,None,103000000,USD,-104431000,3088000,-103654000,1949000,-4669000,11107000,29875000,-4193000,26299000,-59113000,33434000,19018000,3387000,-17414000,3315000,3204000,0,7941000,1172000,None,None,-59113000,17.39,17.32
9,2018-03-31,USD,99346000,67421000,11975000,99346000,31925000,24985000,0,0,31925000,0,67421000,None,31925000,3544000,7766000,None,None,None,0,0,0,6940000,-2529000,0,24985000,24985000,None,USD,9520979000,24149000,None,23051000,8305725000,1215254000,0,7985489000,1026000,522384000,104465000,307420000,1349540000,199852000,8090575000,104558000,219364000,-42221000,148184000,8049959000,27709000,883685000,0,7850107000,111213000,4041000,528000,0,0,1026000,0,522384000,0,None,959517000,None,1466979000,None,111213000,103937000,215150000,None,None,None,734065000,9520979000,199852000,None,103000000,USD,-63752000,-7364000,-61471000,2770000,-3680000,142611000,161329000,-6070000,24985000,114448000,33308000,26279000,4219000,-17405000,2367000,3204000,0,10174000,489000,None,None,114448000,16.56,17.39
10,2017-12-31,USD,100620000,71896000,13846000,100620000,28724000,22148000,0,0,28724000,0,71896000,None,28724000,-37938000,21077000,None,None,None,0,13961000,0,6576000,-15705000,0,22148000,22148000,None,USD,9363934000,25669000,None,23352000,8156210000,1207724000,0,7826989000,1027000,508058000,109770000,307420000,1392000000,89443000,7935687000,108238000,220790000,-32080000,151944000,8641944000,29678000,874635000,792535000,7759966000,111213000,5666000,460000,0,0,1027000,0,508058000,0,None,201613000,None,716324000,None,111213000,109310000,220523000,None,None,None,730719000,9363934000,881978000,None,103000000,USD,-7107000,9933000,-8777000,807000,-7150000,-118223000,-96103000,14596000,22148000,-87966000,39034000,6791000,3824000,-16355000,1385000,7045000,0,18486000,2477000,None,None,-87966000,16.73,16.56
11,2017-09-30,USD,104804000,68799000,10021000,104804000,36005000,23591000,0,0,36005000,0,68799000,None,36005000,79341000,-72000,None,None,None,0,-11061000,0,12414000,0,0,23591000,23591000,None,USD,9459814000,27244000,None,24184000,8253967000,1205847000,0,7942045000,1026000,502265000,85321000,307420000,1466704000,173018000,8057951000,115388000,228139000,-25607000,152761000,8734512000,31961000,871183000,869481000,7692013000,111213000,6844000,518000,0,0,1026000,0,502265000,0,None,200454000,None,719840000,None,111213000,84803000,196016000,None,None,None,728163000,9459814000,1042499000,None,103000000,USD,30975000,3495000,30698000,1467000,4947000,-66146000,-55784000,5091000,23591000,8909000,44357000,25187000,3321000,-16343000,1034000,8640000,0,12354000,1744000,None,None,8909000,17.27,16.73
12,2017-06-30,USD,118646000,73262000,12628000,118646000,45384000,30982000,0,0,45384000,0,73262000,None,45384000,-34378000,376000,None,None,None,0,1296000,0,14402000,0,0,30982000,30982000,None,USD,9499010000,28935000,None,31964000,8302080000,1196930000,0,7971247000,1025000,495017000,109179000,307420000,1557576000,164269000,8082218000,110441000,223588000,-25148000,154785000,8762590000,36206000,860575000,952802000,7645519000,111213000,16327000,530000,0,0,1025000,0,495017000,0,None,203044000,None,730390000,None,111213000,108649000,219862000,None,None,None,726036000,9499010000,1117071000,None,102000000,USD,-43949000,2731000,-39884000,1307000,-26750000,-263929000,-222181000,12637000,30982000,-275181000,28632000,40888000,3065000,-16274000,1276000,0,0,-18052000,2758000,None,None,-275181000,15.61,17.27
13,2017-03-31,USD,97444000,71646000,11327000,97444000,25798000,17746000,0,0,25798000,0,71646000,None,25798000,6386000,6690000,None,None,None,0,223000,0,8052000,0,0,17746000,17746000,None,USD,9731523000,30684000,None,173480000,8553960000,1177563000,0,7985755000,1020000,480309000,319801000,307420000,1480586000,434228000,8123532000,137191000,137191000,-26821000,159823000,8833204000,41888000,839459000,876047000,7522929000,111213000,158777000,586000,0,0,1020000,0,480309000,0,None,352262000,None,892077000,None,111213000,319215000,430428000,None,None,None,723055000,9731523000,1310275000,None,102000000,USD,-89449000,-4465000,-90336000,1369000,-5708000,88383000,107025000,11016000,17746000,42081000,44034000,28762000,6100000,-16240000,3306000,8074000,0,13637000,2256000,None,None,42081000,16.84,15.61
14,2016-12-31,USD,103125000,66270000,9236000,103125000,36855000,24494000,0,0,36855000,0,66270000,None,36855000,8366000,30845000,None,None,None,0,15610000,0,12361000,-58858000,0,24494000,24494000,None,USD,9623640000,32433000,None,174227000,8452977000,1170663000,0,7882321000,1017000,478803000,316544000,307420000,1418763000,393695000,8025855000,142899000,257086000,-27991000,161185000,8738002000,19978000,830810000,826200000,7518107000,111213000,157417000,635000,0,0,1017000,0,478803000,0,None,359733000,None,880749000,None,111213000,315909000,427122000,None,None,None,718834000,9623640000,1219895000,None,101000000,USD,124046000,-4202000,106799000,-14456000,7008000,-92124000,-88432000,29564000,24494000,69301000,54626000,26859000,6056000,-15150000,4450000,0,0,25913000,2742000,None,None,69301000,18.03,16.84
15,2016-09-30,USD,93926000,75032000,12992000,93926000,18894000,14197000,0,0,18894000,0,75032000,None,18894000,12177000,-2554000,None,None,None,0,-3608000,0,4697000,0,0,14197000,14197000,None,USD,9714607000,33901000,None,None,8551804000,1162803000,0,8202803000,1013000,449816000,101897000,307711000,1486284000,320566000,8339376000,135891000,135891000,-19643000,167596000,8973586000,22584000,821191000,890688000,7756911000,111213000,35196000,682000,0,0,1013000,0,469459000,0,None,204388000,None,736180000,None,111213000,101215000,212428000,None,None,None,711974000,9714607000,1216675000,None,101000000,USD,-213692000,6719000,901862000,1119804000,-824078000,-971727000,-102918000,83000,14197000,9135000,47521000,14280000,5140000,-15075000,1823000,0,0,21382000,4250000,None,None,9135000,15.71,18.03
16,2016-06-30,USD,92762000,103261000,14207000,92762000,-10499000,-7008000,0,0,-10499000,0,103261000,None,-10499000,-9101000,-3738000,None,None,None,0,-424000,0,-3491000,0,0,-7008000,-7008000,None,USD,8963975000,8095000,None,None,7808520000,1155455000,0,6636001000,1025000,470337000,101337000,262140000,1261811000,351116000,7596707000,959969000,959969000,-38887000,151643000,8311266000,25144000,885220000,705297000,7254853000,111213000,44892000,737000,0,0,1025000,0,470337000,0,None,200737000,None,647759000,None,111213000,100600000,211813000,None,None,None,722980000,8963975000,1056413000,None,100000000,USD,103143000,-9623000,99411000,2229000,77695000,38686000,-27304000,25149000,0,148110000,10013000,42680000,2966000,-14971000,3266000,0,0,-26010000,5961000,None,None,148110000,14.83,15.71
17,2016-03-31,USD,89340000,63275000,15406000,89340000,26065000,17984000,0,0,26065000,0,63275000,None,26065000,2335000,13746000,None,None,None,0,635000,0,8081000,0,0,17984000,17984000,None,USD,8916288000,8398000,None,None,7745700000,1170588000,0,6670061000,1018000,492316000,106672000,261736000,1361409000,196540000,7529709000,857754000,857754000,-40773000,153000000,8233916000,27764000,900454000,783940000,7253436000,111213000,15786000,1894000,0,0,1018000,0,492316000,0,None,224640000,None,675538000,None,111213000,104778000,215991000,None,None,None,718027000,8916288000,980480000,None,99000000,USD,40230000,11907000,41336000,3380000,-117253000,-70165000,62483000,-1663000,17984000,-4087000,24742000,16321000,3401000,-14960000,-435000,0,0,-6887000,2274000,None,None,-4087000,13.51,14.83
18,2015-12-31,USD,86104000,61227000,19081000,86104000,24877000,16193000,0,0,24877000,0,61227000,None,24877000,12278000,42177000,None,None,None,0,9751000,0,8684000,-18618000,0,16193000,16193000,None,USD,8951899000,8982000,None,21072000,7788736000,1163163000,0,6612581000,1019000,489292000,89935000,261736000,1461966000,207676000,7589581000,975007000,145343000,-44751000,154351000,8262602000,31689000,892445000,874405000,7180521000,111213000,8725000,1993000,0,0,1019000,0,489292000,0,None,223814000,None,680572000,None,111213000,87942000,199155000,None,None,None,717603000,8951899000,1082081000,None,95000000,USD,38039000,-10005000,36101000,3582000,39669000,10872000,-16310000,18971000,16193000,71783000,24810000,16629000,4780000,-13949000,1462000,10000,0,13406000,5566000,None,None,71783000,13.39,13.51
19,2015-09-30,USD,81914000,63804000,17317000,81914000,18110000,12872000,0,0,18110000,0,63804000,None,18110000,0,358000,None,None,None,0,0,0,5238000,0,0,12872000,12872000,None,USD,8934908000,9712000,None,None,7773571000,1161337000,0,6644742000,1017000,466988000,82278000,261319000,1583985000,134727000,7573777000,927219000,None,-41458000,153841000,8224568000,47299000,890306000,976677000,7113164000,119332000,10391000,1816000,0,0,1017000,0,487048000,0,None,227778000,None,699949000,None,119332000,80462000,199794000,None,None,None,714730000,8934908000,1111404000,None,96000000,USD,-12205000,-10162000,-70381000,-55691000,-35006000,-162865000,-113815000,None,12872000,-197323000,35923000,39172000,2583000,-12974000,-1070000,4000,0,4330000,2485000,None,None,-197323000,13.0,13.39
