,fiscalDateEnding,reportedCurrency_x,totalRevenue,totalOperatingExpense,costOfRevenue,grossProfit,ebit,netIncome_x,researchAndDevelopment,effectOfAccountingCharges,incomeBeforeTax,minorityInterest,sellingGeneralAdministrative,otherNonOperatingIncome,operatingIncome,otherOperatingExpense,interestExpense,taxProvision,interestIncome,netInterestIncome,extraordinaryItems,nonRecurring,otherItems,incomeTaxExpense,totalOtherIncomeExpense,discontinuedOperations,netIncomeFromContinuingOperations,netIncomeApplicableToCommonShares,preferredStockAndOtherAdjustments,reportedCurrency_y,totalAssets,intangibleAssets,earningAssets,otherCurrentAssets,totalLiabilities,totalShareholderEquity,deferredLongTermLiabilities,otherCurrentLiabilities,commonStock,retainedEarnings,otherLiabilities,goodwill,otherAssets,cash,totalCurrentLiabilities,shortTermDebt,currentLongTermDebt,otherShareholderEquity,propertyPlantEquipment,totalCurrentAssets,longTermInvestments,netTangibleAssets,shortTermInvestments,netReceivables,longTermDebt,inventory,accountsPayable,totalPermanentEquity,additionalPaidInCapital,commonStockTotalEquity,preferredStockTotalEquity,retainedEarningsTotalEquity,treasuryStock,accumulatedAmortization,otherNonCurrrentAssets,deferredLongTermAssetCharges,totalNonCurrentAssets,capitalLeaseObligations,totalLongTermDebt,otherNonCurrentLiabilities,totalNonCurrentLiabilities,negativeGoodwill,warrants,preferredStockRedeemable,capitalSurplus,liabilitiesAndShareholderEquity,cashAndShortTermInvestments,accumulatedDepreciation,commonStockSharesOutstanding,reportedCurrency,investments,changeInLiabilities,cashflowFromInvestment,otherCashflowFromInvestment,netBorrowings,cashflowFromFinancing,otherCashflowFromFinancing,changeInOperatingActivities,netIncome_y,changeInCash,operatingCashflow,otherOperatingCashflow,depreciation,dividendPayout,stockSaleAndPurchase,changeInInventory,changeInAccountReceivables,changeInNetIncome,capitalExpenditures,changeInReceivables,changeInExchangeRate,changeInCashAndCashEquivalents,clossingVal,nextClossingVal
0,2020-06-30,USD,11259000,None,None,None,None,1488000,None,None,1867000,None,3797000,None,None,1548000,1982000,379000,11849000,9867000,None,None,None,379000,None,None,1488000,1488000,None,USD,1354541000,191000,268401000,None,1211877000,142664000,None,None,634000,87939000,11653000,11331000,1043520000,83376000,None,None,55204000,4782000,14040000,None,196735000,131142000,196735000,4383000,50823000,None,2826000,None,None,None,None,None,-469000,None,None,None,None,None,None,None,None,None,None,None,49778000,None,None,None,None,USD,-59497000,0,-59497000,220000,14021000,108447000,96078000,-107000,1488000,44958000,-3992000,None,302000,-1583000,-69000,None,-714000,-4961000,250000,None,None,None,24.79,
1,2020-03-31,USD,10619000,7059000,None,10619000,3560000,3079000,None,None,3560000,None,7059000,None,3560000,1620000,2203000,481000,11868000,9665000,None,None,None,481000,None,None,3079000,3079000,None,USD,1242291000,212000,224474000,None,1100104000,142187000,None,990160000,634000,88032000,9818000,11331000,976515000,42188000,1085061000,92006000,40656000,4277000,15148000,242855000,919477000,130644000,196998000,3669000,51350000,None,2895000,None,None,634000,None,88032000,-400000,None,53268000,None,999436000,None,None,15043000,15043000,None,None,None,49644000,1242291000,239186000,None,6000000,USD,13702000,463000,14060000,482000,-26688000,4399000,32631000,501000,3079000,23003000,4544000,85000,624000,-1582000,38000,None,50000,293000,124000,None,None,23003000,26.7,24.79
2,2019-12-31,USD,11327000,7087000,None,11327000,4240000,3596000,None,None,4240000,None,7087000,None,4240000,444000,2152000,645000,11985000,9833000,None,None,None,644000,-33000,None,3596000,3596000,None,USD,1230610000,235000,215426000,4793000,1093182000,137428000,None,957529000,634000,86536000,9211000,11331000,968934000,20259000,1078655000,118694000,31751000,1187000,15784000,234183000,916072000,125862000,210205000,3719000,56438000,1556000,2432000,None,None,634000,None,86536000,-400000,None,53005000,None,996427000,None,None,14527000,14527000,None,None,None,49471000,1230610000,230464000,None,6000000,USD,-20864000,-191000,-21187000,244000,30010000,11946000,-16904000,-191000,3596000,-5500000,3741000,-1562000,632000,-1512000,352000,None,7000,1266000,567000,None,None,-5500000,38.9,26.7
3,2019-09-30,USD,11473000,6791000,None,11473000,4682000,3907000,None,None,4682000,None,6791000,None,4682000,1410000,2168000,775000,12059000,9891000,None,None,None,775000,-42000,None,3907000,3907000,None,USD,1215856000,257000,215184000,3726000,1080962000,134894000,None,974433000,632000,84522000,9922000,11331000,947629000,24052000,1065740000,88684000,52778000,1143000,15499000,238977000,897177000,123306000,211199000,3726000,35906000,1572000,2623000,None,None,632000,None,84522000,-455000,None,52615000,None,976879000,None,None,15222000,15222000,None,None,None,49052000,1215856000,235251000,None,6000000,USD,9095000,-385000,8903000,107000,-3434000,-11546000,-6791000,-385000,3907000,2443000,5086000,1034000,647000,-1510000,189000,None,253000,-117000,299000,None,None,2443000,31.61,38.9
4,2019-06-30,USD,10953000,6785000,None,10953000,4168000,3522000,None,None,4168000,None,6785000,None,4168000,1447000,2202000,646000,11814000,9612000,None,None,None,646000,-101000,None,3522000,3522000,None,USD,1222528000,280000,245503000,3979000,1091045000,131483000,None,981224000,630000,82127000,9395000,11331000,929526000,21627000,1076350000,92118000,48094000,440000,15557000,263689000,879445000,119872000,238083000,3979000,44024000,1677000,3008000,None,None,630000,None,82127000,-455000,None,52226000,None,958839000,None,None,14695000,14695000,None,None,None,48741000,1222528000,259710000,None,6000000,USD,-18643000,551000,-18433000,407000,6339000,11696000,6809000,551000,3522000,-1402000,5335000,488000,634000,-1509000,57000,None,110000,140000,197000,None,None,-1402000,34.81,31.61
5,2019-03-31,USD,10381000,6648000,None,10381000,3733000,3190000,None,None,3733000,None,6648000,None,3733000,1254000,2155000,543000,11426000,9271000,None,None,None,543000,-123000,None,3190000,3190000,None,USD,1203595000,307000,250044000,4089000,1076823000,126772000,None,974415000,630000,80115000,8872000,11331000,906116000,23006000,1062651000,85779000,37824000,-2077000,15957000,267716000,855849000,115134000,240621000,4089000,47955000,1792000,2457000,None,None,630000,None,80115000,-455000,None,52435000,None,935879000,None,None,14172000,14172000,None,None,None,48559000,1203595000,263627000,None,6000000,USD,-8547000,651000,-9063000,44000,-19551000,6313000,27635000,651000,3190000,1526000,4276000,-522000,641000,-1510000,-261000,None,-313000,316000,560000,None,None,1526000,30.84,34.81
6,2018-12-31,USD,10654000,6802000,2191000,10654000,3852000,3299000,0,0,3852000,0,6802000,None,3852000,381000,1816000,None,None,None,0,0,0,553000,-465000,0,3299000,3299000,None,USD,1184559000,336000,None,4794000,1062274000,122285000,None,946780000,630000,78434000,8358000,11331000,888452000,22274000,1053916000,105330000,26234000,-5020000,14961000,269327000,841730000,110618000,243277000,3776000,26050000,1115000,1806000,None,None,630000,None,78434000,-81000,None,46874000,None,915232000,None,None,8358000,8358000,None,None,None,48322000,1184559000,265551000,None,6000000,USD,-23845000,101000,-24040000,80000,15861000,21781000,7066000,101000,3299000,980000,3239000,-1253000,662000,-1379000,233000,None,None,430000,275000,None,None,980000,33.0,30.84
7,2018-09-30,USD,11010000,6572000,1773000,11010000,4438000,3710000,0,0,4438000,0,6572000,None,4438000,1326000,1398000,None,None,None,0,0,0,728000,160000,0,3710000,3710000,None,USD,1156748000,364000,None,3792000,1040068000,116680000,0,939714000,628000,76645000,9180000,11331000,861370000,20629000,1030888000,89469000,11893000,-8492000,15006000,271938000,810917000,104985000,247517000,3792000,24756000,1209000,1705000,0,0,628000,0,76645000,-188000,None,40924000,None,6268000,None,None,9180000,9180000,None,None,None,48087000,1156748000,268146000,None,6000000,USD,-7160000,244000,-7062000,229000,15861000,3470000,-11175000,244000,3710000,1261000,4853000,38000,680000,-1378000,162000,15000,0,181000,131000,None,None,1261000,39.16,33.0
8,2018-06-30,USD,10564000,6353000,1646000,10564000,4211000,3513000,0,0,4211000,0,6353000,None,4211000,1288000,1221000,None,None,None,0,0,0,698000,-233000,0,3513000,3513000,None,USD,1150593000,394000,None,3672000,1035060000,115533000,0,950889000,627000,74315000,9102000,11331000,844367000,18420000,1025958000,73608000,3359000,-7036000,15280000,281534000,795447000,103808000,259442000,3672000,26924000,1386000,1461000,0,0,627000,0,74315000,-188000,None,40722000,None,5885000,None,None,9102000,9102000,None,None,None,47815000,1150593000,277862000,None,6000000,USD,-23077000,5000,-23329000,55000,10610000,20132000,10740000,5000,3513000,3965000,7162000,2844000,677000,-1376000,158000,0,44000,123000,307000,None,None,3965000,36.02,39.16
9,2018-03-31,USD,9951000,6248000,1772000,9951000,3703000,3129000,0,0,3703000,0,6248000,None,3703000,1238000,1222000,None,None,None,0,0,0,574000,-107000,0,3129000,3129000,None,USD,1127037000,427000,None,3687000,1013199000,113838000,0,940149000,626000,72179000,10052000,11331000,332069000,14687000,1004603000,62998000,4818000,-6327000,15244000,284236000,767582000,102080000,265862000,3687000,33093000,1436000,1456000,0,0,626000,0,72179000,-188000,None,42595000,None,5622000,None,None,8596000,8596000,None,None,None,47548000,1127037000,280549000,None,6000000,USD,-659000,22000,-407000,412000,-15477000,-6192000,10765000,22000,3129000,-4555000,2044000,-1938000,713000,-1376000,-104000,0,29000,118000,160000,None,None,-4555000,30.09,36.02
10,2017-12-31,USD,10239000,5887000,1590000,10239000,4352000,157000,0,0,4352000,0,5887000,None,4352000,580000,3053000,None,None,None,0,0,0,4195000,-1691000,0,157000,157000,None,USD,1132916000,462000,None,4827000,1017177000,115739000,0,929384000,626000,70426000,9318000,11331000,344236000,20202000,1009293000,78475000,874000,-2667000,15525000,305039000,756458000,103946000,281121000,3716000,35945000,1661000,1434000,0,0,626000,0,70426000,-77000,None,39320000,None,4781000,None,None,7884000,7884000,None,None,None,47431000,1132916000,301323000,None,6000000,USD,-6729000,267000,-4799000,3079000,-525000,3570000,5362000,365000,157000,2382000,3611000,2214000,718000,-1371000,104000,0,0,255000,1149000,None,None,2382000,33.0,30.09
11,2017-09-30,USD,10128000,6239000,1627000,10128000,3889000,2941000,0,0,3889000,0,6239000,None,3889000,5079000,101000,None,None,None,0,0,0,948000,0,0,2941000,2941000,None,USD,1131953000,496000,None,3729000,1014261000,117692000,0,924022000,625000,71210000,11239000,11331000,352219000,17430000,1004189000,79000000,1215000,-1269000,17165000,306865000,748254000,105865000,285706000,3729000,31771000,4243000,1167000,0,0,625000,0,71210000,-341000,None,39538000,None,8304000,None,None,10072000,10072000,None,None,None,47467000,1131953000,303136000,None,6000000,USD,-7024000,225000,-7091000,262000,11478000,1204000,-8558000,225000,2941000,-2088000,3799000,-244000,801000,-1352000,-364000,67000,0,76000,329000,None,None,-2088000,30.52,33.0
12,2017-06-30,USD,9712000,6130000,1526000,9712000,3582000,2724000,0,0,3582000,0,6130000,None,3582000,-2566000,-11000,None,None,None,0,0,0,858000,0,0,2724000,2724000,None,USD,1127313000,531000,None,3417000,1011146000,116167000,0,932471000,416000,69660000,11153000,11331000,365827000,18838000,1000935000,67522000,67522000,-1532000,17476000,322922000,727607000,104305000,300667000,3417000,25330000,4523000,942000,0,0,416000,0,69660000,-22000,None,39265000,None,8181000,None,None,10211000,10211000,None,None,None,47645000,1127313000,319505000,None,6000000,USD,-18854000,33000,-18859000,106000,10262000,9969000,1116000,1532000,2724000,-3439000,5451000,1721000,799000,-1331000,-78000,67000,226000,174000,111000,None,None,-3439000,42.25,30.52
13,2017-03-31,USD,9540000,6614000,1537000,9540000,2926000,2376000,0,0,2926000,0,6614000,None,2926000,641000,937000,None,None,None,0,0,0,550000,0,0,2376000,2376000,None,USD,1111615000,571000,None,3532000,998663000,112952000,0,931413000,416000,68268000,9990000,11331000,361455000,21781000,989582000,57260000,57260000,-3317000,17776000,321114000,712542000,101050000,295801000,3532000,28877000,4703000,909000,0,0,416000,0,68268000,-93000,None,39358000,None,8923000,None,None,9081000,9081000,None,None,None,47678000,1111615000,317582000,None,6000000,USD,1791000,-160000,2156000,409000,-7552000,-2678000,6288000,-303000,2376000,2668000,3190000,54000,869000,-1332000,-82000,0,111000,51000,44000,None,None,2668000,41.89,42.25
14,2016-12-31,USD,9491000,6568000,1455000,9491000,2923000,2345000,0,0,2923000,0,6568000,None,2923000,2905000,2696000,None,None,None,0,-3186000,0,578000,-3020000,0,2345000,2345000,None,USD,1111183000,612000,None,4742000,1000104000,111079000,0,925385000,416000,67225000,9907000,11331000,367750000,19293000,991266000,64812000,64812000,-4119000,18833000,325500000,707426000,99136000,302564000,3643000,32001000,5302000,1069000,0,0,416000,0,67225000,-125000,None,38492000,None,8989000,None,None,8838000,8838000,None,None,None,47682000,1111183000,321857000,None,6000000,USD,-11312000,937000,-11188000,298000,18095000,-8174000,-25805000,17000,2346000,-15959000,3403000,-1566000,892000,-1278000,814000,54000,346000,794000,173000,None,None,-15959000,33.14,41.89
15,2016-09-30,USD,8519000,7679000,1408000,8519000,840000,612000,0,0,840000,0,7679000,None,840000,1844000,118000,None,None,None,0,9984000,0,228000,0,0,612000,612000,None,USD,1125057000,652000,None,None,1009357000,115700000,0,922244000,416000,66210000,11415000,11679000,372886000,35484000,990734000,67450000,67450000,2406000,19003000,349151000,700035000,103369000,310126000,3541000,8248000,5386000,1040000,0,0,416000,0,66210000,-908000,None,38977000,None,5560000,None,8248000,10375000,18623000,None,None,None,47576000,1125057000,345610000,None,6000000,USD,18554000,-986000,27709000,9371000,-20213000,-10617000,10723000,872000,611000,20518000,3426000,2872000,804000,-1144000,17000,54000,0,125000,10010000,None,None,20518000,29.08,33.14
16,2016-06-30,USD,6917000,4528000,1540000,6917000,2389000,1878000,0,0,2390000,0,4528000,None,2389000,-1694000,-11000,None,None,None,0,-6656000,0,512000,0,0,1878000,1878000,None,USD,767829000,237000,None,None,663238000,104591000,0,584259000,373000,69714000,4300000,9715000,168050000,14843000,659829000,74679000,74679000,2838000,11742000,146853000,575422000,94639000,129721000,2289000,36579000,5414000,891000,0,0,373000,0,66876000,-926000,None,21638000,None,2222000,None,None,3409000,3409000,None,None,None,35430000,767829000,144564000,None,6000000,USD,-4275000,-1086000,-4056000,285000,-16849000,5834000,23768000,-717000,1878000,3652000,1874000,-379000,403000,-1145000,60000,54000,0,996000,66000,None,None,3652000,28.0,29.08
17,2016-03-31,USD,6792000,4349000,1301000,6792000,2443000,1876000,0,0,2443000,0,4349000,None,2443000,474000,851000,None,None,None,0,1664000,0,567000,0,0,1876000,1876000,None,USD,760104000,260000,None,None,657406000,102698000,0,560491000,373000,66143000,5387000,9715000,183751000,11945000,652944000,91528000,91528000,1779000,9245000,158380000,558145000,92723000,143948000,2487000,28856000,2855000,925000,0,0,373000,0,66143000,-987000,None,20903000,None,3456000,None,None,4462000,4462000,None,None,None,35390000,760104000,155893000,None,6000000,USD,-8915000,1152000,-8922000,48000,-2833000,5240000,9584000,-27000,1876000,-1047000,2635000,-597000,397000,-1147000,-364000,32000,0,-193000,55000,None,None,-1047000,27.36,28.0
18,2015-12-31,USD,4508000,4675000,3645000,4508000,-167000,127000,0,0,-167000,0,4675000,None,-167000,2707000,2440000,None,None,None,0,1806000,0,-294000,-1427000,0,127000,127000,None,USD,750505000,285000,None,2800000,649507000,100998000,0,550909000,373000,65412000,4237000,9715000,178549000,13422000,646227000,94361000,94361000,488000,9319000,154636000,552627000,90998000,138851000,2363000,41126000,2847000,957000,0,0,373000,0,65412000,-626000,None,20254000,None,3669000,None,None,3280000,3280000,None,None,None,35351000,750505000,152273000,None,6000000,USD,-8169000,-1096000,-6343000,1932000,23653000,2355000,-20442000,-9000,127000,-1706000,2282000,878000,387000,-1141000,285000,113000,0,1986000,106000,None,None,-1706000,28.75,27.36
19,2015-09-30,USD,6404000,4070000,1538000,6404000,2334000,1777000,0,0,2334000,0,4070000,None,2334000,0,-16000,None,None,None,0,0,0,557000,0,0,1777000,1777000,None,USD,749329000,309000,None,None,647389000,101940000,0,571353000,372000,66431000,5328000,9715000,191976000,14204000,643057000,70708000,None,721000,7848000,170008000,537789000,91916000,153305000,2499000,29162000,1345000,996000,0,0,372000,0,66431000,-894000,None,20315000,None,3345000,None,None,4332000,4332000,None,None,None,35310000,749329000,167509000,None,6000000,USD,-6167000,391000,-6173000,79000,-345000,-5641000,-4256000,None,1777000,-8726000,3088000,-468000,397000,-1142000,102000,56000,0,991000,85000,None,None,-8726000,29.0,28.75
