,fiscalDateEnding,reportedCurrency_x,totalRevenue,totalOperatingExpense,costOfRevenue,grossProfit,ebit,netIncome_x,researchAndDevelopment,effectOfAccountingCharges,incomeBeforeTax,minorityInterest,sellingGeneralAdministrative,otherNonOperatingIncome,operatingIncome,otherOperatingExpense,interestExpense,taxProvision,interestIncome,netInterestIncome,extraordinaryItems,nonRecurring,otherItems,incomeTaxExpense,totalOtherIncomeExpense,discontinuedOperations,netIncomeFromContinuingOperations,netIncomeApplicableToCommonShares,preferredStockAndOtherAdjustments,reportedCurrency_y,totalAssets,intangibleAssets,earningAssets,otherCurrentAssets,totalLiabilities,totalShareholderEquity,deferredLongTermLiabilities,otherCurrentLiabilities,commonStock,retainedEarnings,otherLiabilities,goodwill,otherAssets,cash,totalCurrentLiabilities,shortTermDebt,currentLongTermDebt,otherShareholderEquity,propertyPlantEquipment,totalCurrentAssets,longTermInvestments,netTangibleAssets,shortTermInvestments,netReceivables,longTermDebt,inventory,accountsPayable,totalPermanentEquity,additionalPaidInCapital,commonStockTotalEquity,preferredStockTotalEquity,retainedEarningsTotalEquity,treasuryStock,accumulatedAmortization,otherNonCurrrentAssets,deferredLongTermAssetCharges,totalNonCurrentAssets,capitalLeaseObligations,totalLongTermDebt,otherNonCurrentLiabilities,totalNonCurrentLiabilities,negativeGoodwill,warrants,preferredStockRedeemable,capitalSurplus,liabilitiesAndShareholderEquity,cashAndShortTermInvestments,accumulatedDepreciation,commonStockSharesOutstanding,reportedCurrency,investments,changeInLiabilities,cashflowFromInvestment,otherCashflowFromInvestment,netBorrowings,cashflowFromFinancing,otherCashflowFromFinancing,changeInOperatingActivities,netIncome_y,changeInCash,operatingCashflow,otherOperatingCashflow,depreciation,dividendPayout,stockSaleAndPurchase,changeInInventory,changeInAccountReceivables,changeInNetIncome,capitalExpenditures,changeInReceivables,changeInExchangeRate,changeInCashAndCashEquivalents,clossingVal,nextClossingVal
0,2020-06-30,USD,1923000000,1888000000.0,None,None,-229000000,-397000000,None,None,-401000000,807000000,696000000,None,35000000,None,12000000,0,None,-12000000,None,None,None,None,-424000000,None,-401000000,-397000000,None,USD,14261000000,1864000000,None,393000000,5872000000,7582000000,None,314000000,6000000,-3241000000,827000000,3951000000,1249000000,1517000000,2682000000,None,76000000,-1331000000,2836000000,3461000000,297000000,1286000000,None,1203000000,1183000000,348000000,351000000,None,None,None,None,None,None,None,486000000,None,10800000000,1277000000,None,326000000,3190000000,None,None,None,None,None,None,None,None,USD,-100000000,-5000000,-100000000,1000000,-64000000,-131000000,-50000000,None,-397000000,87000000,318000000,None,160000000,-58000000,None,56000000,None,381000000,103000000,None,None,None,11.95,
1,2020-04-30,USD,1923000000,1888000000.0,None,None,-229000000,-397000000,None,None,-401000000,807000000,696000000,None,35000000,None,12000000,0,None,-12000000,None,None,None,None,-424000000,None,-401000000,-397000000,None,USD,None,None,None,None,None,None,None,None,6000000,-3241000000,827000000,None,1249000000,None,None,None,None,-1331000000,2836000000,None,None,1286000000,None,None,None,None,None,None,None,None,None,None,None,None,None,None,None,None,None,None,None,None,None,None,None,None,None,None,None,USD,-100000000,-5000000,-100000000,1000000,-64000000,-131000000,-50000000,None,-397000000,87000000,318000000,None,160000000,-58000000,None,56000000,None,381000000,103000000,None,None,None,10.22,11.95
2,2020-03-31,USD,2266000000,2184000000.0,1281000000,985000000,-877000000,-730000000,None,None,-1046000000,736000000,743000000,6000000,82000000,160000000,9000000,-10000000,None,-9000000,None,1125000000,None,-10000000,-1119000000,None,-1036000000,-730000000,None,USD,14428000000,1846000000,None,419000000,5860000000,7832000000,238000000,447000000,6000000,-2845000000,775000000,3831000000,1119000000,1388000000,2689000000,None,None,-1466000000,3416000000,3741000000,325000000,2155000000,None,1237000000,1115000000,363000000,342000000,None,None,6000000,None,-2845000000,None,None,484000000,306000000,10687000000,1405000000,1115000000,321000000,3171000000,None,None,None,12137000000,14428000000,1388000000,None,588000000,USD,-93000000,16000000,-93000000,1000000,8000000,-13000000,20000000,None,-730000000,164000000,270000000,42000000,160000000,-19000000,None,-50000000,None,806000000,98000000,68000000,None,164000000,8.99,10.22
3,2020-01-31,USD,2266000000,2184000000.0,None,None,-877000000,-730000000,None,None,-1046000000,736000000,743000000,None,82000000,None,9000000,-10000000,None,-9000000,None,None,None,-10000000,-1119000000,None,-1036000000,-730000000,None,USD,None,None,None,None,None,None,None,None,6000000,-2845000000,775000000,None,1119000000,None,None,None,None,-1466000000,3416000000,None,None,2155000000,None,None,None,None,None,None,None,None,None,None,None,None,None,None,None,None,None,None,None,None,None,None,None,None,None,None,None,USD,-93000000,16000000,-93000000,1000000,8000000,-13000000,20000000,None,-730000000,164000000,270000000,None,160000000,-19000000,None,-50000000,None,806000000,98000000,None,None,None,13.97,8.99
4,2019-12-31,USD,2479000000,2286000000.0,1350000000,1129000000,325000000,85000000,None,None,155000000,1169000000,774000000,-1000000,193000000,162000000,8000000,52000000,None,-8000000,None,29000000,None,52000000,-30000000,None,103000000,85000000,None,USD,16282000000,2257000000,None,518000000,6155000000,8958000000,268000000,269000000,6000000,-2114000000,851000000,4976000000,1128000000,1272000000,2727000000,None,None,-1117000000,3775000000,3718000000,325000000,1725000000,None,1570000000,1201000000,358000000,375000000,None,None,6000000,None,-2114000000,None,None,473000000,283000000,12564000000,1526000000,1201000000,358000000,3428000000,None,None,None,12183000000,16282000000,1272000000,None,590000000,USD,-116000000,-141000000,-116000000,2000000,-153000000,-233000000,-21000000,None,85000000,-184000000,165000000,43000000,162000000,-59000000,None,75000000,-110000000,94000000,120000000,-110000000,None,-184000000,14.51,13.97
5,2019-10-31,USD,2479000000,2286000000.0,None,None,325000000,85000000,None,None,155000000,1169000000,774000000,None,193000000,None,8000000,52000000,None,-8000000,None,None,None,52000000,-30000000,None,103000000,85000000,None,USD,None,None,None,None,None,None,None,None,6000000,-2114000000,851000000,None,1128000000,None,None,None,None,-1117000000,3775000000,None,None,1725000000,None,None,None,None,None,None,None,None,None,None,None,None,None,None,None,None,None,None,None,None,None,None,None,None,None,None,None,USD,-116000000,-141000000,-116000000,2000000,-153000000,-233000000,-21000000,None,85000000,-184000000,165000000,None,162000000,-59000000,None,75000000,None,94000000,120000000,None,None,None,14.12,14.51
6,2019-09-30,USD,2340000000,2281000000.0,1337000000,1003000000,-74000000,-227000000,None,None,-232000000,1115000000,782000000,2000000,59000000,162000000,-4000000,-21000000,None,4000000,None,297000000,None,-21000000,-295000000,None,-211000000,-227000000,None,USD,16233000000,2239000000,None,416000000,6404000000,8714000000,274000000,241000000,6000000,-2200000000,839000000,4885000000,1142000000,1441000000,3492000000,622000000,622000000,-1266000000,3723000000,3799000000,329000000,1590000000,None,1540000000,707000000,402000000,406000000,None,None,6000000,None,-2200000000,None,None,484000000,305000000,12434000000,1511000000,707000000,344000000,2912000000,None,None,None,12174000000,16233000000,1441000000,None,587000000,USD,-118000000,1428000000,-118000000,1000000,-91000000,-95000000,-4000000,-1661000000,-227000000,-186000000,27000000,43000000,162000000,-22000000,None,-72000000,-1551000000,287000000,117000000,-1551000000,None,-186000000,14.295,14.12
7,2019-07-31,USD,2340000000,2281000000.0,None,None,-74000000,-227000000,None,None,-232000000,1115000000,782000000,None,59000000,None,-4000000,-21000000,None,4000000,None,None,None,-21000000,-295000000,None,-211000000,-227000000,None,USD,None,None,None,None,None,None,None,None,6000000,-2200000000,839000000,None,1142000000,None,None,None,None,-1266000000,3723000000,None,None,1590000000,None,None,None,None,None,None,None,None,None,None,None,None,None,None,None,None,None,None,None,None,None,None,None,None,None,None,None,USD,-118000000,1428000000,-118000000,1000000,-91000000,-95000000,-4000000,None,-227000000,-186000000,27000000,None,162000000,-22000000,None,-72000000,None,287000000,117000000,None,None,None,13.46,14.295
8,2019-06-30,USD,2466000000,2362000000.0,1398000000,1068000000,151000000,-51000000,0,0,-28000000,9000000,799000000,-1000000,104000000,165000000,14000000,14000000,None,-14000000,0,117000000,0,14000000,-118000000,0,-42000000,-51000000,0,USD,15711000000,2426000000,None,515000000,5400000000,9144000000,295000000,299000000,6000000,-1979000000,1020000000,5147000000,1095000000,1643000000,3340000000,449000000,449000000,-1126000000,2554000000,4050000000,335000000,1571000000,0,1544000000,1004000000,348000000,411000000,0,0,6000000,0,-1979000000,0,0,470000000,269000000,11661000000,0,1004000000,495000000,2060000000,0,0,0,12243000000,15711000000,1643000000,0,588000000,USD,-154000000,-59000000,-154000000,3000000,-84000000,-109000000,34000000,-1661000000,-51000000,4000000,267000000,0,165000000,-59000000,0,16000000,97000000,90000000,155000000,97000000,0,4000000,13.96,13.46
9,2019-03-31,USD,2457000000,1012000000.0,1400000000,1057000000,44000000,10000000,0,0,30000000,13000000,810000000,-1000000,45000000,168000000,14000000,7000000,None,-14000000,0,34000000,0,7000000,-35000000,0,23000000,10000000,0,USD,16058000000,2514000000,None,564000000,5600000000,9289000000,321000000,1205000000,6000000,-1927000000,1022000000,5223000000,1170000000,1648000000,3679000000,678000000,678000000,-1019000000,2557000000,4247000000,347000000,1552000000,0,1631000000,868000000,404000000,1796000000,0,0,6000000,0,-1927000000,0,0,913000000,257000000,11811000000,0,868000000,732000000,1921000000,0,0,0,12229000000,16058000000,1648000000,0,589000000,USD,-23000000,-47000000,-114000000,62000000,-144000000,-168000000,-3000000,-1661000000,23000000,21000000,303000000,0,168000000,-21000000,0,-31000000,177000000,13000000,153000000,177000000,0,21000000,12.49,13.96
10,2018-12-31,USD,2627000000,955000000.0,1484000000,1143000000,189000000,95000000,0,0,174000000,24000000,773000000,1000000,188000000,163000000,15000000,None,None,None,0,19000000,0,55000000,-37000000,0,119000000,95000000,0,USD,16227000000,2571000000,None,558000000,5793000000,9264000000,384000000,1100000000,6000000,-1937000000,1119000000,5225000000,1049000000,1618000000,3712000000,744000000,744000000,-1076000000,2517000000,4429000000,345000000,1468000000,0,1853000000,936000000,400000000,1868000000,0,0,6000000,0,-1937000000,0,0,912000000,228000000,11798000000,0,936000000,761000000,2081000000,0,0,0,12271000000,16227000000,1618000000,0,587000000,USD,-13000000,80000000,-288000000,-144000000,-146000000,-209000000,-5000000,-1551000000,119000000,-252000000,245000000,0,163000000,-58000000,0,-20000000,-119000000,22000000,131000000,-119000000,0,-252000000,11.55,12.49
11,2018-09-30,USD,2524000000,1007000000.0,1340000000,1184000000,194000000,101000000,0,0,178000000,27000000,826000000,17000000,177000000,163000000,16000000,None,None,None,0,18000000,0,50000000,-19000000,0,128000000,101000000,0,USD,16288000000,2607000000,None,547000000,5858000000,9261000000,401000000,1079000000,6000000,-2032000000,1100000000,5153000000,1081000000,1886000000,3545000000,671000000,671000000,-970000000,2512000000,4469000000,390000000,1501000000,0,1648000000,1186000000,388000000,1795000000,0,0,6000000,0,-2032000000,0,0,897000000,260000000,11819000000,0,1186000000,726000000,2313000000,0,0,0,12257000000,16288000000,1886000000,0,584000000,USD,-10000000,-121000000,-121000000,12000000,-61000000,-124000000,-40000000,0,128000000,-132000000,113000000,0,163000000,-23000000,0,-23000000,-21000000,-13000000,133000000,-21000000,0,-132000000,13.6,11.55
12,2018-06-30,USD,2693000000,44478880.35,1464000000,1229000000,140000000,-371000000,0,0,-292000000,1186000000,914000000,0,140000000,0,-16000000,None,None,None,0,0,0,63000000,-432000000,0,-355000000,-372000000,0,USD,16346000000,2671000000,None,372000000,5849000000,9291000000,389000000,888000000,6000000,-2163000000,1064000000,5218000000,1110000000,2034000000,3295000000,462000000,462000000,-874000000,2560000000,4394000000,393000000,1422000000,0,1612000000,1490000000,376000000,1945000000,0,0,6000000,0,-2163000000,0,0,831000000,279000000,11952000000,0,1490000000,675000000,2554000000,0,20000000,0,12322000000,16346000000,2034000000,0,583000000,USD,-9000000,101000000,-177000000,10000000,-25000000,-164000000,-119000000,0,-371000000,-78000000,292000000,0,163000000,-20000000,0,-23000000,-42000000,429000000,164000000,0,0,0,15.85,13.6
13,2018-03-31,USD,2093000000,1106000000.0,1151000000,942000000,-1109000000,-1128000000,0,0,-1107000000,18000000,760000000,-945000000,-164000000,100000000,-2000000,None,None,None,0,246000000,0,3000000,-1191000000,0,-1110000000,-1128000000,None,USD,13372000000,2226000000,None,546000000,3361000000,9695000000,55000000,1014000000,6000000,-1792000000,710000000,3724000000,837000000,2112000000,2467000000,92000000,92000000,-829000000,1642000000,3986000000,957000000,3765000000,0,1328000000,184000000,224000000,1453000000,9991000000,0,6000000,0,-1792000000,0,None,467000000,370000000,9386000000,None,184000000,655000000,894000000,None,20000000,None,12310000000,13372000000,2112000000,None,583000000,USD,-9000000,137000000,32000000,10000000,-25000000,-32000000,8000000,None,-1128000000,256000000,261000000,None,100000000,-40000000,0,-6000000,-13000000,1171000000,72000000,None,None,None,16.1,15.85
14,2017-12-31,USD,2180000000,824000000.0,1139000000,1041000000,168000000,-83000000,0,0,169000000,17000000,712000000,-49000000,217000000,100000000,-1000000,None,None,None,0,12000000,0,235000000,-63000000,0,-66000000,-83000000,None,USD,14359000000,2281000000,None,483000000,3181000000,10860000000,59000000,941000000,6000000,-664000000,724000000,3917000000,793000000,1856000000,2270000000,94000000,94000000,-832000000,1631000000,3718000000,2019000000,4682000000,0,1379000000,187000000,216000000,1329000000,11158000000,0,6000000,0,-664000000,0,None,444000000,349000000,10641000000,None,187000000,665000000,911000000,None,20000000,None,12350000000,14359000000,1856000000,None,583000000,USD,-21000000,-78000000,-55000000,16000000,-93000000,-171000000,-19000000,None,-83000000,-21000000,208000000,None,100000000,-59000000,0,8000000,-13000000,261000000,66000000,None,None,None,16.6,16.1
15,2017-09-30,USD,2058000000,772000000.0,1149000000,909000000,135000000,68000000,0,0,141000000,19000000,660000000,-2000000,137000000,97000000,-6000000,None,None,None,0,15000000,0,54000000,0,0,87000000,68000000,None,USD,14662000000,2301000000,None,526000000,3446000000,10913000000,73000000,1036000000,6000000,-581000000,748000000,3922000000,438000000,1877000000,2417000000,105000000,105000000,-852000000,1636000000,3768000000,2044000000,4710000000,0,1365000000,281000000,225000000,1381000000,11196000000,0,6000000,0,-581000000,0,None,438000000,553000000,10894000000,None,281000000,675000000,1029000000,None,20000000,None,12340000000,14662000000,1877000000,None,583000000,USD,-12000000,-101000000,-121000000,-59000000,-93000000,-31000000,-10000000,None,87000000,-156000000,-4000000,87000000,97000000,-21000000,0,-16000000,0,2000000,62000000,-73000000,17000000,-139000000,13.65,16.6
16,2017-06-30,USD,8277000000,7694000000.0,4529000000,3610000000,-598000000,-1022000000,0,0,-911000000,-198000000,2719000000,None,445000000,100000000,-7000000,None,None,None,0,2198000000,0,-49000000,-1060000000,0,-1737000000,-1801000000,None,USD,14552000000,2281000000,None,523000000,3459000000,10789000000,61000000,1026000000,6000000,-648000000,731000000,3838000000,967000000,2016000000,2452000000,103000000,103000000,-964000000,1624000000,3815000000,2027000000,4690000000,0,1276000000,276000000,208000000,1426000000,0,0,6000000,0,-648000000,0,None,442000000,525000000,10737000000,None,276000000,670000000,1007000000,None,20000000,None,12395000000,14552000000,2016000000,None,581000000,USD,-98000000,137000000,-105000000,325000000,-23000000,-217000000,-76000000,-258000000,-738000000,184000000,494000000,None,281000000,-118000000,0,15000000,-58000000,947000000,256000000,None,None,None,14.15,13.65
17,2017-03-31,USD,1978000000,804000000.0,1101000000,877000000,37000000,-5000000,0,0,45000000,5000000,662000000,-36000000,73000000,109000000,-8000000,None,None,None,0,33000000,0,45000000,0,0,1283000000,-5000000,None,USD,14886000000,2316000000,None,586000000,3449000000,11139000000,82000000,1018000000,6000000,-219000000,633000000,3859000000,442000000,1850000000,2461000000,None,None,-1045000000,1961000000,3762000000,2010000000,4984000000,0,1326000000,273000000,228000000,1443000000,11417000000,0,6000000,0,-219000000,0,None,442000000,536000000,11124000000,None,273000000,633000000,988000000,None,20000000,None,12397000000,14886000000,1850000000,None,582000000,USD,-54000000,37000000,-49000000,0,-93000000,-152000000,-15000000,-6000000,-5000000,256000000,219000000,None,0,-93000000,0,8000000,0,74000000,168000000,None,None,None,13.5,14.15
18,2016-12-31,USD,2116000000,1141000000.0,1126000000,990000000,-266000000,-289000000,0,0,-251000000,70000000,665000000,-115000000,-151000000,120000000,-15000000,None,None,None,0,356000000,0,-32000000,0,0,-219000000,-289000000,None,USD,14527000000,2298000000,None,499000000,3279000000,10955000000,40000000,964000000,6000000,-213000000,646000000,3791000000,385000000,1564000000,2325000000,None,None,-1289000000,1981000000,3591000000,1932000000,4886000000,0,1528000000,268000000,226000000,1361000000,11228000000,0,6000000,0,-213000000,0,None,934000000,None,10936000000,None,268000000,646000000,954000000,None,20000000,None,12451000000,14527000000,1564000000,None,581000000,USD,-39000000,73000000,-118000000,0,None,-121000000,-3000000,-6000000,-289000000,73000000,4000000,None,0,-77000000,0,9000000,0,358000000,108000000,None,None,None,11.8,13.5
