,fiscalDateEnding,reportedCurrency_x,totalRevenue,totalOperatingExpense,costOfRevenue,grossProfit,ebit,netIncome_x,researchAndDevelopment,effectOfAccountingCharges,incomeBeforeTax,minorityInterest,sellingGeneralAdministrative,otherNonOperatingIncome,operatingIncome,otherOperatingExpense,interestExpense,taxProvision,interestIncome,netInterestIncome,extraordinaryItems,nonRecurring,otherItems,incomeTaxExpense,totalOtherIncomeExpense,discontinuedOperations,netIncomeFromContinuingOperations,netIncomeApplicableToCommonShares,preferredStockAndOtherAdjustments,reportedCurrency_y,totalAssets,intangibleAssets,earningAssets,otherCurrentAssets,totalLiabilities,totalShareholderEquity,deferredLongTermLiabilities,otherCurrentLiabilities,commonStock,retainedEarnings,otherLiabilities,goodwill,otherAssets,cash,totalCurrentLiabilities,shortTermDebt,currentLongTermDebt,otherShareholderEquity,propertyPlantEquipment,totalCurrentAssets,longTermInvestments,netTangibleAssets,shortTermInvestments,netReceivables,longTermDebt,inventory,accountsPayable,totalPermanentEquity,additionalPaidInCapital,commonStockTotalEquity,preferredStockTotalEquity,retainedEarningsTotalEquity,treasuryStock,accumulatedAmortization,otherNonCurrrentAssets,deferredLongTermAssetCharges,totalNonCurrentAssets,capitalLeaseObligations,totalLongTermDebt,otherNonCurrentLiabilities,totalNonCurrentLiabilities,negativeGoodwill,warrants,preferredStockRedeemable,capitalSurplus,liabilitiesAndShareholderEquity,cashAndShortTermInvestments,accumulatedDepreciation,commonStockSharesOutstanding,reportedCurrency,investments,changeInLiabilities,cashflowFromInvestment,otherCashflowFromInvestment,netBorrowings,cashflowFromFinancing,otherCashflowFromFinancing,changeInOperatingActivities,netIncome_y,changeInCash,operatingCashflow,otherOperatingCashflow,depreciation,dividendPayout,stockSaleAndPurchase,changeInInventory,changeInAccountReceivables,changeInNetIncome,capitalExpenditures,changeInReceivables,changeInExchangeRate,changeInCashAndCashEquivalents,clossingVal,nextClossingVal
0,2020-06-30,USD,130879000,62633000,66369000,64510000,1899000,-824000,18222000,None,792000,None,40737000,22000,1877000,1112000,1107000,1616000,6000,-1101000,None,2562000,None,1616000,-2546000,None,-824000,-824000,None,USD,769806000,89414000,None,39639000,366164000,403642000,5988000,105445000,667000,118295000,12558000,267165000,47998000,200355000,138471000,None,None,-2156000,18525000,317424000,None,47063000,None,77430000,179000000,None,33026000,None,None,667000,None,118295000,None,None,66674000,None,10604000,46804000,179000000,42705000,227693000,None,None,None,286836000,769806000,200355000,None,66669000,USD,-6228000,-2094000,-6228000,-5612000,50000000,48592000,-1834000,1637000,-824000,60036000,17672000,2041000,8421000,None,426000,None,2286000,7842000,616000,2286000,None,60036000,10.98,
1,2020-03-31,USD,136382000,74332000,68339000,68043000,-5546000,-4242000,21429000,None,-6207000,None,43159000,743000,-6289000,1449000,661000,-1965000,111000,-550000,None,8295000,None,-1965000,-7663000,None,-4242000,-4242000,None,USD,720116000,94813000,None,38834000,319622000,400494000,5300000,108757000,661000,119119000,8581000,267165000,47283000,140319000,143218000,None,None,-2143000,19836000,260015000,None,38516000,None,80862000,129000000,None,34461000,None,None,661000,None,119119000,None,None,67667000,None,10620000,49442000,129000000,42104000,176404000,None,None,None,282857000,720116000,140319000,None,66134000,USD,-5231000,4022000,-5231000,-4733000,92000000,91834000,-499000,-5204000,-4242000,107833000,21230000,1719000,8482000,None,333000,None,-1247000,12535000,498000,-1247000,None,107833000,10.44,10.98
2,2019-12-31,USD,137740000,66325000,68135000,69605000,3447000,4415000,20026000,None,3012000,None,42841000,167000,3280000,964000,435000,-1403000,30000,-405000,None,2494000,None,-1403000,-2357000,None,4415000,4415000,None,USD,622895000,104072000,None,35589000,223139000,399756000,6198000,102159000,657000,123361000,9963000,266741000,42288000,32486000,136879000,None,None,-1423000,22004000,153366000,None,28943000,None,85216000,37000000,75000,34720000,None,None,657000,None,123361000,None,None,71624000,5088000,469529000,49620000,37000000,43062000,86260000,None,None,None,277161000,622895000,32486000,None,65701000,USD,-78247000,3423000,-78247000,-76489000,37000000,36695000,-799000,-5261000,4415000,-17945000,23607000,-4367000,8174000,None,494000,-17000,4068000,7911000,1758000,4068000,None,-17945000,16.07,10.44
3,2019-09-30,USD,134256000,61791000,65734000,68522000,6977000,6081000,19789000,None,6590000,None,39046000,246000,6731000,865000,387000,509000,36000,-351000,None,2091000,None,509000,-1881000,None,6081000,6081000,None,USD,572828000,81366000,None,32585000,181700000,391128000,5933000,105593000,654000,118946000,7823000,218771000,42358000,50431000,132255000,None,None,-1320000,22049000,170054000,None,90991000,None,86980000,None,58000,26662000,None,None,654000,None,118946000,None,None,74422000,6166000,402774000,51569000,None,43512000,49445000,None,None,None,272848000,572828000,50431000,None,65436000,USD,-4170000,4516000,-4170000,-2666000,-6000000,-5956000,-442000,1662000,6081000,13641000,23767000,2825000,7340000,None,486000,8000,-2989000,5986000,1504000,-2989000,None,13641000,15.67,16.07
4,2019-06-30,USD,131861000,65240000,65231000,66630000,1336000,1244000,22051000,None,864000,None,40128000,-54000,1390000,865000,472000,-380000,79000,-393000,None,2196000,None,-380000,-2329000,None,1244000,1244000,None,USD,567325000,85907000,None,34024000,186495000,380830000,6046000,105119000,654000,112865000,7964000,218771000,42367000,36790000,128250000,9744000,9744000,-1177000,22772000,155516000,None,76152000,None,84630000,6000000,72000,23131000,None,None,654000,None,112865000,None,None,78152000,6207000,411809000,54025000,6000000,46199000,58245000,None,None,None,268488000,567325000,36790000,None,65383000,USD,-8424000,-8596000,-8424000,-4735000,-5000000,-6305000,-2401000,-11042000,1244000,2268000,16997000,4088000,7422000,None,1096000,48000,5105000,7686000,3689000,5105000,None,2268000,19.9,15.67
5,2019-03-31,USD,134785000,66191000,185759000,72728000,6523000,3928000,19813000,None,5928000,None,44710000,-14000,6537000,1028000,595000,1790000,-492000,-492000,-210000,640000,None,2000000,-757000,None,3928000,3928000,None,USD,532895000,90450000,None,34068000,156949000,375946000,5905000,97073000,648000,111621000,17717000,218771000,38672000,34522000,128232000,782000,782000,-1231000,21404000,159851000,None,66725000,None,91141000,11000000,120000,31159000,None,None,648000,None,111621000,None,None,36225000,6194000,373044000,None,11000000,11812000,28717000,None,None,None,264908000,532895000,34522000,None,64838000,USD,-6562000,4791000,-6562000,-5718000,-16000000,-13555000,-583000,-5135000,3928000,-2921000,17196000,-859000,7361000,None,3028000,27000,-6420000,8368000,844000,-6420000,None,-2921000,16.83,19.9
6,2018-12-31,USD,130867000,63013000,61671000,69196000,6000000,4824000,20682000,None,5280000,None,41304000,-183000,6183000,1027000,720000,456000,None,None,None,None,None,456000,-903000,None,4824000,4824000,None,USD,530743000,91379000,None,29786000,165373000,365370000,5564000,92059000,647000,107693000,17870000,218771000,39645000,37443000,119896000,None,None,-1281000,23169000,157779000,None,55220000,7389000,90421000,27000000,129000,27837000,None,None,647000,None,107693000,None,None,33228000,6417000,372964000,None,27000000,12913000,45477000,None,None,None,258311000,530743000,37443000,None,64704000,USD,None,2804000,-5641000,-4474000,-15000000,-14997000,-394000,476000,4824000,-2275000,18363000,-2941000,8218000,None,397000,27000,-1861000,5598000,1167000,-167000,None,-2275000,15.15,16.83
7,2018-09-30,USD,130321000,53721000,61118000,69203000,15759000,13094000,18371000,None,14990000,None,34229000,277000,15482000,1121000,769000,None,None,None,None,None,None,1896000,5208000,None,13094000,13094000,None,USD,535685000,95032000,None,27240000,180251000,355434000,5951000,93906000,644000,102869000,18511000,218771000,38432000,39718000,119046000,None,None,-1692000,24815000,158635000,None,41631000,7331000,91524000,42000000,153000,25140000,0,0,644000,0,102869000,0,None,32168000,6264000,377050000,None,42000000,13254000,61205000,None,None,None,253613000,535685000,39718000,None,64382000,USD,None,6168000,-6356000,-5594000,-2000000,106000,-650000,-19197000,13094000,5654000,11904000,-20310000,8190000,0,2756000,7000,-93000,4832000,762000,-77000,None,5654000,20.08,15.15
8,2018-06-30,USD,133200000,67932000,-61851000,71349000,3820000,2648000,22128000,None,3090000,None,44636000,403000,3417000,1168000,730000,None,None,None,None,None,None,442000,-3427000,None,2648000,2648000,None,USD,535135000,97482000,None,27845000,198243000,336892000,5937000,114263000,642000,89775000,18342000,218875000,36400000,34064000,135074000,45460000,45460000,-899000,26567000,155811000,None,20535000,7520000,93741000,44000000,161000,20811000,0,0,642000,0,89775000,0,None,30151000,6249000,379324000,None,44000000,13232000,63169000,None,None,None,247374000,535135000,34064000,None,64220000,USD,None,-11636000,-6964000,-4785000,7000000,6798000,-1554000,-10883000,2648000,2846000,3012000,-481000,8025000,0,1352000,9000,3484000,3961000,2179000,486000,None,2846000,19.5,20.08
9,2018-03-31,USD,135775000,92840000,61977000,73798000,-18938000,-11047000,21098000,0,-20011000,0,65709000,104000,-19042000,1795000,1073000,None,None,None,0,4238000,0,-3304000,-24207000,0,-16707000,-11047000,None,USD,515755000,100409000,None,17180000,192345000,323410000,7259000,102396000,640000,78708000,20753000,218875000,28014000,31218000,134592000,37000000,37000000,-400000,26795000,141662000,None,4126000,2373000,93084000,37000000,180000,32196000,0,0,640000,0,78708000,0,None,18795000,9219000,374093000,None,37000000,13494000,57753000,None,None,None,244462000,515755000,31218000,None,63995000,USD,None,1735000,-11388000,-9193000,-3105000,-2937000,-81000,24119000,-11047000,5486000,19811000,22682000,7704000,0,249000,-22000,-6369000,5128000,2195000,-6369000,None,5486000,13.65,19.5
10,2017-12-31,USD,131715000,66294000,61634000,70081000,3761000,1541000,20645000,0,3028000,0,43563000,-26000,3787000,1956000,733000,None,None,None,0,130000,0,1487000,-889000,0,1541000,1541000,None,USD,501383000,103872000,None,17944000,170643000,330740000,7326000,82996000,637000,89754000,23680000,216530000,345898000,26752000,107963000,39000000,39000000,-235000,27137000,128348000,None,10338000,3393000,83498000,39000000,154000,24967000,0,0,637000,0,89754000,0,None,18299000,7197000,373035000,None,39000000,16354000,62680000,None,None,None,240584000,501383000,26752000,None,63712000,USD,None,-1166000,-6206000,-4023000,-16000000,-15669000,11000,2539000,1541000,-3194000,18681000,2926000,6388000,0,320000,-26000,960000,7938000,2183000,1080000,None,-3194000,13.58,13.65
11,2017-09-30,USD,132607000,62516000,58755000,73852000,11363000,8030000,19527000,0,10523000,0,40977000,27000,11336000,2012000,840000,None,None,None,0,0,0,2493000,0,0,8030000,8030000,None,USD,514060000,107770000,None,15369000,188557000,325503000,7629000,84198000,637000,88213000,24944000,216530000,353239000,33041000,108613000,55000000,55000000,-457000,27681000,133140000,None,1203000,6488000,84583000,55000000,147000,24415000,0,0,637000,0,88213000,0,None,18650000,None,10289000,None,55000000,17315000,79944000,None,None,None,237110000,514060000,33041000,None,63685000,USD,None,2775000,-32364000,-29412000,10000000,10280000,-70000,4322000,8030000,3216000,25300000,1327000,10004000,0,350000,-63000,120000,4893000,2952000,-1666000,None,3216000,15.73,13.58
12,2017-06-30,USD,130922000,65013000,59169000,71753000,6727000,3896000,19989000,0,6050000,0,42977000,-13000,6740000,2047000,677000,None,None,None,0,0,0,2154000,0,0,3896000,3896000,None,USD,489909000,97113000,None,18283000,175721000,314188000,7824000,84089000,634000,80184000,24972000,202272000,330534000,29252000,105749000,None,None,-372000,27832000,131543000,None,14803000,5915000,83908000,45000000,100000,21660000,0,0,634000,0,80184000,0,None,18883000,None,12266000,None,45000000,17148000,69972000,None,None,None,233742000,489909000,29252000,None,63370000,USD,None,-10031000,-41575000,-39104000,30000000,14445000,-19525000,None,3896000,-14336000,12794000,3238000,9782000,0,3970000,38000,1546000,4325000,2471000,1546000,None,-14336000,17.21,15.73
13,2017-03-31,USD,132385000,69760000,55970000,76415000,6544000,4415000,22111000,0,5833000,0,42710000,-111000,6655000,2546000,711000,None,None,None,0,2393000,0,1418000,-14729000,0,4415000,4415000,None,USD,473221000,82820000,None,17969000,168178000,305043000,8023000,99158000,625000,76227000,24484000,185898000,298993000,42589000,128694000,15000000,15000000,-358000,27426000,146802000,None,36325000,4916000,86086000,15000000,158000,29536000,305043000,0,625000,0,76227000,0,None,19010000,None,11265000,None,15000000,16461000,39484000,None,None,None,228549000,473221000,42589000,None,62437000,USD,9291000,24062000,-5801000,-1878000,-10000000,-9689000,-19922000,2033000,4415000,13679000,29169000,-5308000,10060699,0,311000,45000,5535000,6364000,3923000,-10470000,None,13679000,15.24,17.21
14,2016-12-31,USD,127868000,60055000,54352000,73516000,13457000,10486000,19714000,0,12828000,0,37542000,-4000,13461000,2568000,629000,None,None,None,0,231000,0,2342000,0,0,10486000,10486000,None,USD,463019000,87717000,None,15944000,165269000,297750000,8050000,94101000,624000,71812000,22317000,185888000,302088000,28641000,117952000,None,None,-653000,26097000,134834000,None,24145000,4647000,89997000,25000000,252000,23851000,0,0,624000,0,71812000,0,None,18703000,None,9780000,None,25000000,14267000,47317000,None,None,None,225967000,463019000,28641000,None,62437000,USD,None,2204000,-4587000,-1334000,-23000000,-22703000,None,None,10486000,-2252000,25038000,-1424000,8219301,0,297000,-44000,16005000,3241000,3253000,2356000,None,-2252000,13.15,15.24
15,2016-09-30,USD,127166000,64400000,55997000,71169000,6715000,3987000,18292000,0,5912000,0,42790000,-54000,6769000,2617000,803000,None,None,None,0,701000,0,1925000,0,0,3987000,3987000,None,USD,478888000,94047000,None,18519000,193417000,285471000,8197000,103029000,621000,61326000,21573000,188555000,309645000,30704000,123844000,None,None,-565000,25985000,143258000,None,2869000,4458000,93682000,48000000,353000,20815000,0,0,621000,0,61326000,0,None,19025000,None,8018000,None,48000000,13376000,69573000,None,None,None,224089000,478888000,30704000,None,62094000,USD,None,16926000,-3898000,-2371000,-40000000,-39657000,None,None,3987000,-103000,43452000,1831000,14265000,0,343000,-17000,13649000,4278000,1527000,2182000,None,-103000,11.32,13.15
16,2016-06-30,USD,122205000,65262000,56815000,65390000,49000,-647000,18224000,0,-964000,0,40581000,-79000,128000,2704000,1013000,None,None,None,0,3753000,0,-317000,0,0,-647000,-647000,None,USD,505074000,99770000,None,16631000,234948000,270126000,8093000,107021000,615000,57339000,21458000,188837000,315324000,31191000,125490000,None,None,-593000,26683000,163067000,None,-18481000,4842000,114815000,88000000,430000,18469000,0,0,615000,0,57339000,0,None,18559000,None,8158000,None,88000000,13365000,109458000,None,None,None,212765000,505074000,31191000,None,61510000,USD,9291000,-15298000,2881000,-2948000,-17000000,-16641000,None,None,-647000,-827000,12933000,1425000,13630000,0,359000,-5000,11467000,2361000,3462000,11467000,None,-827000,11.91,11.32
17,2016-03-31,USD,127912000,91262000,59255000,68657000,-22196000,-16322000,16077000,0,-23892000,0,40272000,409000,-22605000,2675000,1696000,None,None,None,0,32238000,0,-7570000,-33615000,0,-16322000,-16322000,None,USD,530790000,104925000,None,14910000,261413000,269377000,7692000,108173000,610000,57986000,18353000,188837000,321009000,32496000,138060000,105000000,105000000,-481000,25790000,183991000,None,-24385000,9297000,126733000,105000000,555000,29887000,0,0,610000,0,57986000,0,None,19049000,8198000,346799000,None,105000000,10661000,123353000,None,None,None,211262000,530790000,41793000,None,60978000,USD,9509000,-20012000,-168129000,26279000,99618000,89153000,-5382000,-6688000,-16322000,-65472000,13504000,None,9580000,-10725000,260000,177000,9929000,43697000,23939000,-1384000,None,-65472000,15.24,11.91
18,2015-12-31,USD,117032000,54810000,53785000,63247000,8394000,7302000,14518000,0,8443000,0,39395000,-43000,8437000,897000,-49000,None,None,None,0,0,0,1141000,0,0,7302000,7302000,None,USD,433390000,66860000,None,14111000,148807000,284583000,7794000,93721000,609000,74307000,17712000,73513000,158950000,97100000,131095000,None,None,-517000,23171000,251269000,None,144210000,12165000,127231000,0,662000,37374000,0,0,609000,0,74307000,0,None,18577000,None,182121000,None,None,9918000,17712000,None,None,None,210184000,433390000,109265000,None,60886000,USD,-105000,-8089000,-8936000,-4917000,None,-10469000,None,None,7302000,-5999000,13406000,456000,6833000,-10722000,253000,-41000,11313000,3945000,3914000,3000000,None,-5999000,16.12,15.24
19,2015-09-30,USD,125369000,56275000,56598000,68771000,12442000,8315000,17981000,0,12483000,0,37396000,-54000,13720000,898000,-41000,None,None,None,0,0,0,4168000,0,0,8315000,8315000,None,USD,436142000,66243000,None,12955000,148645000,287497000,7488000,95276000,609000,77250000,15300000,73571000,157698000,98647000,133345000,None,None,-481000,22537000,255907000,None,147683000,12130000,127544000,0,649000,38069000,0,0,609000,0,77731000,0,None,17884000,None,180235000,None,None,7812000,15300000,None,None,None,209638000,436142000,114759000,None,61000000,USD,-215000,-9110000,-5942000,-3052000,None,-10449000,None,None,8315000,-6212000,10179000,1206000,6915000,-10703000,254000,-37000,8313000,1697000,2675000,1193000,None,-6212000,12.48,16.12
