,fiscalDateEnding,reportedCurrency_x,totalRevenue,totalOperatingExpense,costOfRevenue,grossProfit,ebit,netIncome_x,researchAndDevelopment,effectOfAccountingCharges,incomeBeforeTax,minorityInterest,sellingGeneralAdministrative,otherNonOperatingIncome,operatingIncome,otherOperatingExpense,interestExpense,taxProvision,interestIncome,netInterestIncome,extraordinaryItems,nonRecurring,otherItems,incomeTaxExpense,totalOtherIncomeExpense,discontinuedOperations,netIncomeFromContinuingOperations,netIncomeApplicableToCommonShares,preferredStockAndOtherAdjustments,reportedCurrency_y,totalAssets,intangibleAssets,earningAssets,otherCurrentAssets,totalLiabilities,totalShareholderEquity,deferredLongTermLiabilities,otherCurrentLiabilities,commonStock,retainedEarnings,otherLiabilities,goodwill,otherAssets,cash,totalCurrentLiabilities,shortTermDebt,currentLongTermDebt,otherShareholderEquity,propertyPlantEquipment,totalCurrentAssets,longTermInvestments,netTangibleAssets,shortTermInvestments,netReceivables,longTermDebt,inventory,accountsPayable,totalPermanentEquity,additionalPaidInCapital,commonStockTotalEquity,preferredStockTotalEquity,retainedEarningsTotalEquity,treasuryStock,accumulatedAmortization,otherNonCurrrentAssets,deferredLongTermAssetCharges,totalNonCurrentAssets,capitalLeaseObligations,totalLongTermDebt,otherNonCurrentLiabilities,totalNonCurrentLiabilities,negativeGoodwill,warrants,preferredStockRedeemable,capitalSurplus,liabilitiesAndShareholderEquity,cashAndShortTermInvestments,accumulatedDepreciation,commonStockSharesOutstanding,reportedCurrency,investments,changeInLiabilities,cashflowFromInvestment,otherCashflowFromInvestment,netBorrowings,cashflowFromFinancing,otherCashflowFromFinancing,changeInOperatingActivities,netIncome_y,changeInCash,operatingCashflow,otherOperatingCashflow,depreciation,dividendPayout,stockSaleAndPurchase,changeInInventory,changeInAccountReceivables,changeInNetIncome,capitalExpenditures,changeInReceivables,changeInExchangeRate,changeInCashAndCashEquivalents,clossingVal,nextClossingVal
0,2020-06-30,USD,1817000000,1962000000,957000000,860000000,396000000,-214000000,402000000,None,-241000000,193000000,222000000,None,-145000000,1000000,94000000,-33000000,4000000,-91000000,None,None,None,-33000000,-5000000,None,-209000000,-214000000,None,USD,21057000000,2824000000,None,240000000,12002000000,8862000000,None,914000000,64000000,-3155000000,818000000,9946000000,544000000,3266000000,2992000000,None,1349000000,50000000,2528000000,5215000000,None,-3908000000,None,481000000,8004000000,1228000000,729000000,None,None,None,None,None,None,None,760000000,None,15842000000,None,None,870000000,9010000000,None,None,None,None,None,None,None,None,USD,-113000000,-160000000,-113000000,None,2000000000,1885000000,-15000000,-11000000,-214000000,2187000000,414000000,None,543000000,-105000000,-3000000,0,None,29000000,103000000,None,None,None,114.04,
1,2020-03-31,USD,2021000000,1953000000,1024000000,997000000,612000000,-21000000,425000000,None,-10000000,222000000,233000000,None,68000000,1000000,82000000,2000000,4000000,-82000000,None,None,None,2000000,4000000,None,-13000000,-21000000,None,USD,19511000000,3218000000,None,327000000,10253000000,9036000000,None,936000000,64000000,-2933000000,871000000,9935000000,499000000,1079000000,1831000000,None,None,14000000,2610000000,3249000000,None,-4117000000,None,616000000,7366000000,1227000000,895000000,None,None,None,None,None,-3345000000,None,712000000,None,16262000000,None,7366000000,857000000,8422000000,None,None,None,15236000000,None,1079000000,None,280000000,USD,-37000000,64000000,-37000000,151000000,2000000000,-431000000,-15000000,4000000,-21000000,34000000,512000000,None,540000000,-105000000,-355000000,-35000000,None,-68000000,188000000,None,None,None,82.93,114.04
2,2019-12-31,USD,2301000000,2104000000,1092000000,1209000000,722000000,114000000,424000000,None,104000000,214000000,225000000,None,197000000,-2000000,96000000,-20000000,15000000,-84000000,None,None,None,-20000000,-9000000,None,123000000,114000000,None,USD,20016000000,3620000000,None,313000000,10361000000,9441000000,None,32000000,64000000,-2845000000,1006000000,9949000000,759000000,1045000000,1791000000,None,None,75000000,2421000000,3267000000,None,-4128000000,None,667000000,7365000000,1192000000,944000000,None,None,None,None,None,-3037000000,None,732000000,None,16749000000,None,7388000000,923000000,8570000000,None,None,None,15184000000,None,1045000000,None,286000000,USD,-1866000000,-35000000,-1866000000,-1656000000,-1150000000,-1443000000,-15000000,7000000,114000000,-2492000000,814000000,None,522000000,-105000000,-74000000,-7000000,144000000,58000000,168000000,None,None,None,127.26,82.93
3,2019-09-30,USD,2265000000,2032000000,1079000000,1186000000,763000000,109000000,396000000,None,148000000,205000000,221000000,None,233000000,-2000000,98000000,28000000,17000000,-85000000,None,None,None,28000000,-65000000,None,119000000,109000000,None,USD,21254000000,3406000000,None,426000000,11659000000,9390000000,None,1122000000,67000000,-2037000000,978000000,8791000000,492000000,3537000000,3126000000,1142000000,1142000000,67000000,2621000000,5944000000,None,-2807000000,None,786000000,7363000000,1134000000,862000000,None,None,None,None,None,-4429000000,None,712000000,None,15310000000,None,7387000000,885000000,8533000000,None,None,None,15722000000,None,3537000000,None,284000000,USD,-138000000,43000000,-138000000,42000000,-47000000,-95000000,-2000000,30000000,109000000,507000000,746000000,None,517000000,-70000000,-9000000,13000000,-17000000,37000000,159000000,None,None,None,109.12,127.26
4,2019-06-30,USD,2217000000,2060000000,1066000000,1151000000,663000000,41000000,408000000,None,68000000,195000000,230000000,None,157000000,1000000,89000000,21000000,12000000,-78000000,None,None,None,21000000,-11000000,None,46000000,41000000,None,USD,21059000000,3737000000,None,396000000,11539000000,9325000000,None,1036000000,67000000,-1998000000,1048000000,8788000000,531000000,3030000000,2983000000,1177000000,1177000000,118000000,2572000000,5431000000,None,-3200000000,None,780000000,7361000000,1144000000,770000000,None,None,None,None,None,-4497000000,None,706000000,None,15628000000,None,7386000000,858000000,8556000000,None,None,None,15635000000,None,3030000000,None,285000000,USD,-144000000,-218000000,-280000000,21000000,1197000000,463000000,-23000000,-14000000,41000000,838000000,517000000,None,506000000,-71000000,-645000000,84000000,31000000,73000000,129000000,None,None,None,97.61,109.12
5,2019-03-31,USD,2094000000,2040000000,1022000000,1072000000,560000000,-21000000,415000000,None,-29000000,190000000,248000000,None,54000000,-2000000,87000000,-9000000,13000000,-77000000,None,None,None,-9000000,-6000000,None,-16000000,-21000000,None,USD,20672000000,4094000000,None,387000000,10741000000,9741000000,None,1330000000,67000000,-2112000000,1106000000,8852000000,523000000,2192000000,3262000000,1117000000,1117000000,109000000,2583000000,4620000000,None,-3205000000,None,800000000,6223000000,1241000000,815000000,None,None,None,None,None,-3870000000,None,699000000,None,16052000000,None,6248000000,862000000,7479000000,None,None,None,15547000000,None,2192000000,None,287000000,USD,-136000000,-250000000,-136000000,36000000,1197000000,-756000000,-23000000,20000000,-21000000,-597000000,296000000,None,502000000,-73000000,-715000000,38000000,-42000000,35000000,172000000,None,None,None,88.39,97.61
6,2018-12-31,USD,2403000000,2257000000,1160000000,1243000000,146000000,276000000,403000000,0,148000000,185000000,250000000,None,146000000,80000000,-76000000,None,None,None,3000000,0,0,-141000000,2000000,0,289000000,276000000,None,USD,21530000000,4467000000,None,365000000,10840000000,10505000000,None,60000000,67000000,-1907000000,1208000000,8857000000,823000000,2789000000,3385000000,1105000000,1105000000,123000000,2158000000,5225000000,None,-2819000000,None,792000000,6222000000,1279000000,999000000,None,None,None,None,None,-3238000000,None,None,None,None,None,6247000000,None,None,None,None,None,15460000000,None,2789000000,None,329000000,USD,-1000000,-188000000,-174000000,139000000,997000000,288000000,-72000000,4000000,276000000,845000000,731000000,None,501000000,-74000000,-4967000000,5000000,51000000,66000000,170000000,None,None,None,73.28,88.39
7,2018-09-30,USD,2445000000,2143000000,1181000000,1264000000,302000000,1820000000,415000000,0,2144000000,172000000,226000000,None,302000000,-41000000,-61000000,None,None,None,0,0,0,311000000,1842000000,0,1833000000,1820000000,None,USD,21056000000,4762000000,None,330000000,10251000000,10633000000,None,136000000,71000000,-996000000,1301000000,8865000000,632000000,1944000000,3596000000,1002000000,1002000000,126000000,2394000000,4403000000,None,-2994000000,None,845000000,5354000000,1284000000,949000000,None,None,None,None,None,-4749000000,None,None,None,None,None,None,None,None,None,None,None,None,None,None,None,325000000,USD,4000000,310000000,-42000000,None,1000000000,-3609000000,-65000000,-36000000,1820000000,-1037000000,2615000000,None,495000000,-74000000,None,42000000,-31000000,1000000,156000000,None,None,None,85.5,73.28
8,2018-06-30,USD,2290000000,2140000000,1110000000,1180000000,150000000,54000000,438000000,0,70000000,159000000,228000000,None,150000000,1000000,-61000000,None,None,None,0,0,0,4000000,-80000000,0,66000000,54000000,None,USD,22644000000,5127000000,None,414000000,8755000000,13730000000,None,64000000,71000000,-2368000000,1564000000,8861000000,793000000,2981000000,1850000000,2000000,2000000,120000000,2352000000,5511000000,None,-258000000,None,790000000,5341000000,1326000000,1072000000,None,None,None,None,None,-192000000,None,None,None,None,None,None,None,None,None,None,None,None,None,None,None,347000000,USD,-7000000,-225000000,-132000000,None,-1274000000,-1266000000,-65000000,10000000,54000000,-1002000000,403000000,None,494000000,-74000000,None,-76000000,86000000,45000000,129000000,None,None,None,109.27,85.5
9,2018-03-31,USD,2269000000,2104000000,1097000000,1172000000,165000000,58000000,425000000,0,72000000,201000000,222000000,None,165000000,1000000,-75000000,None,None,None,0,0,0,2000000,-93000000,0,70000000,58000000,None,USD,24127000000,5494000000,None,536000000,10237000000,13689000000,None,67000000,71000000,-2389000000,1743000000,8877000000,888000000,3983000000,3165000000,1249000000,1249000000,212000000,2307000000,6561000000,None,-682000000,None,791000000,5329000000,1251000000,984000000,None,None,None,None,None,-233000000,None,None,None,None,None,None,None,None,None,None,None,None,None,None,None,347000000,USD,-7000000,-26000000,-174000000,None,-1274000000,-10000000,-65000000,10000000,58000000,436000000,620000000,None,489000000,-74000000,20000000,-36000000,81000000,39000000,156000000,None,None,None,117.0,109.27
10,2017-12-31,USD,2456000000,6459000000,1019000000,3418000000,383000000,753000000,414000000,0,139000000,15000000,651000000,None,267000000,44000000,85000000,None,None,None,0,0,0,-1305000000,-3304000000,0,-1616000000,753000000,None,USD,24049000000,14729000000,None,382000000,10333000000,13527000000,701000000,821000000,71000000,-2339000000,1100000000,8866000000,15710000000,3547000000,2718000000,749000000,749000000,177000000,2295000000,6044000000,None,-1202000000,None,879000000,5814000000,1236000000,1146000000,None,None,None,None,None,-342000000,None,None,None,None,None,None,None,None,None,None,None,None,None,None,None,346000000,USD,-3000000,225000000,2072000000,2622000000,-2744000000,-2886000000,-89000000,-100000000,753000000,1653000000,2447000000,None,2129000000,-74000000,233000000,-120000000,31000000,-2006000000,552000000,None,None,None,117.09,117.0
11,2017-09-30,USD,2387000000,6400000000,996000000,3360000000,445000000,108000000,392000000,0,93000000,15000000,637000000,None,217000000,-65000000,76000000,None,None,None,0,0,0,1566000000,8900000000,0,7779000000,108000000,None,USD,23793000000,15137000000,None,321000000,10804000000,12815000000,None,897000000,71000000,-2700000000,974000000,8887000000,15999000000,3065000000,2703000000,721000000,721000000,180000000,2288000000,5506000000,None,-2322000000,None,915000000,5802000000,1205000000,1052000000,None,None,None,None,None,-615000000,None,None,None,None,None,None,None,None,None,None,None,None,None,None,None,346000000,USD,-7000000,143000000,2207000000,2625000000,-4000000,-59000000,-89000000,-5000000,108000000,423000000,1709000000,None,517000000,None,36000000,-24000000,3000000,-11000000,419000000,None,None,None,113.09,117.09
12,2017-06-30,USD,2202000000,-6322000000,931000000,-3236000000,-320000000,49000000,381000000,0,9000000,14000000,608000000,None,103000000,20000000,75000000,None,None,None,0,0,0,-974000000,-5863000000,0,-5209000000,49000000,None,USD,23628000000,15466000000,None,336000000,10796000000,12584000000,None,888000000,71000000,-2766000000,913000000,8876000000,16251000000,2642000000,2714000000,6548000000,6548000000,159000000,2306000000,5071000000,None,-2882000000,None,915000000,5790000000,1178000000,1068000000,None,None,None,None,None,-692000000,None,None,None,None,None,None,None,None,None,None,None,None,None,None,None,None,USD,None,107000000,2370000000,2627000000,-4000000,18000000,-89000000,-2000000,49000000,404000000,1066000000,None,553000000,None,32000000,-37000000,49000000,-52000000,257000000,None,None,None,109.45,113.09
13,2017-03-31,USD,2211000000,2107000000,962000000,1080000000,104000000,1305000000,367000000,0,1548000000,13000000,612000000,None,103000000,-1000000,86000000,None,None,None,0,0,0,230000000,1444000000,0,1318000000,1305000000,None,USD,23614000000,15837000000,None,317000000,10991000000,12389000000,None,1079000000,71000000,-2737000000,939000000,8854000000,16653000000,2238000000,2065000000,6509000000,6509000000,100000000,2279000000,4682000000,None,-3448000000,None,983000000,6498000000,1144000000,975000000,None,None,None,None,None,-791000000,None,None,None,None,None,None,None,None,None,None,None,None,None,None,None,None,USD,None,244000000,2428000000,2589000000,-2732000000,-2722000000,-89000000,-1000000,1305000000,344000000,625000000,None,529000000,None,36000000,-28000000,4000000,-1446000000,161000000,None,None,None,103.5,109.45
14,2016-12-31,USD,2440000000,6760000000,1083000000,3348000000,269000000,520000000,362000000,0,81000000,17000000,627000000,None,200000000,-2000000,109000000,None,None,None,0,0,0,-807000000,-1038000000,0,259000000,520000000,None,USD,24898000000,16186000000,None,1358000000,13742000000,10935000000,1659000000,1039000000,71000000,-3934000000,884000000,8843000000,17148000000,1894000000,2433000000,421000000,421000000,34000000,2352000000,5398000000,None,-5251000000,None,1033000000,8766000000,1113000000,973000000,None,None,None,None,None,-915000000,None,None,None,None,None,None,None,None,None,None,None,None,None,None,None,348000000,USD,-3000000,-156000000,-627000000,2000000,-80000000,-1392000000,-147000000,5000000,520000000,280000000,2303000000,None,2092000000,-74000000,115000000,568000000,-51000000,-429000000,389000000,None,None,None,98.01,103.5
15,2016-09-30,USD,2469000000,2292000000,1117000000,1187000000,177000000,91000000,379000000,0,64000000,17000000,635000000,None,191000000,0,100000000,None,None,None,0,0,0,-44000000,0,0,0,91000000,None,USD,24792000000,16566000000,None,1336000000,14038000000,10550000000,None,1053000000,71000000,-4282000000,904000000,8910000000,17223000000,1569000000,2563000000,9382000000,9382000000,None,2366000000,5203000000,None,None,None,1157000000,8761000000,1141000000,889000000,None,None,None,None,None,-1044000000,None,None,None,None,None,None,None,None,None,None,None,None,None,None,None,None,USD,None,None,-305000000,None,None,-191000000,-9000000,-4000000,91000000,234000000,1566000000,None,520000000,None,None,544000000,-57000000,None,258000000,None,None,None,102.01,98.01
16,2016-06-30,USD,2365000000,0,1072000000,0,0,0,416000000,0,0,14000000,658000000,None,92000000,0,101000000,None,None,None,0,0,0,0,0,0,0,0,None,USD,24581000000,16720000000,None,1352000000,13512000000,10881000000,None,1097000000,71000000,None,781000000,8873000000,17239000000,1335000000,2592000000,None,None,None,2403000000,None,None,None,None,None,8272000000,1167000000,873000000,None,None,None,None,None,-536000000,None,None,None,None,None,None,None,None,None,None,None,None,None,None,None,341000000,USD,None,None,None,None,None,None,None,None,None,None,848000000,None,None,None,None,487000000,None,None,159000000,None,None,None,78.34,102.01
17,2016-03-31,USD,2224000000,0,1461000000,0,0,0,403000000,0,0,11000000,678000000,None,0,0,107000000,None,None,None,0,0,0,0,0,0,0,0,None,USD,25373000000,17685000000,None,251000000,13882000000,11192000000,None,1014000000,71000000,None,870000000,9239000000,18280000000,1488000000,2698000000,None,None,None,2848000000,None,None,None,None,None,8270000000,1452000000,948000000,None,None,None,None,None,-245000000,None,None,None,None,None,None,None,None,None,None,None,None,None,None,None,342000000,USD,None,None,None,None,None,None,None,None,None,None,414000000,None,None,None,None,441000000,None,None,88000000,None,None,None,81.07,78.34
18,2015-12-31,USD,1606000000,4894000000,728000000,2954000000,1207000000,972000000,318000000,0,841000000,17000000,429000000,None,219000000,-2000000,162000000,None,None,None,0,0,0,-119000000,288000000,0,1599000000,972000000,None,USD,26354000000,18018000000,None,189000000,14551000000,11515000000,2293000000,952000000,68000000,-3542000000,1054000000,9228000000,18620000000,1614000000,2548000000,534000000,534000000,181000000,2922000000,4812000000,None,-6503000000,None,1047000000,8656000000,1879000000,1014000000,None,None,None,None,None,-342000000,None,None,None,None,None,None,None,None,None,None,None,None,None,None,None,250000000,USD,1000000,127000000,-430000000,1595000000,60000000,-449000000,-85000000,30000000,972000000,429000000,1330000000,None,491000000,-74000000,51000000,82000000,-78000000,-924000000,341000000,None,None,None,84.25,81.07
19,2015-09-30,USD,1522000000,0,712000000,0,0,361000000,178000000,0,394000000,18000000,336000000,None,380000000,0,55000000,None,None,None,0,0,0,15000000,0,0,0,361000000,None,USD,8250000000,2303000000,None,499000000,7093000000,889000000,None,509000000,51000000,None,798000000,1838000000,2754000000,2492000000,1777000000,None,None,None,1097000000,None,None,None,None,None,4518000000,751000000,736000000,None,None,None,None,None,-1442000000,None,None,None,None,None,None,None,None,None,None,None,None,None,None,None,242000000,USD,None,28000000,None,None,None,621000000,None,None,361000000,None,1059000000,None,None,None,None,None,None,None,249000000,None,None,None,87.07,84.25
