,fiscalDateEnding,reportedCurrency_x,totalRevenue,totalOperatingExpense,costOfRevenue,grossProfit,ebit,netIncome_x,researchAndDevelopment,effectOfAccountingCharges,incomeBeforeTax,minorityInterest,sellingGeneralAdministrative,otherNonOperatingIncome,operatingIncome,otherOperatingExpense,interestExpense,taxProvision,interestIncome,netInterestIncome,extraordinaryItems,nonRecurring,otherItems,incomeTaxExpense,totalOtherIncomeExpense,discontinuedOperations,netIncomeFromContinuingOperations,netIncomeApplicableToCommonShares,preferredStockAndOtherAdjustments,reportedCurrency_y,totalAssets,intangibleAssets,earningAssets,otherCurrentAssets,totalLiabilities,totalShareholderEquity,deferredLongTermLiabilities,otherCurrentLiabilities,commonStock,retainedEarnings,otherLiabilities,goodwill,otherAssets,cash,totalCurrentLiabilities,shortTermDebt,currentLongTermDebt,otherShareholderEquity,propertyPlantEquipment,totalCurrentAssets,longTermInvestments,netTangibleAssets,shortTermInvestments,netReceivables,longTermDebt,inventory,accountsPayable,totalPermanentEquity,additionalPaidInCapital,commonStockTotalEquity,preferredStockTotalEquity,retainedEarningsTotalEquity,treasuryStock,accumulatedAmortization,otherNonCurrrentAssets,deferredLongTermAssetCharges,totalNonCurrentAssets,capitalLeaseObligations,totalLongTermDebt,otherNonCurrentLiabilities,totalNonCurrentLiabilities,negativeGoodwill,warrants,preferredStockRedeemable,capitalSurplus,liabilitiesAndShareholderEquity,cashAndShortTermInvestments,accumulatedDepreciation,commonStockSharesOutstanding,reportedCurrency,investments,changeInLiabilities,cashflowFromInvestment,otherCashflowFromInvestment,netBorrowings,cashflowFromFinancing,otherCashflowFromFinancing,changeInOperatingActivities,netIncome_y,changeInCash,operatingCashflow,otherOperatingCashflow,depreciation,dividendPayout,stockSaleAndPurchase,changeInInventory,changeInAccountReceivables,changeInNetIncome,capitalExpenditures,changeInReceivables,changeInExchangeRate,changeInCashAndCashEquivalents,clossingVal,nextClossingVal
0,2020-06-30,USD,914633000,750904000,416639000,497994000,358820000,99595000,None,None,135547000,21459000,193243000,10783000,163729000,-25716000,82251000,37406000,None,-82251000,None,None,None,37406000,54069000,None,98141000,99595000,None,USD,13540056000,5800973000,None,98620000,11338279000,2180318000,1698042000,62336000,473000,984316000,2345719000,2880675000,199662000,664624000,822329000,60491000,60491000,19850000,1808358000,1542784000,1307604000,-6501330000,None,762930000,7977577000,None,176392000,None,None,473000,None,984316000,-164847000,None,426672000,None,11997272000,None,7977577000,840331000,10515950000,None,None,None,1340526000,13540056000,681234000,None,None,USD,-29177000,31587000,-29177000,26031000,-17500000,-42444000,411000,-74027000,99595000,230559000,302180000,-17592000,141022000,-25342000,-301000,None,117244000,-47432000,55522000,117244000,None,230559000,83.69,
1,2020-03-31,USD,1091822000,806640000,445059000,646763000,466519000,156915000,None,None,222038000,22913000,218384000,7545000,285182000,-12758000,101284000,64344000,-101284000,-101284000,None,None,None,64344000,38140000,None,157694000,156915000,None,USD,13575437000,5868650000,None,67171000,11459378000,2093146000,1696611000,133672000,473000,910063000,2355865000,2879748000,213295000,434067000,915998000,56228000,56228000,19850000,1777259000,1514290000,1322195000,-6655252000,None,888738000,7990635000,None,138952000,None,None,473000,None,910063000,-170957000,None,205107000,None,12061147000,None,7990635000,856134000,10543380000,None,None,None,1333717000,13575437000,450675000,None,48000000,USD,351029000,-18324000,351029000,110929000,-459120000,-564150000,-652000,-30544000,156915000,201997000,415118000,-14378000,143197000,-25676000,-79070000,None,-7268000,91756000,60134000,-7268000,None,201997000,57.73,83.69
2,2019-12-31,USD,1100090000,859411000,437398000,662692000,436647000,113212000,None,None,168283000,21996000,260480000,8394000,240679000,-16336000,106831000,54432000,-90967000,-106831000,None,None,None,54432000,34435000,None,113851000,113212000,None,USD,13989737000,6181085000,None,67171000,11936244000,2031497000,1710664000,138205000,473000,778833000,2404510000,2996875000,456944000,232070000,947557000,109310000,109310000,19850000,1525713000,1351767000,1477353000,-7146463000,None,883921000,8383278000,None,157366000,None,None,473000,None,778833000,-121388000,None,692229000,None,12637970000,None,8383278000,894745000,10988687000,None,None,None,1353729000,13989737000,248678000,None,48000000,USD,-120002000,49877000,-120002000,18746000,2871000,-66834000,-4483000,58219000,113212000,-85351000,101485000,72529000,161533000,-20761000,-45115000,None,-52457000,-32393000,87286000,-52457000,None,-85351000,117.25,57.73
3,2019-09-30,USD,663575000,595668000,322327000,341248000,217786000,-5847000,None,None,34329000,21308000,183083000,3335000,67907000,-20417000,93199000,39507000,-89982000,-93199000,None,63317000,None,39507000,59621000,None,-5178000,-5847000,None,USD,14103375000,6177151000,None,119047000,12153342000,1928725000,1688590000,149275000,473000,675356000,2462322000,3082652000,414216000,317420000,1094297000,142664000,142664000,-14316000,1494649000,1435617000,1499090000,-7331078000,None,860794000,8393173000,None,109128000,None,None,473000,None,675356000,-79299000,None,405665000,None,12667758000,238638000,8393173000,773732000,11059045000,None,None,None,1346511000,14103375000,334029000,None,46000000,USD,-4545297000,3105000,-4545297000,20504000,4817833000,4719820000,-77536000,-29040000,-5847000,254105000,79582000,-15096000,90258000,-20743000,0,None,54303000,-80139000,38757000,54303000,None,254105000,102.31,117.25
4,2019-06-30,USD,649012000,518484000,296044000,352968000,227126000,68002000,None,None,97381000,2733000,144058000,-2600000,130528000,58966000,51363000,26646000,-51363000,-51363000,None,None,None,26646000,18216000,None,70735000,68002000,None,USD,7031535000,3175126000,None,118969000,5073318000,1943779000,642525000,136634000,473000,701946000,800212000,2166410000,60675000,79924000,494047000,94940000,94940000,-14316000,748647000,775948000,None,-3397757000,None,542610000,3689778000,None,70392000,None,None,473000,None,701946000,-81381000,None,60675000,None,6255587000,90325000,3689778000,173334000,4579271000,None,None,None,1337057000,7031535000,79924000,None,48000000,USD,-23103000,-17358000,-23103000,19786000,-111881000,-137375000,-4812000,7458000,68002000,-48667000,111811000,-21218000,78382000,-20738000,-537000,None,-3854000,3199000,42889000,-3854000,None,-48667000,101.0,102.31
5,2019-03-31,USD,626647000,499573000,289763000,626647000,124885000,54892000,None,None,73328000,1995000,433823000,-2189000,127074000,64350000,52957000,16441000,-52957000,-52957000,None,None,None,16441000,13398000,None,56887000,54892000,None,USD,7097186000,3210297000,None,74403000,5198176000,1887305000,637026000,78933000,473000,654682000,877816000,2167954000,126767000,128591000,429938000,95516000,95516000,-14316000,739981000,743519000,None,-3490946000,None,540525000,3797188000,None,255489000,None,None,473000,None,654682000,-86146000,None,235435000,None,6353667000,94390000,3797188000,334024000,4768238000,None,None,None,1332612000,7097186000,128591000,None,48000000,USD,-13753000,1297000,-13753000,14826000,-91805000,-127360000,-10008000,-10119000,56887000,-16524000,124589000,-17459000,80479000,-20581000,-4966000,None,4184000,-799000,28579000,4184000,None,-16524000,108.37,101.0
6,2018-12-31,USD,798022000,525246000,279152000,518870000,264649000,153109000,0,0,213159000,1381000,435583000,-8127000,272776000,-1346003000,53887000,None,None,None,0,19911000,0,77913000,-81925000,0,135246000,153109000,None,USD,7062030000,3270191000,None,74675000,5193046000,1852774000,633880000,64354000,473000,620371000,888826000,2167954000,125272000,145115000,404172000,96093000,96093000,-14316000,731538000,767075000,None,-3585371000,None,547285000,3884910000,None,243725000,None,None,473000,None,620371000,-105685000,None,125272000,None,6294955000,None,3884910000,270084000,4788874000,None,None,None,1351931000,7062030000,145115000,None,47000000,USD,None,26500000,-13776000,28884000,-169015000,-196735000,-8933000,-3824000,154490000,26692000,237203000,-43876000,72080000,-17105000,-1682000,None,1722000,26287000,42660000,1722000,None,26692000,78.64,108.37
7,2018-09-30,USD,693015000,500122000,285363000,407652000,188850000,100514000,0,0,135071000,-686000,423202000,-4043000,192893000,-618553000,56237000,None,None,None,0,0,0,35243000,-60280000,0,99828000,100514000,None,USD,7119116000,3299738000,None,96336000,5367140000,1728073000,639827000,71776000,473000,484367000,893929000,2187338000,141684000,118423000,367289000,42089000,42089000,6140000,723869000,766487000,None,-3759003000,None,551728000,4105922000,None,253424000,None,None,473000,None,484367000,-107037000,None,141684000,None,6352629000,None,4105922000,254102000,4999851000,None,None,None,1344130000,7119116000,118423000,None,47000000,USD,None,-13311000,-43742000,-16546000,-146953000,-161045000,-136000,-11215000,99828000,-29258000,175529000,42749000,67257000,-17081000,3125000,None,-27787000,6793000,27196000,-27787000,None,-29258000,81.4,78.64
8,2018-06-30,USD,660323000,485829000,274439000,385884000,173201000,87732000,0,0,119870000,-1126000,410392000,-1293000,174494000,-587836000,56281000,None,None,None,0,0,0,33264000,-57574000,0,86606000,87732000,None,USD,7119494000,3324915000,None,45329000,5477040000,1633439000,633016000,15019000,473000,400934000,936546000,2184982000,172045000,147681000,294570000,46749000,41722000,6140000,720464000,717088000,None,-3876458000,None,524078000,4245924000,None,232802000,None,None,473000,None,400934000,-111846000,None,172045000,None,6402406000,None,4245924000,303530000,5182470000,None,None,None,1337738000,7119494000,147681000,None,47000000,USD,None,-177000,-16961000,-1663000,-55398000,-89249000,-173000,9472000,86606000,38560000,144770000,-21062000,64881000,-17155000,-16523000,None,13990000,532000,15298000,13990000,None,38560000,73.4,81.4
9,2018-03-31,USD,615336000,497720000,278963000,615336000,116484000,48122000,0,0,64845000,-781000,417918000,-1132000,117616000,76852000,54589000,None,None,None,0,0,0,17504000,-55721000,0,47341000,48122000,None,USD,7457623000,3360255000,None,349783000,5876119000,1571363000,627459000,330748000,473000,330357000,947803000,2183998000,186468000,109121000,685155000,99017000,92174000,6140000,725273000,1001629000,None,-3972890000,0,542725000,4243161000,0,255390000,1581504000,1331683000,473000,0,330357000,-97290000,None,186468000,None,6455994000,None,4243161000,320344000,5190964000,None,None,None,1331683000,7457623000,109121000,None,48000000,USD,None,3985000,-101035000,-79943000,-31314000,-84861000,-4317000,-17372000,47341000,-6531000,179365000,26177000,64742000,-17288000,-31942000,0,42949000,-5829000,21092000,42949000,None,-6531000,66.5,73.4
10,2017-12-31,USD,653664000,512827000,291791000,653664000,140187000,378481000,0,0,87519000,1375000,400501000,-650000,140837000,92341000,52668000,None,None,None,0,19985000,0,-298147000,-292030000,0,385666000,378481000,None,USD,7481647000,3349264000,None,377623000,5900337000,1570614000,619441000,331256000,473000,299523000,340541000,2142846000,5691291000,115652000,670703000,109467000,92808000,6140000,734138000,1056218000,None,-3921496000,0,562943000,4269652000,0,229980000,0,1342541000,473000,0,299523000,-78063000,None,199181000,None,6425429000,None,4269652000,340541000,5229634000,None,None,None,1342541000,7481647000,115652000,None,47000000,USD,478608000,131092000,-24096000,-481000,-32291000,-41996000,-237000,-37947000,379856000,-20149000,45943000,-24307000,67634000,53141000,-62609000,0,-56669000,-458755000,23615000,-49577000,None,-20149000,78.2,66.5
11,2017-09-30,USD,611870000,482798000,285525000,611870000,127690000,46475000,0,0,74085000,-4403000,394964000,-1382000,129072000,87834000,53605000,None,None,None,0,59955000,0,32013000,0,0,42072000,46475000,None,USD,7504578000,3387747000,None,375076000,6306115000,1188973000,901320000,363863000,473000,-78958000,353450000,2146797000,5736937000,135801000,764723000,121817000,103386000,None,738222000,1029419000,None,-4345571000,0,518542000,4286622000,0,279043000,1198463000,1370686000,473000,0,-78958000,-103228000,None,202393000,None,6475159000,None,4286622000,353450000,5541392000,None,None,None,1370686000,7504578000,135801000,None,47000000,USD,478608000,-337704000,459327000,480482000,-50319000,-362324000,-257987000,-7632000,42072000,49899000,-47104000,15440000,62617000,-13864000,-40154000,0,6242000,189971000,21155000,-19500000,None,49899000,62.3,78.2
12,2017-06-30,USD,626115000,487430000,278296000,626115000,136462000,43992000,0,0,80777000,4463000,396895000,-2223000,138685000,90535000,55685000,None,None,None,0,-59955000,0,32322000,0,0,48455000,43992000,None,USD,7469617000,3437366000,None,489494000,6266071000,1190312000,886644000,285647000,473000,-125433000,207309000,2145868000,5652375000,85902000,794448000,74262000,4435530000,None,738727000,1078515000,None,-4392922000,0,503119000,4377670000,0,434539000,1203546000,1380035000,473000,0,-125433000,-64763000,None,69141000,None,6391102000,None,4377670000,207309000,5471623000,None,None,None,1380035000,7469617000,85902000,None,48000000,USD,478608000,163793000,394000,14171000,-74103000,-146271000,-174000,10678000,48455000,13010000,158887000,49169000,67316000,-14162000,-57832000,0,13258000,-175831000,13777000,5985000,None,13010000,59.8,62.3
13,2017-03-31,USD,540317000,430166000,243196000,540317000,78240000,6049000,0,0,-997000,-1105000,393031000,-31911000,110151000,37135000,79237000,None,None,None,0,19985000,0,-5941000,0,0,4944000,6049000,None,USD,7523100000,3489458000,None,475357000,6302299000,1212030000,1062122000,277249000,473000,-169426000,207861000,2121597000,5699436000,72892000,551220000,48011000,48011000,None,741484000,1082180000,None,-4399025000,0,533931000,4481096000,0,225960000,1220801000,1388698000,473000,0,-169426000,-7715000,None,88381000,None,6440920000,None,4481096000,207861000,5751079000,None,None,None,1388698000,7523100000,72892000,None,45000000,USD,478608000,-39451000,-2497697000,-2483783000,2591181000,2503914000,-9101000,29988000,4944000,-14788000,-21005000,-17343000,73074000,-14106000,-64060000,0,7273000,-49502000,13914000,7273000,None,-14788000,70.15,59.8
14,2016-12-31,USD,309879000,217404000,111280000,309879000,93411000,20482000,0,0,47101000,-71000,164262000,936000,92475000,37880000,46310000,None,None,None,0,15262000,0,26690000,-140298000,0,20411000,20482000,None,USD,2966085000,867261000,None,30760000,2681731000,169141000,132008000,9714000,316000,-176583000,41819000,473304000,2326715000,114399000,189578000,44605000,28093000,None,276153000,363217000,None,-1171424000,26719000,218058000,2314326000,0,135259000,0,386921000,316000,0,-176583000,-41513000,None,986150000,None,2602868000,None,2314326000,45819000,2492153000,None,None,None,386921000,2966085000,114399000,None,32000000,USD,478608000,19384000,-11158000,-4930000,-8984000,-15181000,332000,25627000,20411000,58424000,84763000,-15884000,27050000,-7267000,738000,0,-27290000,38247000,6228000,-4445000,None,58424000,63.3,70.15
15,2016-09-30,USD,275659000,202762000,114778000,275659000,72771000,24799000,0,0,43149000,817000,164346000,-126000,72897000,38416000,29622000,None,None,None,0,45786000,0,17533000,0,0,25616000,24799000,None,USD,2920696000,878930000,None,43361000,2653095000,152468000,111079000,15804000,316000,-197065000,40789000,488432000,2350075000,29256000,181150000,44843000,44843000,None,283600000,287021000,None,-1214894000,0,214404000,2320077000,0,120503000,267601000,392836000,316000,0,-197065000,-43619000,None,982713000,None,2633675000,None,2320077000,40789000,2471945000,None,None,None,392836000,2920696000,29256000,None,32000000,USD,None,7132000,-10358000,249000,-44774000,-54353000,-2391000,-13351000,25616000,2074000,66785000,6307000,25876000,-7362000,174000,0,22845000,10284000,10607000,-8430000,None,2074000,57.71,63.3
16,2016-06-30,USD,261994000,197987000,108157000,261994000,63860000,24529000,0,0,43283000,270000,158707000,-147000,64007000,39280000,20577000,None,None,None,0,-45786000,0,18484000,0,0,24799000,24529000,None,USD,1898452000,813818000,None,27920000,1760344000,131692000,102935000,10022000,316000,-221864000,39724000,459960000,1352657000,27182000,155955000,40403000,40403000,None,283863000,261932000,None,-1142086000,0,206830000,1461730000,0,105530000,138108000,398054000,316000,0,-221864000,-44814000,None,78879000,None,1636520000,None,1461730000,39724000,1604389000,None,None,None,398054000,1898452000,27182000,None,32000000,USD,None,5967000,-7117000,177000,-29104000,-36300000,-48000,-8132000,24799000,14361000,57778000,-2209000,25012000,-7361000,213000,0,14415000,11747000,7294000,-7538000,None,14361000,47.58,57.71
17,2016-03-31,USD,255658000,197729000,104927000,255658000,57793000,21727000,0,0,37139000,547000,158288000,-136000,57929000,39441000,20654000,None,None,None,0,15262000,0,14865000,0,0,22274000,21727000,None,USD,1892185000,825219000,None,21507000,1774635000,111404000,94525000,9914000,316000,-246393000,45100000,459924000,1370203000,12821000,145111000,40089000,40089000,None,287655000,234327000,None,-1173739000,0,199999000,1489899000,0,95108000,117550000,117550000,316000,117550000,-246393000,-45063000,None,85060000,None,1657858000,None,1489899000,45100000,1629524000,None,None,None,402544000,1892185000,12821000,None,32000000,USD,None,-203000,-111552000,-103811000,36757000,42526000,13224000,964000,22274000,-30595000,38431000,6315000,25583000,-7355000,-100000,0,6877000,-8661000,7741000,-6877000,None,-30595000,44.27,47.58
18,2015-12-31,USD,246767000,179421000,97909000,246767000,67212000,27174000,0,0,46772000,242000,139352000,-134000,67346000,40069000,20440000,None,None,None,0,15262000,0,19356000,-81037000,0,27416000,27174000,None,USD,1835134000,803696000,None,23621000,1748761000,80674000,101764000,8978000,316000,-268120000,42461000,451662000,1308523000,43416000,146061000,39649000,22139000,None,266583000,260028000,None,-1174684000,0,192991000,1454075000,0,97434000,86373000,86373000,316000,86373000,-268120000,-47746000,None,53165000,None,1575106000,None,1454075000,46861000,1602700000,None,None,None,396224000,1835134000,43416000,None,32000000,USD,478608000,-276000,-20392000,-12653000,-10501000,-16159000,128000,5718000,27416000,20060000,56611000,49809000,25795000,-5816000,30000,0,-30310000,-27456000,7739000,-18677000,None,20060000,58.7,44.27
19,2015-09-30,USD,224897000,176582000,93863000,224897000,48200000,17282000,0,0,27804000,-127000,136843000,-115000,48315000,39739000,20396000,None,None,None,0,0,0,10649000,0,0,17155000,17282000,None,USD,1860206000,810797000,None,26825000,1798476000,56273000,139439000,9016000,316000,-295294000,50768000,445187000,1299486000,23356000,143018000,40896000,None,None,271567000,289153000,None,-1199711000,0,238972000,1465251000,0,93106000,61730000,61730000,316000,61730000,-295294000,-48121000,None,43502000,None,1571053000,None,1465251000,50768000,1655458000,None,None,None,399372000,1860206000,23356000,None,32000000,USD,None,12730000,-9829000,-1920000,754000,-53768000,100000,None,17282000,-3535000,60062000,1445000,25367000,-6005000,-48617000,0,11633000,7784000,7909000,-4419000,None,-3535000,47.35,58.7
