,fiscalDateEnding,reportedCurrency_x,totalRevenue,totalOperatingExpense,costOfRevenue,grossProfit,ebit,netIncome_x,researchAndDevelopment,effectOfAccountingCharges,incomeBeforeTax,minorityInterest,sellingGeneralAdministrative,otherNonOperatingIncome,operatingIncome,otherOperatingExpense,interestExpense,taxProvision,interestIncome,netInterestIncome,extraordinaryItems,nonRecurring,otherItems,incomeTaxExpense,totalOtherIncomeExpense,discontinuedOperations,netIncomeFromContinuingOperations,netIncomeApplicableToCommonShares,preferredStockAndOtherAdjustments,reportedCurrency_y,totalAssets,intangibleAssets,earningAssets,otherCurrentAssets,totalLiabilities,totalShareholderEquity,deferredLongTermLiabilities,otherCurrentLiabilities,commonStock,retainedEarnings,otherLiabilities,goodwill,otherAssets,cash,totalCurrentLiabilities,shortTermDebt,currentLongTermDebt,otherShareholderEquity,propertyPlantEquipment,totalCurrentAssets,longTermInvestments,netTangibleAssets,shortTermInvestments,netReceivables,longTermDebt,inventory,accountsPayable,totalPermanentEquity,additionalPaidInCapital,commonStockTotalEquity,preferredStockTotalEquity,retainedEarningsTotalEquity,treasuryStock,accumulatedAmortization,otherNonCurrrentAssets,deferredLongTermAssetCharges,totalNonCurrentAssets,capitalLeaseObligations,totalLongTermDebt,otherNonCurrentLiabilities,totalNonCurrentLiabilities,negativeGoodwill,warrants,preferredStockRedeemable,capitalSurplus,liabilitiesAndShareholderEquity,cashAndShortTermInvestments,accumulatedDepreciation,commonStockSharesOutstanding,reportedCurrency,investments,changeInLiabilities,cashflowFromInvestment,otherCashflowFromInvestment,netBorrowings,cashflowFromFinancing,otherCashflowFromFinancing,changeInOperatingActivities,netIncome_y,changeInCash,operatingCashflow,otherOperatingCashflow,depreciation,dividendPayout,stockSaleAndPurchase,changeInInventory,changeInAccountReceivables,changeInNetIncome,capitalExpenditures,changeInReceivables,changeInExchangeRate,changeInCashAndCashEquivalents,clossingVal,nextClossingVal
0,2020-06-30,USD,166352000,111741000,65835000,100517000,-47574000,-92943000,None,None,-91962000,3594000,45254000,-36350000,-11224000,62738000,44388000,-2613000,None,-44388000,None,3749000,None,-2613000,-39716000,None,-89349000,-92943000,None,USD,2625626000,None,None,104373000,3215537000,-759124000,10042000,4921000,4239000,-3849768000,75402000,None,39369000,77408000,361353000,None,None,None,14173000,418835000,None,-759124000,None,201514000,2761673000,36920000,356432000,None,None,4239000,None,-3849768000,-36507000,None,39048000,None,53221000,20544000,2761673000,82469000,2854184000,None,None,None,3122912000,2625626000,77408000,None,320984071,USD,139049000,-50523000,18334000,1967000,-20102000,-27048000,-932000,-8123000,-89349000,-56594000,-47880000,-8123000,33130000,None,-6014000,-4439000,18052000,53372000,122682000,18052000,None,-56594000,0.75,
1,2020-03-31,USD,387798000,5117644000,132682000,255116000,-4493256000,-4310861000,None,None,-4589013000,-23414000,39274000,369272000,-4862528000,253524000,95757000,-254738000,189565000,-95757000,None,4824846000,None,-254738000,-4443180000,None,-4334275000,-4310861000,None,USD,2869835000,None,None,272073000,3369007000,-670739000,12680000,6037000,3221000,-3756825000,75232000,None,50513000,134002000,498674000,None,None,None,14053000,654620000,3371000,-670739000,None,220654000,2777932000,33000000,492637000,None,None,3221000,None,-3756825000,-36189000,None,44003000,None,61427000,21470000,2777932000,79721000,2870333000,None,None,None,3119054000,2869835000,134002000,None,324124592,USD,5020000,-106145000,-130768000,11813000,145960000,136976000,-2956000,-2640000,-4334275000,113983000,107775000,-2640000,203755000,None,-6028000,-4300000,149819000,4201561000,147601000,149819000,None,113983000,0.35,0.75
2,2019-12-31,USD,483864000,333982000,125916000,357948000,-88034000,-76406000,None,None,-88034000,12252000,52137000,-112000000,23966000,267952000,-44672000,-23880000,-116046000,-44672000,None,13893000,None,-23880000,-77821000,None,-64154000,-76406000,None,USD,7499253000,None,None,10011000,3662172000,3636138000,267477000,2903000,3189000,554446000,325843000,None,59326000,20019000,602883000,19695000,None,None,6977776000,437351000,639000,3636138000,None,371181000,2711573000,35259000,17948000,None,None,3189000,None,554446000,-33881000,None,21628000,None,7000043000,58248000,2711573000,80239000,3059289000,None,None,None,3112384000,7499253000,20019000,-3764915000,321231319,USD,8346000,30771000,-157940000,-11335000,331000000,-94425000,231000,-2406000,-64154000,594000,252959000,3828000,209169000,None,5719000,2217000,12174000,8262000,154951000,-12174000,None,594000,3.26,0.35
3,2019-09-30,USD,482743000,343870000,130432000,352311000,12939000,20288000,None,None,12939000,10023000,82073000,4498000,8441000,261145000,-43897000,-17372000,4025000,-43897000,None,652000,None,-17372000,47643000,None,30311000,20288000,None,USD,7666977000,None,None,5302000,3767316000,3705326000,291215000,2782000,3186000,630852000,353417000,None,53092000,19425000,593861000,830000,None,None,7089610000,495614000,9729000,3705326000,None,381617000,2798859000,36758000,18003000,None,None,3186000,None,630852000,-33650000,None,6700000,None,7106039000,27145000,2798859000,83381000,3173455000,None,None,None,3104938000,7666977000,19425000,-3624164000,321343995,USD,-143163000,58794000,-143163000,7123000,-103423000,-108632000,-4889000,-6503000,20288000,-833000,250962000,-235000,578023000,None,-320000,-6705000,14469000,-46158000,188769000,-14469000,None,-833000,3.46,3.26
4,2019-06-30,USD,529405000,457533000,397232000,132173000,282135000,42757000,None,None,63414000,189686000,59414000,-8158000,71872000,-34749000,41363000,12240000,-8437000,-43186000,None,911000,None,12240000,34728000,None,51174000,42757000,None,USD,7710288000,None,None,195000,3843830000,3676772000,308672000,7675000,3183000,610564000,365610000,None,41500000,20258000,558428000,4445000,None,None,7197068000,471720000,5636000,3676772000,None,262189000,2896524000,30056000,185689000,None,None,3183000,None,610564000,-33330000,None,43764000,None,7238568000,25858000,2901771000,6957000,3285402000,None,None,None,3096355000,7710288000,20258000,-3416183000,315000000,USD,-303651000,-73180000,-303651000,-9817000,101000000,94461000,-6495000,2331000,42757000,4816000,214006000,-2413000,367191000,5156000,-44000,6213000,58169000,-4328000,288053000,-58169000,None,4816000,5.68,3.46
5,2019-03-31,USD,575732000,316735000,208553000,367179000,-111681000,-114882000,None,None,-111681000,6904000,66999000,-162125000,50444000,248277000,-44468000,-3703000,-162079000,-44468000,None,1459000,None,-3703000,-121208000,None,-107978000,-114882000,None,USD,7646346000,None,None,8404000,3835211000,3624786000,297779000,2485000,3182000,567807000,352892000,None,36478000,15442000,668846000,27663000,13135000,None,7056742000,521530000,181000,3624786000,None,456639000,2791333000,36269000,10172000,None,None,3182000,None,567807000,-33286000,None,29385000,None,7086308000,30745000,2791333000,77253000,3166365000,None,None,None,3087083000,7646346000,15442000,-3233106000,322051268,USD,13446000,36666000,-224002000,13446000,420000000,42328000,4261000,-2886000,-107978000,-6748000,174926000,-1505000,189833000,4937000,4937000,3184000,-71083000,-2922000,237448000,71083000,None,-6748000,6.04,5.68
6,2018-12-31,USD,852946000,345946000,437344000,415602000,296414000,221977000,0,0,296414000,4889000,70501000,226758000,69656000,271714000,-41469000,69548000,None,None,0,3731000,0,69548000,-51880000,0,226866000,221977000,None,USD,7626142000,125000,None,10997000,3707262000,3734576000,300075000,296988000,3157000,682689000,360210000,None,44878000,22190000,611776000,84000,None,None,7027109000,554155000,6945000,3734451000,None,387602000,2735276000,33128000,20166000,None,None,3157000,None,682689000,-29025000,None,25673000,None,7059852000,None,2735276000,60135000,3095486000,None,None,None,3077755000,7626142000,22190000,-3036852000,318377161,USD,-50253000,-24192000,-359833000,-1707000,725000000,130711000,40000,-2434000,226866000,5298000,234420000,3550000,170477000,3721000,34110000,2270000,37767000,-150000,307873000,-37767000,None,5298000,5.53,6.04
7,2018-09-30,USD,546448000,270545000,96858000,449590000,91005000,62341000,0,0,91005000,3882000,36712000,-88040000,179045000,211518000,-39560000,None,None,None,0,22315000,0,24782000,-2627000,0,66223000,62341000,None,USD,7416431000,375000,None,6444000,3772348000,3505526000,263521000,40000,3157000,460712000,322653000,0,32798000,16892000,816686000,180129000,None,None,6900137000,483496000,None,3505151000,0,428184000,2633009000,31409000,17206000,3644083000,3070642000,3157000,0,460712000,-28985000,None,20188000,None,6920700000,None,2633009000,59132000,2955662000,None,None,None,3070642000,7416431000,16892000,-2859788000,318419144,USD,-65295000,9459000,-96969000,272455000,566000000,-133196000,742000,474000,66223000,-180000,229985000,-623000,162984000,3547000,3547000,7355000,-55409000,-47000,304129000,55409000,None,-180000,14.18,5.53
8,2018-06-30,USD,501337000,642765000,101246000,400091000,-417302000,-320204000,0,0,-417302000,3903000,60302000,-174628000,-242674000,197711000,-40910000,None,None,None,0,384752000,0,-101001000,-435724000,0,-316301000,-320204000,None,USD,7465335000,625000,None,5874000,3891084000,3436143000,240635000,40000,3154000,398371000,301088000,0,283139000,17072000,832515000,194810000,2757481000,None,6757241000,424955000,25000,3435518000,0,378080000,2757481000,23222000,29988000,3574251000,3062861000,3154000,0,398371000,-28243000,None,250118000,None,7008009000,None,2757481000,60453000,3058569000,None,None,None,3062861000,7465335000,17072000,-2691697000,317985056,USD,-60782000,41093000,-344166000,-1263000,463000000,39846000,43000,-913000,-316301000,-663000,303657000,-81000,153570000,3396000,3396000,1049000,-158000,-13744000,282121000,158000,None,-663000,12.97,14.18
9,2018-03-31,USD,421216000,209067000,99164000,322052000,4540000,590000,0,0,4540000,3122000,58940000,-108445000,112985000,149265000,-37146000,None,None,None,0,862000,0,828000,-37329000,0,3712000,590000,None,USD,7638930000,958000,None,5954000,3752772000,3748532000,326448000,40000,3154000,718575000,386225000,0,33467000,17735000,670013000,149657000,2696534000,None,7186606000,418857000,None,3747574000,0,370978000,2696534000,23039000,16127000,3886158000,3055003000,3154000,0,718575000,-28200000,None,20961000,None,7208525000,None,2696534000,59777000,3082759000,None,None,None,3055003000,7638930000,17735000,-2688361000,317363008,USD,-36974000,-244000,-812568000,-520756000,1470000000,585224000,6021000,740000,3712000,1015000,228359000,-492000,149265000,3450000,3450000,3672000,-5708000,93000,254838000,5708000,None,1015000,8.1,12.97
10,2017-12-31,USD,404469000,202933000,115433000,289036000,-74717000,124617000,0,0,-74717000,3500000,47921000,-160820000,86103000,146556000,-36289000,None,None,None,0,8456000,0,-202834000,-54091000,0,128117000,124617000,None,USD,6615130000,0,None,7631000,3101551000,3375691000,325772000,40000,2668000,717985000,74544000,0,33809000,16720000,623480000,115716000,2097606000,None,6173486000,407835000,9000,3375691000,0,363580000,2097606000,19367000,13370000,3513579000,2677217000,2668000,0,717985000,-22179000,None,21600000,None,6195095000,None,2097606000,54693000,2478071000,None,None,None,2677217000,6615130000,16720000,-2534215000,269295466,USD,-7460000,83026000,-271805000,1229000,398000000,70898000,47000,-23323000,128117000,8232000,209139000,1661000,146556000,0,186378000,2266000,-158587000,-4247000,265574000,77565000,None,8232000,8.41,8.1
11,2017-09-30,USD,304748000,176865000,95489000,209259000,-59910000,-41214000,0,0,-59910000,150000,43583000,-92304000,32394000,132289000,-37389000,None,None,None,0,993000,0,-18846000,-75236000,0,-41064000,-41214000,None,USD,6391212000,0,None,10647000,3332567000,2942682000,512038000,230894000,2348000,593368000,61921000,0,33150000,8488000,421698000,16412000,2340613000,None,6035618000,322444000,703000,2942682000,0,285383000,2340613000,17169000,16348000,3058645000,2369098000,2348000,0,593368000,-22132000,None,21562000,None,6057883000,None,2340613000,58218000,2910869000,None,None,None,2369098000,6391212000,8488000,-2388709000,237312881,USD,8095000,21124000,-183814000,-721000,280000000,91986000,731000,-2992000,-41064000,-2952000,88876000,-1087000,132289000,0,115813000,-772000,81022000,139000,191188000,67279000,None,-2952000,9.12,8.41
12,2017-08-03,USD,304748000,176865000,95489000,209259000,-59910000,-41214000,0,0,-59910000,150000,43583000,-92304000,32394000,132289000,-37389000,None,None,None,0,993000,0,-18846000,-67434000,0,-41064000,-41214000,None,USD,6261721000,0,None,10647000,3284111000,2977610000,512038000,None,2348000,634582000,None,0,19904000,8488000,421698000,16412000,None,None,5931014000,322444000,703000,2942682000,0,285383000,2359683000,17942000,16348000,0,0,2348000,0,593368000,-22132000,None,21562000,None,6057883000,None,2340613000,58218000,2910869000,None,None,None,2369098000,6391212000,8488000,-2388709000,None,USD,8095000,21124000,-183814000,-721000,280000000,91986000,731000,None,-41064000,-2952000,88876000,-1087000,132289000,0,115813000,-772000,13743000,139000,191188000,67279000,None,-2952000,7.23,9.12
13,2017-06-30,USD,254091000,172677000,76035000,178056000,18907000,16568000,0,0,18907000,115963000,42519000,13528000,5379000,125291000,-36838000,None,None,None,0,4867000,0,2339000,50366000,0,16568000,16568000,None,USD,6261721000,None,None,10610000,3284111000,2977610000,527181000,178894000,2345000,634582000,56565000,None,40500000,11440000,340682000,2359683000,2359683000,None,5931014000,290207000,11834000,2977610000,None,218302000,2359683000,17942000,12257000,None,None,2345000,None,634582000,-21401000,None,19904000,None,5962752000,None,2359683000,56565000,2943429000,None,None,None,2362084000,6261721000,11440000,-2252653000,237410395,USD,-939000,5098000,-154375000,2978000,238000000,49968000,32000,-152000,16568000,-2345000,102062000,546000,125291000,-3450000,-32000,-2672000,8735000,3200000,156414000,-8735000,None,-2345000,8.05,7.23
14,2017-03-31,USD,285116000,174970000,90054000,195062000,39862000,23825000,0,None,39862000,115963000,44133000,19770000,20092000,126666000,-36321000,None,None,None,None,4171000,None,16037000,19770000,None,23825000,23825000,None,USD,6189628000,0,None,7176000,3236154000,2953474000,524842000,13435000,2344000,618014000,52922000,0,23954000,13785000,352511000,14627000,14627000,None,5896481000,269193000,3815000,2953474000,0,226427000,2305879000,14327000,8837000,0,0,2344000,0,618014000,-21369000,None,20139000,None,5920435000,None,2305879000,52922000,2883643000,None,None,None,2354485000,6189628000,13785000,-2126136000,237461470,USD,-7960000,6060000,-104766000,-759000,246000000,-474000,5419000,168000,23825000,2559000,107799000,-282000,126666000,0,0,3679000,22478000,2682000,96047000,22478000,None,2559000,14.26,8.05
15,2016-12-31,USD,217991000,161482000,58211000,159780000,-86408000,-54688000,0,0,-86408000,137888000,40726000,-84706000,-1702000,119446000,-34861000,None,None,None,0,1310000,0,-31720000,-115676000,0,-54688000,-54688000,None,USD,6178632000,0,None,7623000,3255475000,2923157000,525243000,10490000,2331000,591505000,63617000,0,20516000,11226000,381115000,60469000,2297214000,None,5919567000,238549000,None,2923157000,0,204335000,2297200000,10648000,4645000,0,0,2331000,0,591505000,-15950000,None,20516000,None,5940083000,None,2297200000,51903000,2874346000,None,None,None,2345271000,6178632000,11226000,-1995791000,236344172,USD,6401000,28152000,-858657000,2406000,-755034000,751508000,-4605000,3749000,-54688000,-2550000,104599000,1463000,119446000,0,583870000,2305000,-11923000,-124000,867464000,23272000,None,-2550000,15.14,14.26
16,2016-09-30,USD,177311000,150296000,52717000,124594000,-50633000,-33942000,0,0,-50633000,0,37477000,-24931000,-25702000,111948000,-31726000,None,None,None,0,871000,0,-16691000,89284000,0,-33942000,-33942000,None,USD,5398261000,0,None,6093000,3010757000,2387504000,553957000,136032000,1779000,646193000,47839000,0,22743000,13776000,291143000,17308000,17308000,None,5152673000,222845000,194000,2387504000,0,103128000,2125573000,8513000,7929000,0,0,1779000,0,646193000,-15895000,None,22549000,None,5175416000,None,2125573000,40084000,2719614000,None,None,None,1755427000,5398261000,13776000,-1866280000,181186070,USD,11786000,-23957000,-96758000,429000,476000000,72041000,755000,-529000,-33942000,7301000,32018000,255000,111948000,0,-153000,-505000,11349000,-13793000,108973000,-7052000,None,7301000,11.47,15.14
17,2016-06-30,USD,179080000,160405000,46889000,132191000,-142429000,-89931000,0,0,-142429000,0,37554000,-114215000,-28214000,122488000,-34979000,None,None,None,0,363000,0,-52498000,-97346000,0,-89931000,-89931000,None,USD,5435539000,0,None,5838000,3075184000,2360355000,542319000,15001000,1777000,680135000,53724000,0,22568000,6475000,366071000,20891000,20891000,None,5186734000,226237000,64000,2360355000,0,109121000,2127361000,9018000,10357000,0,0,1777000,0,680135000,-15140000,None,22504000,None,5209302000,None,2127361000,39433000,2709113000,None,None,None,1693583000,5435539000,6475000,-1752376000,180399060,USD,30477000,46022000,-85058000,12395000,336692000,-65316000,488000,1087000,-89931000,-12922000,137452000,-1182000,122488000,0,-247000,-1705000,4297000,11642000,127930000,-5292000,None,-12922000,9.34,11.47
18,2016-03-31,USD,130283000,161493000,44005000,86278000,-92084000,-64455000,0,0,-92084000,0,35119000,-16869000,-75215000,122449000,-38739000,None,None,None,0,3925000,0,-27629000,-16869000,0,-64455000,-64455000,None,USD,5560268000,0,None,99047000,3115819000,2444449000,582084000,500000,1774000,770066000,50892000,0,56736000,19397000,282463000,1018000,1018000,None,5177169000,326363000,7521000,2444449000,0,197196000,2201938000,10723000,10101000,0,0,1774000,0,770066000,-14652000,None,49215000,None,5233905000,None,2201938000,49334000,2833356000,None,None,None,1687261000,5560268000,19397000,-1627201000,180582855,USD,73313000,-64056000,-30355000,-257000,22308000,86073000,1032000,322000,-64455000,9667000,-46051000,-241000,122449000,0,183200000,-349000,995000,7016000,103411000,995000,None,9667000,7.28,9.34
19,2015-12-31,USD,182067000,186350000,48883000,133184000,-107028000,3968000,0,0,5674000,137888000,41149000,-53862000,-53166000,123892000,-262350000,None,None,None,0,21309000,0,1706000,-233251000,0,3968000,3968000,None,USD,5649375000,0,None,7328000,3330033000,2319342000,0,2337922000,1376000,834521000,48726000,0,65847000,9730000,370568000,2302584000,2302584000,None,5218242000,365286000,15776000,2319342000,0,96495000,2302584000,11072000,611315000,0,0,1376000,0,834521000,-13620000,None,26728000,None,5260746000,None,None,10228000,10228000,None,None,None,1497065000,5649375000,9730000,-1509424000,139076064,USD,78974000,17356000,-28790000,267000,-53045000,-53223000,-178000,13834000,3968000,-2535000,79478000,1200000,123892000,0,462833000,-1552000,108461000,-65538000,108031000,152000,None,-2535000,7.37,7.28
