,fiscalDateEnding,reportedCurrency_x,totalRevenue,totalOperatingExpense,costOfRevenue,grossProfit,ebit,netIncome_x,researchAndDevelopment,effectOfAccountingCharges,incomeBeforeTax,minorityInterest,sellingGeneralAdministrative,otherNonOperatingIncome,operatingIncome,otherOperatingExpense,interestExpense,taxProvision,interestIncome,netInterestIncome,extraordinaryItems,nonRecurring,otherItems,incomeTaxExpense,totalOtherIncomeExpense,discontinuedOperations,netIncomeFromContinuingOperations,netIncomeApplicableToCommonShares,preferredStockAndOtherAdjustments,reportedCurrency_y,totalAssets,intangibleAssets,earningAssets,otherCurrentAssets,totalLiabilities,totalShareholderEquity,deferredLongTermLiabilities,otherCurrentLiabilities,commonStock,retainedEarnings,otherLiabilities,goodwill,otherAssets,cash,totalCurrentLiabilities,shortTermDebt,currentLongTermDebt,otherShareholderEquity,propertyPlantEquipment,totalCurrentAssets,longTermInvestments,netTangibleAssets,shortTermInvestments,netReceivables,longTermDebt,inventory,accountsPayable,totalPermanentEquity,additionalPaidInCapital,commonStockTotalEquity,preferredStockTotalEquity,retainedEarningsTotalEquity,treasuryStock,accumulatedAmortization,otherNonCurrrentAssets,deferredLongTermAssetCharges,totalNonCurrentAssets,capitalLeaseObligations,totalLongTermDebt,otherNonCurrentLiabilities,totalNonCurrentLiabilities,negativeGoodwill,warrants,preferredStockRedeemable,capitalSurplus,liabilitiesAndShareholderEquity,cashAndShortTermInvestments,accumulatedDepreciation,commonStockSharesOutstanding,reportedCurrency,investments,changeInLiabilities,cashflowFromInvestment,otherCashflowFromInvestment,netBorrowings,cashflowFromFinancing,otherCashflowFromFinancing,changeInOperatingActivities,netIncome_y,changeInCash,operatingCashflow,otherOperatingCashflow,depreciation,dividendPayout,stockSaleAndPurchase,changeInInventory,changeInAccountReceivables,changeInNetIncome,capitalExpenditures,changeInReceivables,changeInExchangeRate,changeInCashAndCashEquivalents,clossingVal,nextClossingVal
0,2020-06-30,USD,15701622,11297032,7994110,7707512,4744839,3452321,None,None,4366384,None,3302922,None,4404590,11336000,38206,914063,None,-38206,None,None,None,914063,None,None,3452321,3452321,None,USD,45036307,1807623,None,None,10559787,34476520,None,None,94621,24131874,352044,None,None,4677344,6001466,None,476320,-295873,10346377,32882307,None,32668897,None,12839538,3890674,11675309,2289193,None,None,None,None,None,None,None,None,None,12154000,421578,None,None,4558321,None,None,None,None,None,None,None,None,USD,-678549,292718,-678549,None,-127194,-484978,None,774723,3452321,-1940779,-778619,None,340249,None,None,-314873,-6551958,219655,678549,None,None,None,13.95,
1,2020-03-31,USD,7819503,2451089,4677232,3142271,691182,626881,None,None,801518,None,2451089,None,691182,11336000,15874,174637,-15870,-15874,None,None,None,174637,126210,None,626881,626881,None,USD,39805435,1878785,None,1003586,8446618,31358817,336689,84037,94481,21058037,336689,None,None,8040269,3840888,482467,472571,-296819,9590761,28004231,None,29480032,None,7599940,4010933,11360436,3274384,None,None,94481,None,21058037,None,None,331658,None,11801204,352041,4021420,247621,4605730,None,None,None,10503118,39805435,8040269,None,9448105,USD,-129447,1012061,-129447,411657,-126673,-126673,None,-239023,626881,31694,287814,-360035,330374,None,None,-1840769,711965,40767,541104,478535,-1845,29849,4.85,13.95
2,2019-12-31,USD,9730891,2400929,6475068,3255823,854894,649321,None,None,832675,None,2400929,None,854894,11336000,22219,183354,-22220,-22219,None,None,None,183354,None,None,649321,649321,None,USD,38285807,1949947,None,935022,7551543,30734264,311374,83270,94428,20431156,311374,None,None,8010420,2829070,483477,468654,-294491,9338227,26645443,None,28784317,None,8144930,4130867,9555071,2262323,None,None,94428,None,20431156,None,None,352190,None,11640364,378325,4142179,268920,4722473,None,None,None,10503171,38285807,8010420,None,9442809,USD,-266699,-1443187,-266699,-75000,-113427,-113427,-20950,-25071,649321,4023699,4403825,-3220,321903,0,13800,1892817,3148479,-50161,191699,3036352,478,4024177,3.31,4.85
3,2019-09-30,USD,12502782,2931491,8096637,4406145,1474654,1124655,None,None,1443468,None,2931491,None,1474654,11336000,31186,318813,-31190,-31186,None,None,None,318813,-31186,None,1124655,1124655,None,USD,39134439,1859774,None,971705,9049961,30084478,334748,82511,94428,19781835,334748,None,9567510,3986243,4223192,435171,435171,-294956,9432208,27469921,None,28224704,None,11103988,4189867,11407985,3705510,None,None,94428,None,19781835,None,None,372536,None,11664518,384665,4201996,290025,4826769,None,None,None,10503171,39134439,3986243,None,9442809,USD,-97511,1078220,-97511,411657,-512254,-533203,-20949,-43869,1124655,698050,1328764,-151425,321523,0,13800,274990,-1731474,322551,97511,-1641750,803,698853,3.2799,3.31
4,2019-06-30,USD,10944697,3187577,6427584,4517113,1329536,1009568,None,None,1294126,None,3187577,None,1329536,None,35410,284558,-35410,-35410,None,None,None,284558,-35410,None,1009568,1009568,None,USD,37188633,1923253,None,820280,8468909,28719724,304408,81759,93701,18657180,304408,None,9565790,3287390,3544164,835115,812172,-293724,9587836,25284849,None,26796471,None,9494204,4294798,11682975,2627290,None,None,93701,None,18657180,None,None,392695,None,11903784,430241,4309401,310936,4924745,None,None,None,10262567,37188633,3287390,None,9370119,USD,-125363,-339917,-125363,411657,288585,-179721,None,613376,1009568,560300,865384,269808,325314,-468306,13800,841849,-1894860,76488,125363,-1317726,438,560738,3.29,3.2799
5,2019-03-31,USD,9081117,2466703,5660138,3420979,954276,715170,None,None,924449,None,2466703,None,954276,None,29827,209280,-29830,-29827,None,None,None,209279,-29827,None,715170,715170,None,USD,36670492,1986732,None,1090088,8974109,27696383,274897,81014,93661,17647612,274897,None,9565790,2726652,3948272,431745,408922,-294237,9719404,24551684,None,25709651,None,8210120,4398900,12524824,3435513,None,None,93661,None,17647612,None,None,412672,None,12118808,455878,4419282,331658,5025837,None,None,None,10249347,36670492,2726652,None,9366119,USD,-303901,386072,-303901,None,-111346,-97547,None,-278948,715170,-1007693,-606245,-79447,320791,None,13799,-439011,-1001849,-37076,303901,-1472744,421,-1007272,3.41,3.29
6,2018-12-31,USD,8835012,2372755,6580910,2254102,-118653,-121950,0,0,-161342,0,2372755,None,-118653,0,42689,-39390,None,None,0,0,0,-39392,-42689,0,-121950,-121950,None,USD,35234503,2050212,None,1010641,7801252,27433251,280349,None,93382,17399776,280349,None,None,3733924,3006798,425663,406070,-295734,9649237,23535054,None,25383039,None,6704676,4502509,12085813,2581135,None,None,93382,None,17399776,None,None,None,None,11699449,None,4514105,None,4794454,None,None,None,10235827,35234503,3733924,None,9338191,USD,None,-2385224,-178120,None,-2857755,-2857755,-25790,-607328,-121950,-663040,2372835,248444,325495,-555280,None,-439067,5176280,-23679,178120,4768816,-884,-663924,3.28,3.41
7,2018-09-30,USD,13181781,2827270,8670825,4510956,1683686,1272468,0,0,1630765,0,2827270,None,1683686,0,52921,None,None,None,0,0,0,358297,-52921,0,1272468,1272468,None,USD,40582627,2113690,None,1259085,13023756,27558871,264777,1557000,93382,17521726,264777,0,2114000,4397848,8137138,3170779,402887,-292064,9728231,28740706,None,25445181,2563000,11430905,4605314,11652868,4966359,0,0,93382,0,17521726,0,None,None,None,11841921,None,4621841,None,4886618,None,None,None,10235827,40582627,4397848,None,9338191,USD,None,1050943,-641282,-376722,1556199,1530405,-25794,296011,1272468,709482,-179641,-140502,327259,-555275,0,-1519038,-1723499,303573,264560,-1474344,35,709517,4.08,3.28
8,2018-06-30,USD,11398539,3182814,6744504,4654035,1471221,1121351,0,0,1437551,0,3182814,None,1471221,0,33670,None,None,None,0,0,0,316200,-33670,0,1121351,1121351,None,USD,35492631,862268,None,1118583,9497218,25995413,280813,1370000,92586,16249258,280813,0,863000,3688331,5257760,1342344,224534,-291895,9730198,24900165,None,25133145,2765000,9959421,3937208,10133830,3915416,0,0,92586,0,16249258,0,None,None,None,10592466,None,3958645,None,4239458,None,None,None,9945464,35492631,3688331,None,9258580,USD,None,1032250,-344376,0,1035610,480335,None,719375,1121351,-1361629,-1497588,-67867,283529,-555275,0,-165939,-4141561,69115,344376,-3770027,350,-1361279,3.59,4.08
9,2018-03-31,USD,8384213,2306177,5406117,2978096,671919,523380,0,0,679305,0,2306177,None,671919,0,-7386,None,None,None,0,0,0,155925,7386,0,523380,523380,None,USD,32857372,879838,None,1050716,7996802,24860570,297886,555275,92546,15127907,297886,0,880000,5049610,3678798,240357,222628,-291517,9646877,22330657,None,23980732,2755000,6262440,3993794,9967891,3438441,0,0,92546,0,15127907,0,None,None,None,10526715,None,4020118,None,4318004,None,None,None,9931634,32857372,5049610,None,9254580,USD,None,263984,-571720,0,-66239,-66239,None,429732,523380,-115486,522473,-37503,238984,-555275,0,-897157,-41156,146791,571720,283994,-748,-116234,4.12,3.59
10,2017-12-31,USD,8987211,2700769,6013151,2974060,273291,293472,42000,0,278505,0,2700769,None,273291,0,-5214,None,None,None,0,0,0,-14967,2065,0,293472,293472,None,USD,31990818,897408,None,1013213,7094887,24895931,153895,812000,92546,15159802,153895,0,897000,5165844,2859199,240017,220779,-288051,9291667,21801743,None,23998523,2747000,6548260,4082000,9074426,2619182,0,0,92546,0,15159802,0,None,None,None,10189075,None,4081793,None,4235688,None,None,None,9931634,31990818,5165844,None,9254580,USD,None,-1584537,-1026220,686253,-1066609,-1040209,-196095,-681380,293472,1098692,3165121,72957,229035,-549000,26400,1049489,-230942,63965,1712473,3040740,-495,1098197,4.34,4.12
11,2017-09-30,USD,11651551,2850294,7541871,4109680,1259386,853626,0,0,1259127,0,2850294,None,1259386,0,259,None,None,None,0,0,0,405501,0,0,853626,853626,None,USD,34399034,914978,None,1086170,9822399,24576635,235104,1427000,92346,14866330,235104,0,915000,4753900,5422439,1218720,201153,-287475,7785816,25698240,None,23661657,3434000,9734255,4165000,10123915,4203719,0,0,92346,0,14866330,0,None,None,None,8700794,None,4164856,None,4399960,None,None,None,9905434,34399034,4753900,None,9234580,USD,None,704968,-4463295,-3433613,5286263,5263795,-22468,-137376,853626,445641,-354859,-353600,238684,-549000,0,85078,0,325367,1029682,-2208982,6576,452217,5.05,4.34
12,2017-06-30,USD,9902717,2877804,5624496,4278221,1400417,952512,0,0,1399475,0,2877804,None,1400417,0,942,None,None,None,0,0,0,446963,0,0,952512,952512,None,USD,27278262,932548,None,732570,3839450,23438812,243386,1242000,91582,14012704,243386,0,933000,868070,3555213,56462,97313,-287355,6977248,19368466,None,22506264,0,7558833,41000,10208993,3498751,0,0,91582,0,14012704,0,None,None,None,7909796,None,40851,None,284237,None,None,None,9621881,27278262,868070,None,9158243,USD,None,-533121,-1629025,0,-114686,-663941,-192490,366528,952512,-2537806,-244840,102848,240846,-549255,0,-44326,0,15846,1629025,-979445,6764,-2531042,4.1,5.05
13,2017-03-31,USD,8391979,2392381,5257262,3134717,742336,503924,0,0,740388,0,2392381,None,742336,0,1948,None,None,None,0,0,0,236464,0,0,503924,503924,None,USD,27516884,950118,None,835418,4499448,23017436,255577,1300000,91469,13609447,255577,0,950000,3399112,4198221,166349,166349,-288114,5571499,20995267,None,22067318,0,6594911,46000,10165826,4031872,0,0,91469,0,13609447,0,None,None,None,6521617,None,45650,None,301227,None,None,None,9604634,27516884,3399112,None,9146937,USD,None,1418486,-904552,0,-116819,-116819,-192490,178534,503924,-658516,362855,178534,246596,0,0,-1570114,0,62946,904552,-477517,-12817,-671333,4.69,4.1
14,2016-12-31,USD,8523884,2218630,5603186,2920698,702068,450988,46000,0,698978,0,2218630,None,702068,0,3090,None,None,None,0,0,0,247990,-1163820,0,450988,450988,None,USD,25670642,967688,None,1013952,3155571,22515071,213367,1100000,91469,13105523,213367,0,968000,4070445,2891778,278392,259503,-286555,4895973,19806981,None,21547383,0,6121895,50000,8600689,2613386,0,0,91469,0,13105523,0,None,None,None,5863661,None,50426,None,263793,None,None,None,9604634,25670642,4070445,None,9000000,USD,None,-1862135,-185796,-2747360,-112703,-121127,-8424,-208946,450988,2982475,3289398,1833,239109,-542000,0,408757,25000,-131581,185796,4182427,2203,2984678,3.76,4.69
15,2016-09-30,USD,12207137,2693566,7306999,4900138,2206572,1528444,0,0,2202639,0,2693566,None,2206572,0,3933,None,None,None,0,0,0,674195,0,0,1528444,1528444,None,USD,27210097,985258,None,1015785,5144992,22065105,219526,1490000,91469,12654535,None,0,985000,1085767,4870285,386340,None,-285533,4931716,21293123,None,21079847,0,10236094,55000,8955477,4483945,0,0,91469,0,12654535,0,None,None,None,5916974,None,55181,None,274707,None,None,None,9604634,27210097,1085767,None,9000000,USD,None,1298780,-100761,0,-113278,-113278,None,None,1528444,-711428,-497389,-131981,243983,-542000,0,-142997,0,362275,100761,-3655893,1622,-709806,2.82,3.76
16,2016-06-30,USD,8724343,2663610,5053439,3670904,1007294,656541,0,0,1002381,0,2663610,None,1007294,0,4913,None,None,None,0,0,0,345840,0,0,656541,656541,None,USD,24311160,1002828,None,883804,4070970,20240190,339430,1310000,90089,11126091,None,0,1002000,1795573,3634226,457485,None,-284648,5057368,18250964,None,19237362,0,6771125,97000,8800462,3176741,0,0,90089,0,11126091,0,None,None,None,6060196,None,97314,None,436744,None,None,None,9308658,24311160,1795573,None,9000000,USD,None,163839,-80841,0,-112301,-652832,None,None,656541,-637975,95698,271865,244654,-540531,0,188110,0,67934,80841,-1497245,-2530,-640505,2.43,2.82
17,2016-03-31,USD,6750080,3201735,4368137,2381943,-819792,-540802,0,0,-825676,0,3201735,None,-819792,0,5884,None,None,None,0,0,0,-284874,0,0,-540802,-540802,None,USD,24163210,1020000,None,1155669,4577021,19586189,356488,1434000,90089,10469550,None,0,1020000,2436078,4006966,453533,None,-282108,5203611,17939201,None,19586189,0,5281618,214000,9065836,3553433,0,0,90089,0,10469550,0,None,None,None,1020398,None,213567,None,570055,None,None,None,9308658,24163210,2436078,None,9008855,USD,None,812461,-76494,0,-112866,-91266,None,None,-540802,-29882,137878,-212849,246841,0,21600,-1154606,996000,-8386,76494,995219,-2455,-32337,2.33,2.43
18,2015-12-31,USD,8409534,2449198,5832769,2576765,127567,67371,78000,0,120711,0,2449198,None,127567,0,6856,None,None,None,0,0,0,53340,-1220161,0,67371,67371,None,USD,23989007,1038000,None,942820,3345419,20643588,365012,1098000,89834,11550883,239677,0,1038000,2468415,2651589,451148,432601,-284442,5356388,17594651,None,20643588,0,6268466,329000,7914950,2200441,0,0,89834,0,11550883,0,None,1037968,None,6394356,None,328818,None,693830,None,None,None,9287313,23989007,2468415,None,9000000,USD,None,-2093076,-152194,-2747360,-111216,-111216,-196095,-460802,67371,1521124,1784534,65669,236854,0,0,1493456,-244513,40654,152194,1973606,14427,1535551,2.14,2.33
19,2015-09-30,USD,10836819,3115363,7274360,3562459,447096,295552,0,0,439208,0,3115363,None,447096,0,7888,None,None,None,0,0,0,143656,0,0,295552,295552,None,USD,25996677,1055000,None,1008489,5421025,20575652,236326,1565000,89827,11483512,None,0,1055000,932864,4741624,448107,None,-285007,5423700,19517661,None,20575652,0,8199066,443000,9377242,4293517,0,0,89827,0,11483512,0,None,None,None,1055316,None,443075,None,679401,None,None,None,9287320,25996677,932864,None,9000000,USD,None,1416932,-180350,-5308,-111907,-111907,None,None,295552,-1917311,-1625054,-295931,232664,0,0,-271748,0,228890,175042,-3231413,3399,-1913912,2.62,2.14
