,fiscalDateEnding,reportedCurrency_x,totalRevenue,totalOperatingExpense,costOfRevenue,grossProfit,ebit,netIncome_x,researchAndDevelopment,effectOfAccountingCharges,incomeBeforeTax,minorityInterest,sellingGeneralAdministrative,otherNonOperatingIncome,operatingIncome,otherOperatingExpense,interestExpense,taxProvision,interestIncome,netInterestIncome,extraordinaryItems,nonRecurring,otherItems,incomeTaxExpense,totalOtherIncomeExpense,discontinuedOperations,netIncomeFromContinuingOperations,netIncomeApplicableToCommonShares,preferredStockAndOtherAdjustments,reportedCurrency_y,totalAssets,intangibleAssets,earningAssets,otherCurrentAssets,totalLiabilities,totalShareholderEquity,deferredLongTermLiabilities,otherCurrentLiabilities,commonStock,retainedEarnings,otherLiabilities,goodwill,otherAssets,cash,totalCurrentLiabilities,shortTermDebt,currentLongTermDebt,otherShareholderEquity,propertyPlantEquipment,totalCurrentAssets,longTermInvestments,netTangibleAssets,shortTermInvestments,netReceivables,longTermDebt,inventory,accountsPayable,totalPermanentEquity,additionalPaidInCapital,commonStockTotalEquity,preferredStockTotalEquity,retainedEarningsTotalEquity,treasuryStock,accumulatedAmortization,otherNonCurrrentAssets,deferredLongTermAssetCharges,totalNonCurrentAssets,capitalLeaseObligations,totalLongTermDebt,otherNonCurrentLiabilities,totalNonCurrentLiabilities,negativeGoodwill,warrants,preferredStockRedeemable,capitalSurplus,liabilitiesAndShareholderEquity,cashAndShortTermInvestments,accumulatedDepreciation,commonStockSharesOutstanding,reportedCurrency,investments,changeInLiabilities,cashflowFromInvestment,otherCashflowFromInvestment,netBorrowings,cashflowFromFinancing,otherCashflowFromFinancing,changeInOperatingActivities,netIncome_y,changeInCash,operatingCashflow,otherOperatingCashflow,depreciation,dividendPayout,stockSaleAndPurchase,changeInInventory,changeInAccountReceivables,changeInNetIncome,capitalExpenditures,changeInReceivables,changeInExchangeRate,changeInCashAndCashEquivalents,clossingVal,nextClossingVal
0,2020-06-30,USD,703000,3550000,423000,280000,-2646000,-4188000,765000,None,-4188000,None,2362000,None,-2847000,None,None,None,None,-5000,None,None,None,None,-1336000,None,-4188000,-4188000,None,USD,13873000,None,None,181000,6695000,7178000,None,None,8000,-181879000,None,None,1295000,6804000,5599000,None,None,None,1803000,10775000,None,7178000,None,0,430000,0,1054000,None,None,None,None,None,None,None,1295000,None,3098000,1245000,None,None,1096000,None,None,None,None,None,None,None,None,USD,209000,-357000,209000,None,430000,430000,None,-271000,-4188000,-2111000,-2750000,None,201000,None,None,-198000,461000,1602000,0,None,None,None,0.706,
1,2020-03-31,USD,780000,5691000,541000,239000,-4686000,-5261000,1257000,None,-5261000,None,3893000,None,-4911000,None,None,None,None,35000,None,None,None,None,-385000,None,-5261000,-5261000,None,USD,19229000,None,None,101000,8157000,11072000,None,None,8000,-177691000,None,None,None,8915000,7188000,None,None,None,3659000,15570000,None,11072000,None,461000,None,1408000,1070000,None,None,None,None,None,None,None,None,None,3659000,1659000,None,None,969000,None,None,None,188755000,None,8915000,None,None,USD,-326000,460000,-326000,None,430000,0,None,-206000,-5261000,-5140000,-4814000,None,225000,None,None,-326000,-176000,470000,326000,None,None,None,0.72,0.706
2,2019-12-31,USD,787000,5762000,627000,160000,-4743000,-4913000,1492000,None,-4913000,None,3643000,None,-4975000,None,None,None,63000,63000,None,None,None,None,-1000,None,-4913000,-4913000,None,USD,20393000,None,None,69000,4544000,15849000,None,1524000,8000,-172430000,None,None,None,14055000,3977000,None,None,None,2158000,18235000,None,15849000,0,285000,None,1936000,648000,None,None,None,None,None,None,None,2158000,None,2158000,1128000,None,None,567000,None,None,None,188271000,None,14055000,None,5000000,USD,-150000,322000,-150000,2550000,430000,-296000,None,-1285000,-4913000,-5325000,-4879000,None,232000,None,23378000,129000,-47000,683000,150000,None,None,None,1.9,0.72
3,2019-09-30,USD,333000,4075000,412000,-79000,-3522000,-3706000,1174000,None,-3706000,None,2489000,None,-3742000,None,None,None,37000,37000,None,None,None,None,-1000,None,-3706000,-3706000,None,USD,24657000,None,None,27000,4592000,20065000,None,283000,8000,-167517000,None,None,None,19380000,3905000,None,None,None,2308000,22349000,None,20065000,0,238000,None,2048000,732000,None,None,None,None,None,None,None,2308000,None,2308000,1244000,None,None,687000,None,None,None,187574000,None,19380000,None,6000000,USD,-24000,-570000,-24000,2550000,-5000000,9880000,None,-874000,-3706000,5867000,-3989000,None,220000,None,23674000,40000,209000,692000,24000,None,None,None,1.94,1.9
4,2019-06-30,USD,386000,6799000,679000,-293000,-6213000,-6767000,1788000,None,-6767000,None,4332000,None,-6413000,None,-295000,None,-295000,-295000,None,None,None,None,-59000,None,-6767000,-6767000,None,USD,19199000,None,None,954000,10812000,8387000,None,320000,36000,-163811000,None,None,None,13513000,10090000,5000000,5000000,None,2178000,17021000,None,8387000,0,447000,722000,2107000,1082000,None,None,None,None,None,None,None,2178000,None,2178000,1190000,None,None,722000,None,None,None,172162000,None,13513000,None,3000000,USD,-1000,-104000,-1000,2550000,-15000000,-6814000,None,513000,-6767000,-11171000,-4356000,None,200000,None,8794000,-259000,1382000,631000,1000,None,None,None,0.6991,1.94
5,2019-03-31,USD,1775000,9875000,1232000,543000,-7858000,-8290000,2439000,None,-8290000,None,6204000,None,-8100000,None,-190000,None,-190000,-190000,None,None,None,None,-190000,None,-8290000,-8290000,None,USD,32368000,None,None,1539000,25850000,6518000,None,370000,24000,-157044000,None,None,None,24684000,25031000,19952000,19952000,None,2456000,29912000,None,6518000,0,1829000,819000,1860000,1044000,None,None,None,None,None,None,None,2456000,None,2456000,1284000,None,None,819000,None,None,None,163538000,None,24684000,None,2000000,USD,2531000,-119000,2531000,2550000,10000000,10608000,None,-1743000,-8290000,3497000,-9642000,None,150000,None,608000,102000,-959000,1103000,19000,None,None,None,1.44,0.6991
6,2018-12-31,USD,2036000,10696000,1504000,532000,-8660000,-8756000,2338000,0,-8756000,0,6854000,None,-8660000,0,-62000,None,None,None,0,0,0,11000,-96000,0,-8756000,-8756000,None,USD,30386000,None,None,121000,17279000,13107000,None,352000,23000,-148754000,48000,None,None,21187000,17231000,9930000,9930000,None,1739000,28647000,None,13107000,2548000,882000,None,1580000,1159000,None,None,None,None,None,None,None,None,None,None,None,None,None,None,None,None,None,161838000,None,23735000,None,2000000,USD,5600000,-14000,5185000,20799000,10000000,-135000,-30000,-139000,-8756000,-365000,-5415000,None,153000,None,10024000,375000,1905000,1053000,415000,None,None,None,2.07,1.44
7,2018-09-30,USD,2987000,9622000,1418000,1569000,-6635000,-6745000,2368000,0,-6745000,0,5836000,None,-6635000,0,-70000,None,None,None,0,0,0,0,-110000,0,-6745000,-6745000,None,USD,36879000,0,None,121000,16726000,20153000,0,301000,23000,-139998000,46000,0,0,21552000,7281000,523000,523000,-2000,1572000,35307000,None,20153000,8116000,2780000,9399000,1955000,1458000,0,0,0,0,0,0,None,None,None,None,None,None,None,None,None,None,None,None,None,None,None,2000000,USD,-7107000,-141000,-7317000,0,10000000,9950000,-30000,279000,-6745000,-2660000,-5293000,None,152000,0,9973000,-113000,274000,994000,210000,None,None,None,2.7,2.07
8,2018-06-30,USD,2732000,12334000,1732000,1000000,-9602000,-9753000,3352000,0,-9753000,0,7250000,None,-9602000,0,-57000,None,None,None,0,0,0,0,-151000,0,-9753000,-9753000,None,USD,32471000,0,None,123000,16420000,16051000,0,302000,18000,-133253000,44000,0,0,24212000,10396000,3965000,3965000,1000,1514000,30957000,None,16051000,997000,3049000,5980000,1842000,1445000,0,0,0,0,0,0,None,None,None,None,None,None,None,None,None,None,None,None,None,None,None,2000000,USD,-996000,-834000,-1295000,0,10000000,151000,-30000,1566000,-9753000,-9266000,-8122000,None,147000,0,0,25000,-496000,1212000,299000,None,None,None,2.15,2.7
9,2018-03-31,USD,1346000,13414000,769000,577000,-12068000,-12126000,2639000,0,-12126000,0,10006000,None,-12068000,0,-37000,None,None,None,0,0,0,0,-58000,0,-12126000,-12126000,None,USD,40507000,0,None,164000,16083000,24424000,0,337000,18000,-123500000,None,0,0,33478000,9110000,2961000,2961000,1000,1422000,39085000,None,24424000,0,2570000,6973000,1867000,2304000,0,0,0,0,0,0,None,None,None,None,None,None,None,None,None,None,None,None,None,None,None,2000000,USD,23302000,901000,22944000,0,None,28000,-30000,-2229000,-12126000,12370000,-10602000,None,129000,0,0,-449000,1670000,1491000,358000,None,None,None,3.43,2.15
10,2017-12-31,USD,3692000,51084000,1593000,3612000,-32340000,-25595000,2689000,0,-34765000,0,11410000,None,-23353000,0,25000,None,None,None,0,0,0,0,-2274000,0,-33310000,-33310000,None,USD,53101000,0,None,1629000,17988000,35113000,0,6777000,18000,-111374000,13000,0,0,21108000,10011000,1958000,1958000,-5000,1346000,51755000,None,35113000,23292000,4308000,7964000,1418000,1276000,35113000,146474000,18000,0,-111374000,0,None,None,None,None,None,None,None,None,None,None,None,None,None,None,None,2000000,USD,-20813000,2621000,-21856000,0,None,613000,None,2190000,-34765000,-51867000,-30624000,None,330000,0,0,-591000,-3708000,4865000,1043000,None,None,None,6.61,3.43
11,2017-09-30,USD,2787000,-18282000,1229000,500000,-7893000,-1440000,2798000,0,0,0,9213000,None,-1498000,0,21000,None,None,None,0,0,0,0,0,0,-9215000,-9215000,None,USD,59078000,0,None,863000,15562000,43516000,0,4481000,17000,-101300000,26000,0,0,12083000,6581000,957000,957000,-4000,1274000,57804000,None,43516000,41289000,2658000,8955000,911000,1143000,0,0,0,0,0,0,None,None,None,None,None,None,None,None,None,None,None,None,None,None,None,2000000,USD,13611000,747000,-39721000,0,None,256000,None,80000,-24645000,6256000,-21427000,None,0,0,0,84000,2515000,2398000,904000,None,None,None,9.53,6.61
12,2017-06-30,USD,1963000,9603000,920000,324000,15433000,15000,2760000,0,0,0,8613000,None,51000,0,35000,None,None,None,0,0,0,0,0,0,15505000,15505000,None,USD,64978000,0,None,569000,14757000,50221000,0,4120000,17000,-92100000,39000,0,0,5827000,4817000,9901000,9901000,-19000,1044000,63934000,None,50221000,54898000,1893000,9901000,747000,697000,0,0,0,0,0,0,None,None,None,None,None,None,None,None,None,None,None,None,None,None,None,2000000,USD,-29899000,33000,-52987000,0,None,247000,None,1636000,-15475000,-35885000,-14408000,None,0,0,0,80000,1757000,660000,559000,None,None,None,9.91,9.53
13,2017-03-31,USD,1472000,0,757000,649000,-7691000,-7745000,2400000,0,0,0,8340000,None,-7691000,0,54000,None,None,None,0,0,0,0,0,0,-7745000,-7745000,None,USD,70590000,0,None,959000,13522000,57068000,0,2808000,17000,-84354000,None,0,0,41712000,3631000,None,None,-19000,903000,69687000,None,57068000,25008000,1035000,9891000,928000,823000,0,0,0,0,0,0,None,None,None,None,None,None,None,None,None,None,None,None,None,None,None,2000000,USD,-22529000,-769000,-22910000,0,None,0,None,240000,-7745000,-31263000,-8353000,None,0,0,0,101000,1035000,463000,381000,None,None,None,10.69,9.91
14,2016-12-31,USD,772000,22898000,821000,-99000,-14380000,-7495000,2605000,0,-20467000,0,7435000,None,-7534000,0,52000,None,None,None,0,0,0,0,-962000,0,-15207000,-15207000,None,USD,78778000,0,None,1239000,14473000,64305000,0,3997000,17000,-76609000,None,0,0,72975000,4592000,9881000,9881000,-1000,717000,78061000,None,64305000,2500000,520000,9881000,827000,595000,64305000,140898000,17000,0,-76609000,0,None,None,None,None,None,None,None,None,None,None,None,None,None,None,None,None,USD,6553000,481000,6201000,0,None,82786000,-30000,-154000,-20467000,69619000,-19368000,None,192000,0,0,-464000,121000,1167000,352000,None,None,None,8.85,10.69
15,2016-09-30,USD,773000,0,592000,683000,-5125000,-12972000,2169000,0,0,0,4581000,None,-11971000,0,135000,None,None,None,0,0,0,0,0,0,-5260000,-5260000,None,USD,18498000,0,None,2805000,15093000,3405000,0,4139000,1000,-69114000,None,0,0,2324000,5207000,None,None,5000,535000,17963000,None,-67093000,11829000,515000,9886000,438000,1068000,0,0,0,70498000,0,0,None,None,None,None,None,None,None,None,None,None,None,None,None,None,None,None,USD,2082000,2030000,-3006000,0,None,15567000,-15000,-2643000,-12972000,-2005000,-13593000,None,0,0,0,75000,121000,724000,259000,None,None,None,nan,8.85
16,2016-06-30,USD,779000,0,627000,0,0,0,2586000,0,0,0,4182000,None,0,0,143000,None,None,None,0,0,0,0,0,0,0,0,None,USD,20071000,None,None,181000,12263000,7808000,None,1647000,1000,None,None,None,None,4329000,5635000,None,None,None,512000,None,None,None,13953000,None,6628000,477000,733000,None,None,None,70498000,None,None,None,None,None,None,None,None,None,None,None,None,None,None,None,None,None,None,USD,None,None,None,None,None,14528000,None,None,None,None,None,None,None,None,None,None,51000,None,63000,None,None,None,nan,nan
17,2016-03-31,USD,1069000,0,577000,0,0,0,2512000,0,0,0,3891000,None,0,0,147000,None,None,None,0,0,0,0,0,0,0,0,None,USD,None,None,None,None,None,None,None,None,None,None,None,None,None,None,None,None,None,None,None,None,None,None,None,None,None,None,None,None,None,None,None,None,None,None,None,None,None,None,None,None,None,None,None,None,None,None,None,None,None,USD,None,None,None,None,None,None,None,None,None,None,None,None,None,None,None,None,None,None,0,None,None,None,nan,nan
18,2015-12-31,USD,983000,18972000,611000,1536000,-14933000,-15557000,3809000,0,-15557000,0,5003000,None,-14933000,0,144000,None,None,None,0,0,0,0,-624000,0,-15557000,-15557000,None,USD,14221000,None,None,248000,14661000,-55139000,None,4271000,1000,-56142000,None,None,None,3356000,5567000,747000,747000,-1000,418000,13803000,None,-55139000,9175000,661000,9094000,363000,549000,None,None,None,54699000,None,None,None,None,None,None,None,None,None,None,None,None,None,None,None,None,None,None,USD,2910000,2286000,2777000,6000,5000000,5062000,-30000,3337000,-15557000,-3546000,-11392000,None,167000,None,62000,77000,-385000,520000,139000,None,None,None,nan,nan
19,2015-09-30,USD,1093000,0,601000,0,0,0,3201000,0,0,0,3819000,None,0,0,142000,None,None,None,0,0,0,0,0,0,0,0,None,USD,None,None,None,None,None,None,None,None,None,None,None,None,None,None,None,None,None,None,None,None,None,None,None,None,None,None,None,None,None,None,None,None,None,None,None,None,None,None,None,None,None,None,None,None,None,None,None,None,None,USD,None,None,None,None,None,None,None,None,None,None,None,None,None,None,None,None,None,None,0,None,None,None,nan,nan
