,fiscalDateEnding,reportedCurrency_x,totalRevenue,totalOperatingExpense,costOfRevenue,grossProfit,ebit,netIncome_x,researchAndDevelopment,effectOfAccountingCharges,incomeBeforeTax,minorityInterest,sellingGeneralAdministrative,otherNonOperatingIncome,operatingIncome,otherOperatingExpense,interestExpense,taxProvision,interestIncome,netInterestIncome,extraordinaryItems,nonRecurring,otherItems,incomeTaxExpense,totalOtherIncomeExpense,discontinuedOperations,netIncomeFromContinuingOperations,netIncomeApplicableToCommonShares,preferredStockAndOtherAdjustments,reportedCurrency_y,totalAssets,intangibleAssets,earningAssets,otherCurrentAssets,totalLiabilities,totalShareholderEquity,deferredLongTermLiabilities,otherCurrentLiabilities,commonStock,retainedEarnings,otherLiabilities,goodwill,otherAssets,cash,totalCurrentLiabilities,shortTermDebt,currentLongTermDebt,otherShareholderEquity,propertyPlantEquipment,totalCurrentAssets,longTermInvestments,netTangibleAssets,shortTermInvestments,netReceivables,longTermDebt,inventory,accountsPayable,totalPermanentEquity,additionalPaidInCapital,commonStockTotalEquity,preferredStockTotalEquity,retainedEarningsTotalEquity,treasuryStock,accumulatedAmortization,otherNonCurrrentAssets,deferredLongTermAssetCharges,totalNonCurrentAssets,capitalLeaseObligations,totalLongTermDebt,otherNonCurrentLiabilities,totalNonCurrentLiabilities,negativeGoodwill,warrants,preferredStockRedeemable,capitalSurplus,liabilitiesAndShareholderEquity,cashAndShortTermInvestments,accumulatedDepreciation,commonStockSharesOutstanding,reportedCurrency,investments,changeInLiabilities,cashflowFromInvestment,otherCashflowFromInvestment,netBorrowings,cashflowFromFinancing,otherCashflowFromFinancing,changeInOperatingActivities,netIncome_y,changeInCash,operatingCashflow,otherOperatingCashflow,depreciation,dividendPayout,stockSaleAndPurchase,changeInInventory,changeInAccountReceivables,changeInNetIncome,capitalExpenditures,changeInReceivables,changeInExchangeRate,changeInCashAndCashEquivalents,clossingVal,nextClossingVal
0,2020-04-30,USD,14863428,16423828,10866678,3996750,-1176979,-1689181,None,None,-1684130,None,5549501,1056,-1560400,-2527,124786,5051,-124790,-124786,None,-2527,None,5051,1056,None,-1689181,-1689181,None,USD,40970894,661923,None,231458,23952030,17018864,None,6647132,13920921,3097943,24653,None,90982,4294809,14327279,6305630,7941971,None,10775232,29442757,None,16356941,None,7756215,8355850,17037152,4963670,None,None,13920921,None,3097943,None,None,1523080,None,11528137,None,8355850,1268901,9624751,None,None,None,None,40970894,4294809,None,None,USD,-36542,282751,-36542,-1750,5058657,4997476,-61181,448063,-1689181,3601069,-1359865,140244,382365,None,0,142987,-1423945,495170,36542,-1470715,None,3601069,2.46,
1,2020-01-31,USD,12887396,15334929,10483256,2404140,-2057190,-2591888,None,None,-2586855,None,4824124,-2635,-2447533,-2527,136687,5033,-136690,-136687,None,17558,None,5033,-2635,None,-2591888,-2591888,None,USD,36665001,670349,None,426000,17983633,18681368,None,11918000,13894244,4787124,72347,None,56108,693740,11917757,6150357,6150357,None,10839377,25099167,25003,18011019,None,6799168,5088807,17180139,4617070,None,None,13894244,None,4787124,None,None,1173159,None,11565834,None,5088807,977069,6065876,None,None,None,None,36665001,693740,None,7456072,USD,-67762,-1103593,-67762,-21060,-319459,-319459,-61181,-658946,-2591888,156410,543631,-73124,392978,None,0,915488,3563267,22300,67762,3606648,None,156410,3.4631,2.46
2,2019-10-31,USD,18249535,18778264,13307935,4941600,-87242,-656582,None,None,-653065,None,5465463,14987,-528729,-5238,139323,3517,-139320,-139323,None,-5238,None,3517,14987,None,-656582,-656582,None,USD,40106934,659280,None,399000,18868034,21238900,None,135382,13853334,7385566,71339,None,57433,537330,13627027,6388955,6388955,None,10010223,29379998,25003,20579620,None,10347597,5169668,18095627,5459352,None,None,13853334,None,7385566,None,None,32430,None,10726936,None,5169668,71339,5241007,None,None,None,None,40106934,537330,None,7458981,USD,-9857,-391897,-9857,None,-315712,-315952,-61181,18094,-656582,-562282,-236473,None,426500,None,-240,716884,-386833,43194,9857,None,None,None,2.95,3.4631
3,2019-07-31,USD,17367068,18303865,12875614,4491454,-516997,-1085294,None,None,-1072435,None,5418438,10,-936797,216,135648,12859,-135650,-135648,None,216,None,12859,10,None,-1085294,-1085294,None,USD,41518419,663966,None,437993,19661993,21856426,None,5456134,13814038,8042388,70347,None,83761,1099612,14135512,6418201,6418201,None,10420001,30350691,50007,21192460,None,9964662,5456134,18812511,5853461,None,None,13814038,None,8042388,None,None,33754,None,11167728,None,5456130,70347,5526481,None,None,None,None,41518419,1099612,None,7459056,USD,-43533,-2345639,-43533,-8987,434261,428692,-61181,192620,-1085294,788945,403786,5624,419790,None,-76,1430712,1738750,56962,43533,1752786,None,788945,3.76,2.95
4,2019-04-30,USD,18957180,-13172585,13648041,5309134,-482894,-617425,None,None,-612185,None,5776814,-7438,-475456,-18947693,129291,5240,-129290,-129291,None,-1706,None,5240,-7438,None,-617425,-617425,None,USD,44340979,664580,None,1146953,21436239,22904740,None,6024533,13776982,9127758,69373,None,93450,310667,10192333,265541,265541,None,10779540,32754137,None,22904740,None,11860596,5150000,20243223,9996165,None,None,13776982,None,9127758,None,None,93445,None,10779540,None,5150000,69373,5150000,None,None,None,None,44340979,310667,None,7460535,USD,-153411,3436651,-153411,-22461,284227,-653635,-937862,135418,-617425,-107404,699642,30598,430839,None,-1260,-757667,-1885446,56769,130950,-1880123,None,-107404,4.94,3.76
5,2019-01-31,USD,16750668,-9967390,13188109,3562559,-3220561,-3310020,0,None,-3337441,None,6773645,158,-3220719,-16741253,116880,-27420,None,None,None,218,None,-27421,158,None,-3310020,-3310020,None,USD,42167038,651597,None,463694,18672042,23494996,None,6092249,13749813,9745183,68415,None,205546,418071,7711378,263598,263598,None,11036662,30273233,49281,22843399,None,9905912,4800000,19485556,7516195,None,None,13749813,None,9745183,None,None,156265,None,11893805,None,4800000,68415,4800000,None,None,None,None,42167038,418071,None,7436907,USD,-343596,-222637,-343596,-25977,1736263,1735006,None,-1844200,-3310020,240658,-1150752,98090,443433,None,-1257,-2010801,2958441,886063,317619,2965120,None,240658,3.61,4.94
6,2018-10-31,USD,20273277,6808175,13611714,6661563,-227799,-350330,1300000,0,-360661,0,6802240,-81187,-146612,9190,132862,None,None,None,0,-3255,0,-10331,-214049,0,-350330,-350330,None,USD,43098460,635035,None,549302,16287623,26810837,0,9158630,13816140,12994697,101150,0,211756,177413,7027843,260954,260954,None,11204639,31047030,None,26175802,0,12894841,9158630,17474755,6868039,26810837,0,13816140,0,12994697,0,None,162475,None,12002149,None,None,None,None,None,None,None,None,43098460,177413,None,7694387,USD,None,-444750,-189109,-23733,-2829488,-2830998,-170501,391386,-350330,-859715,2160392,-24214,476810,0,-1510,-161311,1744091,922798,165376,1741389,None,-859715,4.75,3.61
7,2018-07-31,USD,23116584,6367006,16090042,7026542,650075,438353,0,0,455813,0,6370244,-9461,659536,9286,194262,None,None,None,0,-12524,0,17460,-203723,0,438353,438353,None,USD,45812442,620492,None,546022,19512910,26299532,0,6224345,12952995,13346537,107788,0,134765,1037128,7414388,258338,258338,None,11558542,33498643,None,25679040,0,14647022,5766389,17313444,7263838,26299532,0,12952995,0,13346537,0,None,89792,None,12268826,None,5766389,None,5766389,None,None,None,None,45812442,1037128,None,7694640,USD,None,-5059535,-317882,-10348,-3010894,-3016320,-5426,557999,438353,758747,4092949,64210,482125,0,0,1450131,6129232,625765,307534,6091900,None,758747,3.8,4.75
8,2018-04-30,USD,26887689,7398128,17931414,8956275,1559037,1390865,0,0,1406570,0,7400779,890,1558147,9053,152467,None,None,None,0,-11704,0,15705,-151577,0,1390865,1390865,None,USD,53008152,619430,None,1261063,27800163,25207989,0,13290086,12299805,12908184,128525,0,163100,278381,14381552,1937078,1937078,None,11903341,40322281,None,25207989,0,20801792,13290086,18763575,12572999,25207989,0,12299805,0,12908184,0,None,None,None,11903341,None,None,None,None,None,None,None,None,53008152,278381,None,7696068,USD,None,5436478,-159840,14203,2688030,2658407,-29576,722402,1390865,-250568,-2749135,-100852,450378,0,-47,-1142035,-9355047,570872,174043,-9354841,None,-250568,2.795,3.8
9,2018-01-31,USD,17551040,5559517,12322220,5228820,-320794,-410135,0,0,-449620,0,5557693,9903,-330697,7239,128826,None,None,None,0,-5415,0,-39485,-118923,0,-410135,-410135,None,USD,42611340,642686,None,453328,19354098,23257242,0,6355868,11739876,11517366,124000,0,784000,528949,6973672,253266,253266,None,11892289,29935162,35118,22614556,0,11331345,5900000,17621540,6844964,23257242,0,11739876,0,11517366,0,None,106085,None,12676178,None,5900000,None,5900000,None,None,None,None,42611340,528949,None,7674938,USD,None,2813064,-67564,-25661,138801,3302,-135499,372758,-410135,-362220,-297958,-70324,408284,0,0,-840091,-2392171,143440,41903,-2342196,None,-362220,2.35,2.795
10,2017-10-31,USD,17206880,5469807,12188178,5018702,-465096,-588762,1300000,0,-595507,0,5451589,-13991,-451105,7090,130411,None,None,None,0,11128,0,-6745,-312198,0,-588762,-588762,None,USD,40139180,624264,None,418122,16449658,23689522,0,1341000,11762021,11927501,133000,0,825000,891169,4196877,250726,250726,None,12210692,27103378,None,23065258,0,9012638,12119607,16781449,3946151,23689522,0,11762021,0,11927501,0,None,200846,None,13035802,None,12119607,133174,12252781,None,None,None,None,40139180,891169,None,7315605,USD,None,-1698105,-115799,-19222,239420,234651,-3666,346296,-588762,361905,243053,50365,443059,0,-1103,1573476,-45864,148513,96577,314507,None,361905,2.45,2.35
11,2017-07-31,USD,16432243,5471853,11126456,5305787,-154407,-295160,0,0,-281065,0,5426018,11659,-166066,6650,126658,None,None,None,0,39185,0,14095,-164241,0,-295160,-295160,None,USD,42089323,612000,None,1080619,17924694,24164629,0,5400000,11647263,12517366,132000,0,793000,529264,5910419,248212,12130913,None,12601351,28695229,None,24164629,0,9523164,6482701,18354925,5662207,24164629,0,11647263,0,12517366,0,None,None,None,12601351,None,6482701,131574,6614275,None,None,None,None,42089323,529264,None,7334348,USD,None,-264363,-265082,-32901,433834,426175,-7193,26543,-295160,-267763,-428856,88525,424972,0,-466,-815226,390889,232655,232181,199741,None,-267763,2.3,2.45
12,2017-04-30,USD,15847473,5943551,10184434,5663039,-113117,-239082,0,0,-231270,0,5898502,167395,-280512,6135,118153,None,None,None,0,38914,0,7812,266280,0,-239082,-239082,None,USD,41987968,586000,None,1142893,17758183,24229785,0,11445863,11416793,12812992,155000,0,955000,797027,6157345,251216,251216,None,12601783,28431024,None,24229785,0,9906566,11446000,17539699,6061104,24229785,0,11416793,0,12812992,0,None,None,None,12601783,None,None,None,None,None,None,None,None,41987968,797027,None,7365036,USD,None,1776338,-137146,-25112,205343,120848,-83536,-110677,-239082,-448654,-432356,-110677,301146,0,-959,-1498349,598894,303812,112034,-965544,None,-448654,2.95,2.3
13,2017-01-31,USD,14606252,5229728,9795853,4810399,-488554,-615767,0,0,-636367,0,5192648,-69225,-419329,5829,147813,None,None,None,0,31251,0,-20600,-217038,0,-615767,-615767,None,USD,40116272,566904,None,446335,15845003,24271269,0,1186000,11218236,13053033,103000,0,901000,1245681,4576896,309505,309505,None,12898307,26316845,None,23704365,0,8583479,11164731,16041350,4267391,24271269,0,11218236,0,13053033,0,None,334216,None,13799427,None,11164731,103376,11268107,None,None,None,None,40116272,1245681,None,7364093,USD,None,441456,-65840,2277,-471758,-498631,-11279,-14555,-615767,-633383,-68912,-14555,506342,0,-15594,-1017384,404000,226834,68117,404162,None,-633383,3.2713,2.95
14,2016-10-31,USD,17312823,5311633,11103104,6209719,921014,761158,1300000,0,759876,0,5246838,22928,898086,5581,161138,None,None,None,0,59214,0,-1282,-415395,0,761158,761158,None,USD,40665788,575010,None,431780,15900799,24764989,0,6651780,11080595,13684394,123000,0,945000,1879064,4126109,294214,294214,None,13399158,26321883,None,24189979,0,8987073,5000000,15023966,3954805,24764989,0,11080595,0,13684394,0,None,369737,None,14343905,None,5000000,None,5000000,None,None,None,None,40665788,1879064,None,7081159,USD,None,-354535,-40642,27091,-970976,-1020903,-9777,-305485,761158,106247,1167792,44275,560261,-141000,-40150,-79853,326000,119240,67733,117246,None,106247,2.8,3.2713
15,2016-07-31,USD,16915135,5117953,11453444,5461691,347157,188163,0,0,181003,0,5074839,3419,343738,4194,166154,None,None,None,0,38920,0,-7160,114450,0,188163,188163,None,USD,41113071,589682,None,451017,17200037,23913034,0,6725928,10949648,12963386,121000,0,983000,1772817,4852932,691042,None,None,13845348,26285484,None,23323352,0,9117537,5500000,14944113,4283067,23913034,0,10949648,0,12963386,0,None,392557,None,14827587,None,5500000,None,5500000,None,None,None,None,41113071,1772817,None,7126885,USD,None,-1236507,-79478,-18862,-190473,-198234,-7761,None,188163,1112139,1389851,370874,496809,-141000,0,1597915,208000,151482,60616,-178885,None,1112139,2.2,2.8
16,2016-04-30,USD,16340153,5406974,11788858,4551295,-856949,-983122,0,0,-992653,0,5351577,-1270,-855679,3846,135704,None,None,None,0,51551,0,-9531,-277185,0,-983122,-983122,None,USD,42194689,571000,None,1057119,18607516,23587173,0,1148000,10811950,12775223,120000,0,969000,660678,6187958,787937,None,None,14251613,26974304,None,23587173,0,9683251,12300083,16542028,5400021,23587173,0,10811950,0,12775223,0,None,None,None,14251613,None,12300083,119475,12419558,None,None,None,None,42194689,660678,None,7119510,USD,None,964193,-243848,-37017,-166804,-215789,-48985,None,-983122,121983,581620,43885,498722,-141000,0,1061304,387000,304092,206831,-1307454,None,121983,2.51,2.2
17,2016-01-31,USD,14047890,5105541,10545459,3502431,-1585507,-1745021,0,0,-1743321,-22172,5087481,17603,-1603110,3282,157814,None,None,None,0,14778,0,23872,0,0,-1767193,-1745021,None,USD,42159685,537343,None,530490,17835669,25088245,0,6874247,10565671,14522574,118000,0,831000,538695,4843623,284062,None,None,14673631,26655000,None,24550902,0,7982483,6000000,17603332,4677360,24324016,24324016,10565671,24324016,14522574,-24324016,None,293711,None,15504685,None,6000000,None,6000000,None,None,None,None,42159685,538695,None,7052763,USD,None,-878538,-312315,-12342,-90554,-248279,-16414,None,-1767193,-544377,16217,33534,499185,-141311,0,212748,1694000,221789,299973,1694692,None,-544377,2.4,2.51
18,2015-10-31,USD,16753000,75950536,11153000,21671616,-2381798,-4255665,1300000,0,-2815063,-753057,5764000,None,-2381798,10860,121000,None,None,None,0,124271,0,2112000,-433265,0,-4297445,-4255665,None,USD,45028818,524000,None,1087689,19140268,26630607,0,6946008,10363012,16267595,551000,0,1978000,1083072,5643152,280999,280999,None,13903919,29147426,None,26630607,0,11138058,6000000,17816080,5913261,25888550,25888550,10363012,25888550,16267595,-25888550,None,None,None,13903919,None,6000000,None,6000000,None,None,None,None,45028818,1083072,None,7059548,USD,None,-1698165,-3244293,0,3229988,2036000,-259237,-1750287,-4255665,-6435,1202000,None,2076486,-556000,0,-297961,4949000,3259558,3149000,None,None,None,3.13,2.4
19,2015-07-31,USD,20781340,6114173,15072497,5708843,-401999,-572572,0,0,-516247,10219,6084514,3331,-405330,2600,114248,None,None,None,0,27059,0,46106,0,0,-562353,-572572,None,USD,49032920,517404,None,599129,20227891,29536810,0,1409000,10163137,19373673,547000,0,2015000,556105,7602599,277969,None,None,13978787,33038455,None,29019406,0,13262123,12016986,18621098,7932936,28805029,28805029,10163137,28805029,19373673,-28805029,None,1285828,212446,15994465,None,12016986,None,12016986,None,None,None,None,49032920,556105,None,7075532,USD,None,872608,-959270,-15788,431920,179033,-105436,None,-562353,-112345,667892,-192714,508660,-141758,-5693,56171,3331000,672630,943482,-704374,None,-112345,3.39,3.13
