,fiscalDateEnding,reportedCurrency_x,totalRevenue,totalOperatingExpense,costOfRevenue,grossProfit,ebit,netIncome_x,researchAndDevelopment,effectOfAccountingCharges,incomeBeforeTax,minorityInterest,sellingGeneralAdministrative,otherNonOperatingIncome,operatingIncome,otherOperatingExpense,interestExpense,taxProvision,interestIncome,netInterestIncome,extraordinaryItems,nonRecurring,otherItems,incomeTaxExpense,totalOtherIncomeExpense,discontinuedOperations,netIncomeFromContinuingOperations,netIncomeApplicableToCommonShares,preferredStockAndOtherAdjustments,reportedCurrency_y,totalAssets,intangibleAssets,earningAssets,otherCurrentAssets,totalLiabilities,totalShareholderEquity,deferredLongTermLiabilities,otherCurrentLiabilities,commonStock,retainedEarnings,otherLiabilities,goodwill,otherAssets,cash,totalCurrentLiabilities,shortTermDebt,currentLongTermDebt,otherShareholderEquity,propertyPlantEquipment,totalCurrentAssets,longTermInvestments,netTangibleAssets,shortTermInvestments,netReceivables,longTermDebt,inventory,accountsPayable,totalPermanentEquity,additionalPaidInCapital,commonStockTotalEquity,preferredStockTotalEquity,retainedEarningsTotalEquity,treasuryStock,accumulatedAmortization,otherNonCurrrentAssets,deferredLongTermAssetCharges,totalNonCurrentAssets,capitalLeaseObligations,totalLongTermDebt,otherNonCurrentLiabilities,totalNonCurrentLiabilities,negativeGoodwill,warrants,preferredStockRedeemable,capitalSurplus,liabilitiesAndShareholderEquity,cashAndShortTermInvestments,accumulatedDepreciation,commonStockSharesOutstanding,reportedCurrency,investments,changeInLiabilities,cashflowFromInvestment,otherCashflowFromInvestment,netBorrowings,cashflowFromFinancing,otherCashflowFromFinancing,changeInOperatingActivities,netIncome_y,changeInCash,operatingCashflow,otherOperatingCashflow,depreciation,dividendPayout,stockSaleAndPurchase,changeInInventory,changeInAccountReceivables,changeInNetIncome,capitalExpenditures,changeInReceivables,changeInExchangeRate,changeInCashAndCashEquivalents,clossingVal,nextClossingVal
0,2020-06-30,USD,80448000,55932000,None,80448000,24516000,18638000,None,None,24516000,None,50455000,None,24516000,2407000,17210000,5878000,95877000,78667000,None,3070000,None,5878000,None,None,18638000,18638000,None,USD,11345365000,26732000,1124918000,None,9868931000,1476434000,None,8967754000,609000,372552000,76591000,501472000,8811847000,789140000,8967754000,None,None,-6916000,7828000,9162431000,1021446000,948229000,153239000,8373291000,246840000,None,None,None,None,609000,1000,372552000,-25651000,None,625456000,None,2182934000,None,246840000,654337000,901177000,None,None,None,1135839000,11345365000,789140000,None,60343077,USD,-429438000,0,-369019000,62214000,-293385000,823551000,1071222000,458000,18638000,472093000,17561000,None,3631000,-10220000,55934000,None,None,-1077000,2604000,None,None,472093000,17.63,
1,2020-03-31,USD,83373000,62796000,None,83373000,20577000,16533000,None,None,20577000,None,50097000,None,20577000,4172000,18562000,4044000,98207000,79645000,None,8527000,None,4044000,None,None,16533000,16533000,None,USD,10489074000,28276000,1181189000,None,9079240000,1409834000,None,7892067000,609000,364273000,74762000,500093000,8391643000,337475000,7892067000,None,None,-7835000,108345000,8278946000,1068477000,881465000,153738000,7941471000,120213000,None,None,None,None,609000,None,364273000,-25651000,None,504937000,None,2210128000,None,120213000,1066960000,1187173000,None,None,None,1078438000,10489074000,337475000,None,60311717,USD,-116368000,0,-85149000,33017000,246976000,195442000,-27103000,56803000,16533000,173989000,63696000,None,3704000,-10274000,-14157000,None,None,47163000,18023000,None,None,173989000,15.91,17.63
2,2019-12-31,USD,74230000,47599000,None,74230000,26631000,23450000,None,None,26631000,None,42591000,None,26631000,1266000,13721000,3181000,77075000,63354000,None,3742000,None,3181000,-5304000,None,23450000,23450000,None,USD,8246145000,15607000,992325000,25459000,7093026000,1153119000,None,6328777000,519000,358668000,46848000,374632000,7100368000,182900000,6328777000,89724000,89724000,-9856000,3785000,204574000,7127777000,762880000,150960000,21674000,96801000,264000,6328777000,None,None,519000,None,358668000,-36903000,None,469703000,None,50067000,None,96801000,667448000,764249000,None,None,None,840691000,8246145000,182900000,None,50405048,USD,-97616000,0,-143798000,-44352000,13625000,103080000,105575000,-23622000,23450000,-22453000,18265000,None,2913000,-8298000,-7822000,None,65000,-5185000,1957000,None,None,-22453000,25.54,15.91
3,2019-09-30,USD,74630000,43357000,None,74630000,31273000,24971000,None,None,31273000,None,39875000,None,31273000,2705000,13495000,6302000,76887000,63392000,None,777000,None,6302000,-3779000,None,24971000,24971000,None,USD,8135173000,16605000,1018911000,27005000,6990645000,1144528000,None,6220855000,519000,343629000,60958000,374537000,6481300000,202996000,6220855000,None,None,-10305000,108877000,224735000,7028793000,753386000,127308000,21739000,96667000,294000,6220855000,None,None,519000,None,343629000,-28891000,None,315478000,None,66148000,None,96667000,673123000,769790000,None,None,None,839576000,8135173000,202996000,None,50700586,USD,-101917000,0,-98798000,4704000,61310000,77044000,34679000,-6988000,24971000,762000,22516000,None,2993000,-8639000,-10306000,None,367000,-2455000,3245000,None,None,762000,23.6,25.54
4,2019-06-30,USD,74360000,50915000,None,74360000,23445000,18980000,None,None,23445000,None,42274000,None,23445000,7710000,13573000,4465000,78410000,64837000,None,931000,None,4465000,-10717000,None,18980000,18980000,None,USD,8029057000,17614000,1056875000,26304000,6891762000,1137295000,None,6187487000,518000,327297000,64231000,374592000,70457000,207752000,6187487000,None,None,-10895000,110051000,229858000,6932243000,745089000,123610000,22106000,96533000,865000,6187487000,None,None,518000,None,327297000,-18235000,None,298440000,None,66259000,None,96533000,607742000,704275000,None,None,None,838610000,8029057000,207752000,None,51131804,USD,58826000,0,61841000,3835000,31334000,-83865000,-103222000,-6484000,18980000,-627000,21397000,None,3222000,-8660000,-3317000,None,191000,2417000,748000,None,None,-627000,24.85,23.6
5,2019-03-31,USD,73280000,47271000,None,73280000,26009000,21173000,None,None,26009000,None,40822000,None,26009000,1396000,12034000,4836000,76422000,64388000,None,5053000,None,4836000,-7281000,None,21173000,21173000,None,USD,8092948000,18629000,1107384000,18733000,6965785000,1127163000,None,6290485000,518000,316976000,67833000,375096000,6348112000,189898000,6290485000,None,None,-12235000,117748000,230925000,6993596000,733438000,122558000,22294000,99579000,1594000,6290485000,None,None,518000,None,316976000,-14642000,None,290265000,None,66689000,None,99579000,575721000,675300000,None,None,None,836546000,8092948000,189898000,None,51233944,USD,-50472000,0,8633000,59945000,-27171000,-13486000,25615000,15751000,21173000,33216000,38069000,None,3262000,-8644000,-3286000,None,-1020000,16896000,4046000,None,None,33216000,24.06,24.85
6,2018-12-31,USD,70083000,39082000,11023000,70083000,31001000,26732000,0,0,31001000,0,36811000,None,31001000,1223000,10517000,None,None,None,1854000,1048000,0,4269000,-3326000,0,26732000,26732000,None,USD,7516154000,16971000,None,24211000,6476796000,1039358000,None,5814569000,483000,305056000,49741000,338442000,6494979000,177576000,5814569000,106077000,106077000,-13307000,115731000,197265000,6528130000,683945000,None,19689000,99530000,1381000,5814569000,None,None,483000,None,305056000,-10837000,None,246583000,None,63377000,None,99530000,562697000,662227000,None,None,None,757963000,7516154000,177576000,None,47951168,USD,16798000,-10264000,10585000,16530000,-6929000,-67668000,-50551000,4037000,26732000,-26765000,30318000,9469000,16770000,-8139000,-2049000,None,None,8044000,34000,186000,None,-26765000,22.51,24.06
7,2018-09-30,USD,68882000,39533000,10785000,68882000,29349000,24071000,0,0,29349000,0,36508000,None,29349000,2363000,9878000,None,None,None,0,662000,0,5278000,-3952000,0,24071000,24071000,None,USD,7562589000,17954000,None,29106000,6532745000,1029844000,0,5854250000,483000,286462000,60536000,338104000,5916881000,205505000,5854250000,86611000,86611000,-14055000,119872000,226327000,6434462000,673786000,0,20822000,99473000,6231000,5854250000,0,0,483000,0,286462000,0,None,357299000,None,59052000,None,99473000,579022000,678495000,None,None,None,756954000,7562589000,205505000,None,48382370,USD,55594000,0,59541000,4793000,-218826000,-192941000,33417000,-1343000,24071000,-105376000,28024000,None,3006000,-7151000,-381000,0,0,3953000,3891000,None,None,-105376000,27.22,22.51
8,2018-06-30,USD,69624000,50904000,9337000,69624000,18720000,15702000,0,0,18720000,0,41469000,None,18720000,2720000,8631000,None,None,None,0,6715000,0,3018000,-10435000,0,15702000,15702000,None,USD,7736903000,18949000,None,30857000,6724335000,1012568000,0,5819406000,482000,273749000,68729000,338972000,5938987000,321450000,5819406000,836200000,836200000,-13886000,124051000,341119000,6484564000,654647000,0,19669000,99428000,7854000,5819406000,0,0,482000,0,273749000,0,None,360426000,None,59283000,None,99428000,805501000,904929000,None,None,None,752223000,7736903000,321450000,None,48283500,USD,-119825000,0,-105788000,200000,311979000,214383000,-83888000,10075000,15702000,135105000,26510000,None,3333000,-7169000,-6539000,0,206000,10808000,5032000,None,None,135105000,29.96,27.22
9,2018-03-31,USD,63250000,56818000,8497000,63250000,6432000,5427000,0,0,6432000,0,37676000,None,6432000,656000,7126000,None,None,None,0,18486000,0,1005000,-20072000,0,5427000,5427000,None,USD,7494899000,19950000,None,22736000,6487439000,1007460000,0,5907336000,481000,268994000,56635000,337519000,1828341000,169782000,5907336000,523884000,523884000,-7495000,124982000,189204000,6405069000,649991000,0,19422000,99359000,11579000,5907336000,0,0,481000,0,268994000,0,None,348474000,None,60136000,None,99359000,480744000,580103000,None,None,None,745480000,7494899000,169782000,None,48105623,USD,82799000,0,84215000,3342000,-27726000,-82163000,-50788000,-837000,5427000,9751000,7699000,None,3156000,-7105000,3456000,77000,453000,2272000,23637000,None,None,9751000,26.75,29.96
10,2017-12-31,USD,47835000,27693000,6816000,47835000,20142000,9956000,0,0,20142000,0,25906000,None,20142000,-206000,14637000,None,None,None,0,1993000,0,10186000,-19101000,0,9956000,9956000,None,USD,5416006000,8885000,None,18541000,4814065000,601941000,0,4342798000,336000,271023000,46389000,150501000,1226371000,129337000,4342798000,66958000,66958000,-7828000,105822000,233872000,4738262000,442555000,90281000,14254000,56519000,12473000,4342798000,0,0,336000,0,271023000,-15967000,None,176742000,None,1922000,None,56519000,414748000,471267000,None,None,None,354377000,5416006000,219618000,None,32596893,USD,-148503000,0,-181589000,6581000,33858000,18509000,-10664000,-13909000,9956000,-145645000,17435000,None,8427000,-4847000,162000,1410000,0,7479000,39667000,None,None,-145645000,26.25,26.75
11,2017-09-30,USD,49250000,30733000,6139000,49250000,18517000,12817000,0,0,18517000,0,27073000,None,18517000,1962000,269000,None,None,None,0,1698000,0,5700000,0,0,12817000,12817000,None,USD,5383912000,9380000,None,19206000,4787660000,596252000,0,4350259000,336000,266053000,46423000,148134000,1179282000,273730000,4350259000,390978000,390978000,-7586000,69591000,354490000,4622667000,438738000,67133000,13627000,56466000,14913000,4350259000,0,0,336000,0,266053000,-16368000,None,149932000,None,29718000,None,56466000,380935000,437401000,None,None,None,353817000,5383912000,340863000,None,32567477,USD,-35047000,0,-34633000,7454000,-18204000,149734000,172659000,16148000,12816000,147598000,32497000,None,0,-4882000,161000,1286000,0,19681000,7040000,None,None,147598000,27.49,26.25
12,2017-06-30,USD,47982000,37133000,5870000,47982000,10849000,7679000,0,0,10849000,0,28014000,None,10849000,5964000,174000,None,None,None,0,3155000,0,3170000,0,0,7679000,7679000,None,USD,5202200000,9887000,None,19318000,4614897000,587303000,0,4176909000,336000,258470000,28774000,148433000,1151046000,128018000,4176909000,409214000,409214000,-7818000,65623000,203208000,4598382000,428983000,62154000,13036000,56623000,15180000,4176909000,0,0,336000,0,258470000,-16981000,None,146863000,None,29804000,None,56623000,381365000,437988000,None,None,None,353296000,5202200000,190172000,None,33528658,USD,-85224000,0,-85622000,632000,25363000,-216000,-21636000,8703000,7680000,-67592000,18246000,None,0,-4770000,827000,1440000,0,10566000,1030000,None,None,-67592000,27.12,27.49
13,2017-03-31,USD,46778000,30961000,5231000,46778000,15817000,12018000,0,0,15817000,0,28990000,None,15817000,524000,4531000,None,None,None,0,1447000,0,3799000,0,0,12018000,12018000,None,USD,5196340000,10400000,None,None,4613660000,582680000,0,4198663000,336000,256045000,31178000,147815000,1115625000,194505000,4198663000,383819000,383819000,-8072000,70806000,253867000,4530575000,424465000,47104000,12258000,56591000,9057000,4198663000,0,0,336000,0,256045000,-17945000,None,149225000,None,33652000,None,56591000,358406000,414997000,None,None,None,352316000,5196340000,241609000,None,32465413,USD,-153441000,-1552000,-153379000,1023000,6794000,15305000,11094000,-5141000,12018000,-126121000,11953000,None,0,-4787000,2204000,1310000,0,-65000,961000,None,None,-126121000,28.175,27.12
14,2016-12-31,USD,41501000,32464000,4660000,41501000,9037000,6052000,0,0,9037000,0,25528000,None,9037000,304000,12918000,None,None,None,0,6632000,0,2985000,-20118000,0,6052000,6052000,None,USD,5167052000,10924000,None,13900000,4595014000,572038000,0,4187750000,336000,238192000,30272000,145064000,979497000,320686000,4187750000,376992000,376992000,-8375000,71385000,344899000,4413488000,416050000,12224000,11989000,56559000,11354000,4187750000,0,0,336000,0,238192000,-22548000,None,142505000,None,38787000,None,56559000,350705000,407264000,None,None,None,364433000,5167052000,332910000,None,32136892,USD,216088000,-20781000,16341000,130330000,369000,-13452000,-9457000,-3844000,6052000,-10210000,-13099000,13833000,7222000,-3827000,-537000,2132000,0,-9464000,48043000,-200000,None,-10210000,30.03,28.175
15,2016-09-30,USD,38943000,25026000,4260000,38943000,13917000,9128000,0,0,13917000,0,23534000,None,13917000,181000,-368000,None,None,None,0,1311000,0,4789000,0,0,9128000,9128000,None,USD,4151017000,3722000,None,None,3733773000,417244000,0,3324681000,336000,236472000,32469000,66537000,728709000,329872000,3324681000,376623000,376623000,-8443000,51243000,341765000,3530124000,346985000,2497000,9396000,56399000,30786000,3324681000,0,0,336000,0,236472000,-120100000,None,118235000,None,39391000,None,56399000,352693000,409092000,None,None,None,308979000,4151017000,332369000,None,25850956,USD,-58710000,4929000,126555000,-1404000,-26152000,89001000,117099000,-708000,9128000,245361000,29805000,None,0,-3308000,1362000,12608000,0,20677000,4580000,None,None,245361000,19.26,30.03
16,2016-06-30,USD,34235000,28646000,3789000,34235000,5589000,3661000,0,0,5589000,0,21196000,None,5589000,261000,-1901000,None,None,None,0,7189000,0,1928000,0,0,3661000,3661000,None,USD,4047493000,3903000,None,None,3638235000,409258000,0,3206262000,336000,230895000,29197000,67102000,786732000,87350000,3206262000,402776000,402776000,-8701000,49392000,110002000,3658868000,338253000,12509000,10143000,22500000,15101000,3206262000,0,0,336000,0,230895000,-121732000,None,121174000,None,37052000,None,22500000,409473000,431973000,None,None,None,308460000,4047493000,99859000,None,25748898,USD,-4821000,-3063000,128804000,-15221000,-80021000,-93751000,-11637000,8500000,3661000,31961000,8140000,None,0,-3284000,1191000,0,0,4479000,84392000,None,None,31961000,18.17,19.26
17,2016-03-31,USD,23372000,16716000,3077000,23372000,6656000,4205000,0,0,6656000,0,15301000,None,6656000,13000,2514000,None,None,None,0,1402000,0,2451000,0,0,4205000,4205000,None,USD,2588447000,310000,None,None,2347371000,241076000,0,1971360000,336000,225093000,17681000,2081000,516456000,50906000,1971360000,358330000,358330000,-8897000,28322000,87027000,2385024000,238685000,30085000,6036000,22500000,12415000,1971360000,0,0,336000,0,231016000,-252382000,None,68897000,None,16786000,None,22500000,353511000,376011000,None,None,None,271003000,2588447000,80991000,None,17000000,USD,-4827000,2206000,11232000,16935000,-64427000,-28878000,37921000,229000,4205000,-9685000,7961000,None,0,-2197000,95000,0,0,3756000,876000,None,None,-9685000,17.68,18.17
18,2015-12-31,USD,24505000,16498000,2760000,24505000,8007000,5229000,0,0,8007000,0,15821000,None,8007000,13000,6639000,None,None,None,0,664000,0,2778000,-3971000,0,5229000,5229000,None,USD,2593068000,256000,None,8557000,2354622000,238446000,0,1916678000,336000,229140000,15187000,1822000,538476000,63924000,1916678000,422757000,422757000,-9286000,28419000,99686000,2377040000,236368000,29902000,5860000,22500000,11524000,1916678000,0,0,336000,0,229140000,-251501000,None,69038000,None,16807000,None,22500000,415444000,437944000,None,None,None,269757000,2593068000,93826000,None,17286557,USD,-44677000,0,-43872000,1620000,84258000,30444000,-51761000,-3356000,5229000,-6630000,6798000,None,3601000,-2197000,144000,2326000,68000,1569000,1045000,None,None,-6630000,20.03,17.68
19,2015-09-30,USD,23427000,16147000,2695000,23427000,7280000,4698000,0,0,7280000,0,15109000,None,7280000,8000,252000,None,None,None,0,1030000,0,2582000,0,0,4698000,4698000,None,USD,2557898000,269000,None,None,2323210000,234688000,0,1967771000,336000,226115000,16940000,1845000,534061000,66546000,1967771000,None,None,-9442000,28721000,102632000,2337472000,232574000,30108000,5978000,27500000,5568000,1967771000,0,0,336000,0,226115000,-251653000,None,68661000,None,18298000,None,27500000,327939000,355439000,None,None,None,269332000,2557898000,96654000,None,17276677,USD,-13759000,None,-11111000,4027000,-63104000,15486000,82718000,None,4698000,10217000,5842000,None,0,-2208000,-1920000,2532000,0,1144000,7130000,None,None,10217000,17.22,20.03
