,fiscalDateEnding,reportedCurrency_x,totalRevenue,totalOperatingExpense,costOfRevenue,grossProfit,ebit,netIncome_x,researchAndDevelopment,effectOfAccountingCharges,incomeBeforeTax,minorityInterest,sellingGeneralAdministrative,otherNonOperatingIncome,operatingIncome,otherOperatingExpense,interestExpense,taxProvision,interestIncome,netInterestIncome,extraordinaryItems,nonRecurring,otherItems,incomeTaxExpense,totalOtherIncomeExpense,discontinuedOperations,netIncomeFromContinuingOperations,netIncomeApplicableToCommonShares,preferredStockAndOtherAdjustments,reportedCurrency_y,totalAssets,intangibleAssets,earningAssets,otherCurrentAssets,totalLiabilities,totalShareholderEquity,deferredLongTermLiabilities,otherCurrentLiabilities,commonStock,retainedEarnings,otherLiabilities,goodwill,otherAssets,cash,totalCurrentLiabilities,shortTermDebt,currentLongTermDebt,otherShareholderEquity,propertyPlantEquipment,totalCurrentAssets,longTermInvestments,netTangibleAssets,shortTermInvestments,netReceivables,longTermDebt,inventory,accountsPayable,totalPermanentEquity,additionalPaidInCapital,commonStockTotalEquity,preferredStockTotalEquity,retainedEarningsTotalEquity,treasuryStock,accumulatedAmortization,otherNonCurrrentAssets,deferredLongTermAssetCharges,totalNonCurrentAssets,capitalLeaseObligations,totalLongTermDebt,otherNonCurrentLiabilities,totalNonCurrentLiabilities,negativeGoodwill,warrants,preferredStockRedeemable,capitalSurplus,liabilitiesAndShareholderEquity,cashAndShortTermInvestments,accumulatedDepreciation,commonStockSharesOutstanding,reportedCurrency,investments,changeInLiabilities,cashflowFromInvestment,otherCashflowFromInvestment,netBorrowings,cashflowFromFinancing,otherCashflowFromFinancing,changeInOperatingActivities,netIncome_y,changeInCash,operatingCashflow,otherOperatingCashflow,depreciation,dividendPayout,stockSaleAndPurchase,changeInInventory,changeInAccountReceivables,changeInNetIncome,capitalExpenditures,changeInReceivables,changeInExchangeRate,changeInCashAndCashEquivalents,clossingVal,nextClossingVal
0,2020-06-30,USD,1569000,19319000,134000,1435000,-34874000,-36568000,8021000,None,-36568000,None,11298000,-16990000,-17884000,None,1694000,None,17000,-1677000,None,None,None,None,-17007000,None,-36568000,-36568000,None,USD,107260000,None,None,2058000,101916000,5344000,32535000,1238000,6000,-441695000,32535000,None,1764000,84294000,13803000,4146000,4146000,None,8934000,90293000,None,5344000,None,2874000,47322000,1067000,8419000,None,None,6000,None,-441695000,None,None,8033000,None,16967000,9494000,47322000,8256000,88113000,None,None,None,447033000,107260000,84294000,None,62953793,USD,-125000,201000,-125000,None,None,51063000,None,1079000,-36568000,36142000,-14796000,328000,1815000,None,51063000,40000,555000,18833000,125000,555000,None,36142000,8.33,
1,2020-03-31,USD,2609000,18404000,819000,1790000,-19879000,-21512000,6098000,None,-21512000,None,12306000,-3265000,-16614000,None,1633000,None,139000,-1494000,None,None,None,None,-3404000,None,-21512000,-21512000,None,USD,72857000,None,None,2465000,83516000,-10659000,15528000,1181000,5000,-405127000,15528000,None,1764000,48152000,11112000,2074000,2074000,None,9473000,55153000,None,-10659000,None,3429000,48286000,1107000,7857000,None,None,5000,None,-405127000,None,None,8231000,None,17704000,9771000,48286000,8590000,72404000,None,None,None,394463000,72857000,48152000,None,53037703,USD,-249000,-2853000,-249000,None,None,12818000,None,-2923000,-21512000,-6285000,-18854000,-306000,1782000,None,12818000,-153000,-881000,5069000,249000,-881000,None,-6285000,4.95,8.33
2,2019-12-31,USD,2256000,22818000,839000,1417000,-24212000,-26017000,10125000,None,-26017000,None,12693000,-2811000,-21401000,None,1805000,None,213000,-1592000,None,None,None,None,-3024000,None,-26017000,-26017000,None,USD,78740000,None,None,2231000,82370000,-3630000,12124000,1126000,5000,-383615000,12124000,None,1764000,54437000,12029000,None,None,None,10151000,60170000,None,-3630000,None,2548000,49312000,954000,10903000,None,None,5000,None,-383615000,None,None,8419000,None,18570000,10031000,49312000,8905000,70341000,None,None,None,379980000,78740000,54437000,None,50333559,USD,-601000,1263000,-601000,None,None,9091000,None,1086000,-26017000,-10977000,-19467000,-85000,1888000,None,9091000,-59000,-1434000,4977000,601000,-1434000,None,-10977000,3.95,4.95
3,2019-09-30,USD,829000,23167000,806000,23000,-17127000,-18778000,10235000,None,-18778000,None,12932000,6017000,-23144000,None,1651000,None,308000,-1343000,None,None,None,None,5709000,None,-18778000,-18778000,None,USD,88710000,None,None,2213000,77409000,11301000,9100000,1073000,5000,-357598000,9100000,None,1764000,65414000,11005000,None,None,None,10474000,69636000,None,11301000,None,1114000,48098000,895000,9932000,None,None,5000,None,-357598000,None,None,8600000,None,19074000,10279000,48098000,9206000,66404000,None,None,None,368894000,88710000,65414000,None,48079615,USD,-419000,670000,-419000,None,None,18612000,None,1759000,-18778000,-1351000,-19544000,17000,1720000,None,18612000,-133000,-499000,-2541000,419000,-499000,None,-1351000,3.04,3.95
4,2019-06-30,USD,650000,21697000,552000,98000,-22826000,-24453000,9414000,None,-24453000,None,12283000,-1227000,-21599000,None,1627000,None,379000,-1248000,None,None,None,None,-1606000,None,-24453000,-24453000,None,USD,89742000,None,None,2294000,81484000,8258000,13068000,1024000,4000,-338820000,13068000,None,6764000,61765000,10127000,None,None,None,10532000,65436000,None,8258000,None,615000,48796000,762000,9103000,None,None,4000,None,-338820000,None,None,13774000,None,24306000,10517000,48796000,9493000,71357000,None,None,None,347074000,89742000,61765000,None,44101583,USD,-493000,1035000,-493000,None,-70000,5338000,None,1044000,-24453000,-14336000,-19181000,165000,1607000,None,5408000,-497000,-339000,3301000,493000,-339000,None,-14336000,4.4,3.04
5,2019-03-31,USD,492000,20022000,128000,364000,-16106000,-17124000,11317000,None,-17124000,None,8705000,3552000,-19658000,None,1018000,None,2534000,-689000,None,None,None,None,3223000,None,-17124000,-17124000,None,USD,101490000,None,None,2380000,75842000,25648000,11462000,675000,4000,-314367000,11462000,None,6614000,76251000,8614000,675000,675000,None,10548000,79172000,None,25648000,None,276000,47857000,265000,7939000,None,None,4000,None,-314367000,None,None,11770000,None,22318000,8584000,47857000,7909000,67228000,None,None,None,340011000,101490000,76251000,None,42836978,USD,-725000,-1130000,-725000,None,37345000,42300000,None,-2804000,-17124000,22189000,-19386000,-726000,998000,None,4955000,-48000,-75000,-1281000,725000,-75000,None,22189000,3.97,4.4
6,2018-12-31,USD,504000,17670000,813000,-309000,-17025000,-17399000,10258000,0,-17399000,0,7412000,258000,-17283000,0,374000,None,None,None,0,0,0,0,-116000,0,-17399000,-17399000,None,USD,73043000,None,None,1713000,37168000,35875000,3221000,None,4000,-297243000,3221000,None,6614000,54062000,9159000,None,None,None,10236000,56193000,None,35875000,None,201000,24788000,217000,9159000,None,None,4000,None,-297243000,None,None,6614000,None,16850000,None,24788000,None,28009000,None,None,None,333114000,73043000,54062000,None,41518091,USD,None,1806000,-479000,None,10489000,16328000,None,957000,-17399000,2201000,-13648000,-642000,714000,None,5839000,-115000,39000,1949000,479000,39000,None,2201000,3.98,3.97
7,2018-09-30,USD,498000,15199000,-115000,613000,-14586000,-15010000,9685000,0,-15010000,0,5514000,230000,-14816000,0,424000,None,None,None,0,0,0,0,-194000,0,-15010000,-15010000,None,USD,70270000,0,None,1071000,24753000,45517000,3274000,138000,4000,-279844000,3274000,0,1614000,56861000,13406000,6094000,6094000,None,10382000,58274000,None,45517000,0,240000,8073000,102000,7312000,0,0,4000,0,-279844000,0,None,1614000,None,11996000,None,8073000,None,11347000,None,None,None,325357000,70270000,56861000,None,40524335,USD,None,1386000,-473000,0,-1543000,11373000,None,1001000,-15010000,27000,-10873000,151000,653000,0,12916000,29000,45000,1873000,473000,45000,None,27000,6.88,3.98
8,2018-06-30,USD,648000,14059000,-153000,801000,-13349000,-13804000,8745000,0,-13804000,0,5314000,215000,-13564000,0,455000,None,None,None,0,0,0,0,-240000,0,-13804000,-13804000,None,USD,70459000,0,None,1222000,24730000,45729000,3283000,368000,4000,-264834000,3283000,0,1614000,56834000,11899000,6082000,6082000,None,10373000,58472000,None,45729000,0,285000,9548000,131000,5817000,0,0,4000,0,-264834000,0,None,1614000,None,11987000,None,9548000,None,12831000,None,None,None,310559000,70459000,56834000,None,38476937,USD,None,-839000,-556000,0,-1542000,6712000,None,72000,-13804000,-6077000,-12233000,34000,653000,0,8254000,8000,-115000,1830000,556000,-115000,None,-6077000,6.75,6.88
9,2018-03-31,USD,340000,13715000,-80000,420000,-13279000,-13765000,8227000,0,-13765000,0,5488000,176000,-13455000,0,486000,None,None,None,0,0,0,0,-310000,0,-13765000,-13765000,None,USD,76685000,0,None,1256000,27501000,49184000,3336000,659000,4000,-251030000,3336000,0,1614000,62911000,13151000,6071000,6071000,None,10595000,64476000,None,49184000,0,170000,11014000,139000,7080000,0,0,4000,0,-251030000,0,None,1614000,None,12209000,None,11014000,None,14350000,None,None,None,300210000,76685000,62911000,None,37280054,USD,None,-1438000,-381000,0,-1029000,34227000,None,-579000,-13765000,21373000,-12473000,197000,663000,0,35256000,-17000,56000,1831000,381000,56000,None,21373000,6.51,6.75
10,2017-12-31,USD,487000,13090000,113000,374000,-12612000,-13102000,7908000,0,-13102000,0,5182000,104000,-12716000,0,490000,None,None,None,0,0,0,0,-3598000,0,-13102000,-13102000,None,USD,55431000,0,None,1453000,29284000,26147000,3387000,4310000,3000,-237265000,3387000,0,1614000,41538000,13426000,5545000,5545000,None,10478000,43339000,None,26147000,0,226000,12471000,122000,7881000,0,0,3000,0,-237265000,0,None,1614000,None,12092000,None,12471000,None,15858000,None,None,None,263409000,55431000,41538000,None,29658202,USD,35200000,388000,-450000,114000,2400000,1206000,-591000,2603000,-13102000,-9627000,-10383000,-462000,627000,0,1206000,5000,24000,2109000,564000,52000,None,-9627000,4.45,6.51
11,2017-09-30,USD,523000,15594000,125000,398000,-15076000,-15567000,8126000,0,-15567000,0,7468000,120000,-15196000,0,491000,None,None,None,0,0,0,0,-16000,0,-15567000,-15567000,None,USD,64399000,0,None,883000,28477000,35922000,3608000,4353000,3000,-224163000,3608000,0,1728000,51165000,10945000,3993000,3993000,None,10218000,52453000,None,35922000,0,278000,13924000,127000,6952000,0,0,3000,0,-224163000,0,None,1728000,None,11946000,None,13924000,None,17532000,None,None,None,260082000,64399000,51165000,None,29388131,USD,3000000,-2132000,969000,5000,-1029000,1529000,-197000,1722000,-15567000,-11884000,-14382000,1095000,581000,0,1726000,-37000,28000,1745000,2036000,-67000,None,-11884000,6.18,4.45
12,2017-06-30,USD,438000,18673000,104000,334000,-18226000,-18694000,8117000,0,-18694000,0,10556000,113000,-18339000,0,468000,None,None,None,0,0,0,0,-4000,0,-18694000,-18694000,None,USD,79675000,0,None,1978000,31650000,48025000,3146000,4379000,3000,-208596000,3146000,0,1728000,63049000,13130000,2444000,17818000,None,9619000,68328000,None,48025000,3000000,211000,15374000,90000,10686000,0,0,3000,0,-208596000,0,None,1728000,None,11347000,None,15374000,None,18520000,None,None,None,256618000,79675000,66049000,None,29055460,USD,22700000,4728000,18702000,0,-1029000,796000,-197000,3044000,-18694000,8367000,-11131000,579000,460000,0,993000,6000,39000,1757000,3998000,33000,None,8367000,9.27,6.18
13,2017-03-31,USD,475000,16032000,115000,360000,-15580000,-16023000,6729000,0,-16023000,0,9303000,92000,-15672000,0,443000,None,None,None,0,0,0,0,-351000,0,-16023000,-16023000,None,USD,90697000,0,None,2557000,26792000,63905000,1315000,4005000,3000,-189902000,1315000,0,1728000,54682000,8656000,897000,897000,-9000,5693000,83276000,None,63905000,25697000,244000,16821000,96000,7759000,0,0,3000,0,-189902000,0,None,1728000,None,7421000,None,16821000,None,18136000,None,None,None,253813000,90697000,80379000,None,28934454,USD,9500000,506000,7846000,0,2400000,28477000,-197000,-1167000,-16023000,21746000,-14577000,-1167000,382000,0,26274000,17000,6000,1702000,1654000,6000,None,21746000,9.28,9.27
14,2016-12-31,USD,511000,12757000,226000,285000,-12404000,-12822000,7328000,0,-12822000,0,5528000,68000,-12472000,0,418000,None,None,None,0,0,0,0,-1357000,0,-12822000,-12822000,None,USD,74939000,0,None,1390000,22931000,52008000,537000,4635000,3000,-173879000,537000,0,1728000,32936000,8300000,1549000,1549000,-5000,3313000,69898000,None,52008000,35209000,250000,14094000,113000,6751000,0,0,3000,0,-173879000,0,None,1728000,None,5041000,None,14094000,None,14631000,None,None,None,225889000,74939000,68145000,None,25024100,USD,-11699000,1662000,-12379000,-1500000,2400000,693000,-130000,2313000,-12822000,-19298000,-7612000,40000,531000,0,823000,13000,-57000,2971000,680000,-7000,None,-19298000,8.37,9.28
15,2016-09-30,USD,477000,9603000,112000,365000,-9170000,-9596000,5686000,0,-9596000,0,3917000,68000,-9238000,0,426000,None,None,None,0,0,0,0,-13000,0,-9596000,-9596000,None,USD,82347000,0,None,708000,20053000,62294000,32000,2791000,2000,-161057000,32000,0,1728000,52234000,8243000,3772000,3772000,5000,3795000,76824000,None,62294000,23513000,243000,11778000,126000,4471000,0,0,2000,0,-161057000,0,None,1728000,None,5523000,None,11778000,None,11810000,None,None,None,223344000,82347000,75747000,None,24879887,USD,12184000,619000,11317000,2000,-130000,78000,None,7000,-9596000,4064000,-7331000,19000,271000,0,78000,23000,50000,1353000,869000,-20000,None,4064000,6.87,8.37
16,2016-06-30,USD,441000,11443000,105000,336000,-11027000,-11445000,6978000,0,-11445000,0,4465000,80000,-11107000,0,418000,None,None,None,0,0,0,0,324000,0,-11445000,-11445000,None,USD,89901000,0,None,715000,19453000,70448000,42000,2342000,2000,-151461000,42000,0,1728000,48170000,6419000,2466000,2466000,10000,3199000,84974000,None,70448000,35717000,223000,12992000,149000,3953000,0,0,2000,0,-151461000,0,None,1728000,None,4927000,None,12992000,None,13034000,None,None,None,221897000,89901000,83887000,None,24821530,USD,13500000,-706000,11757000,-1500000,-195000,3000,-195000,572000,-11445000,1958000,-9802000,560000,292000,0,198000,-22000,30000,1515000,243000,4000,None,1958000,4.95,6.87
17,2016-03-31,USD,458000,10967000,10762000,458000,-10422000,-10840000,7073000,0,-10840000,0,3795000,87000,-10509000,99000,418000,None,None,None,0,0,0,0,-331000,0,-10840000,-10840000,None,USD,100432000,0,None,1287000,20262000,80170000,55000,2779000,2000,-140016000,55000,0,228000,46212000,6003000,1161000,None,None,3107000,97097000,None,80170000,49244000,227000,14204000,127000,4842000,0,0,2000,0,-140016000,0,None,228000,None,3335000,None,14204000,None,14259000,None,None,None,220184000,100432000,95456000,None,24758786,USD,25000000,-387000,24873000,0,None,-189000,-194000,None,-10840000,15428000,-9256000,305000,344000,0,5000,7000,34000,1349000,127000,-34000,None,15428000,9.66,4.95
18,2015-12-31,USD,436000,10711000,10511000,436000,-10229000,-10637000,6886000,0,-10637000,0,3733000,46000,-10275000,92000,408000,None,None,None,0,0,0,0,-1202000,0,-10637000,-10637000,None,USD,110306000,0,None,1592000,20718000,89588000,68000,42000,2000,-129176000,68000,0,228000,30784000,5378000,15272000,15272000,-68000,3095000,106983000,None,89588000,74280000,193000,15272000,134000,5336000,0,0,2000,0,-129176000,0,None,228000,None,3323000,None,15272000,None,15340000,None,None,None,218830000,110306000,105064000,None,24750281,USD,-1673000,352000,-2086000,60000,739000,308000,-222000,166000,-10637000,-10414000,-8636000,267000,350000,0,133000,13000,136000,1023000,473000,-4000,None,-10414000,9.37,9.66
19,2015-09-30,USD,429000,11603000,11409000,429000,-11118000,-11524000,8263000,0,-11524000,0,3249000,56000,-11174000,91000,406000,None,None,None,0,0,0,0,26000,0,-11524000,-11524000,None,USD,119319000,0,None,1919000,20511000,98808000,81000,83000,2000,-118539000,81000,0,228000,41198000,11181000,5883000,None,-16000,3193000,115898000,None,98808000,72445000,189000,9249000,147000,5215000,0,0,2000,0,-118539000,0,None,228000,None,3421000,None,9249000,None,9330000,None,None,None,217361000,119319000,113643000,None,24730061,USD,-27511000,-139000,-27587000,0,None,-201000,-540000,None,-11524000,-37488000,-9700000,429000,380000,0,-3000,-2000,140000,1231000,76000,-25000,None,-37488000,14.06,9.37
