,fiscalDateEnding,reportedCurrency_x,totalRevenue,totalOperatingExpense,costOfRevenue,grossProfit,ebit,netIncome_x,researchAndDevelopment,effectOfAccountingCharges,incomeBeforeTax,minorityInterest,sellingGeneralAdministrative,otherNonOperatingIncome,operatingIncome,otherOperatingExpense,interestExpense,taxProvision,interestIncome,netInterestIncome,extraordinaryItems,nonRecurring,otherItems,incomeTaxExpense,totalOtherIncomeExpense,discontinuedOperations,netIncomeFromContinuingOperations,netIncomeApplicableToCommonShares,preferredStockAndOtherAdjustments,reportedCurrency_y,totalAssets,intangibleAssets,earningAssets,otherCurrentAssets,totalLiabilities,totalShareholderEquity,deferredLongTermLiabilities,otherCurrentLiabilities,commonStock,retainedEarnings,otherLiabilities,goodwill,otherAssets,cash,totalCurrentLiabilities,shortTermDebt,currentLongTermDebt,otherShareholderEquity,propertyPlantEquipment,totalCurrentAssets,longTermInvestments,netTangibleAssets,shortTermInvestments,netReceivables,longTermDebt,inventory,accountsPayable,totalPermanentEquity,additionalPaidInCapital,commonStockTotalEquity,preferredStockTotalEquity,retainedEarningsTotalEquity,treasuryStock,accumulatedAmortization,otherNonCurrrentAssets,deferredLongTermAssetCharges,totalNonCurrentAssets,capitalLeaseObligations,totalLongTermDebt,otherNonCurrentLiabilities,totalNonCurrentLiabilities,negativeGoodwill,warrants,preferredStockRedeemable,capitalSurplus,liabilitiesAndShareholderEquity,cashAndShortTermInvestments,accumulatedDepreciation,commonStockSharesOutstanding,reportedCurrency,investments,changeInLiabilities,cashflowFromInvestment,otherCashflowFromInvestment,netBorrowings,cashflowFromFinancing,otherCashflowFromFinancing,changeInOperatingActivities,netIncome_y,changeInCash,operatingCashflow,otherOperatingCashflow,depreciation,dividendPayout,stockSaleAndPurchase,changeInInventory,changeInAccountReceivables,changeInNetIncome,capitalExpenditures,changeInReceivables,changeInExchangeRate,changeInCashAndCashEquivalents,clossingVal,nextClossingVal
0,2020-03-31,USD,4434000,3246000,None,4434000,2823000,946000,None,None,1188000,None,3246000,1635000,1188000,447000.0,918000,242000,4719000,3801000,None,None,None,242000,None,None,946000,946000,None,USD,502224000,233000,108966000,None,412785000,89439000,None,406363000,65000,78745000,None,2593000,373560000.0,26112000,407785000,None,None,1446000,9489000,114052000,353280000,86613000,86885000,1055000,5000000,None,1422000,None,None,65000,None,78745000,-9000,None,21973000,None,604000,None,None,5000000,5000000,None,None,None,9192000,502224000,112997000,None,6530074,USD,7381000,-527000,7262000,-1000,5000000,-2743000,-6039000,-527000,947000,4491000,-28000,44000,308000,-594000,-1110000,None,20000,-821000,118000,20000,None,4491000,19.03,
1,2020-01-31,USD,None,None,None,None,None,None,None,None,None,None,None,None,None,447000.0,None,None,None,None,None,None,None,242000,None,None,None,945000,None,USD,502224000,823000,None,None,412785000,89439000,None,None,65000,78745000,None,2593000,373560000.0,25968000,None,None,None,1446000,9489000,None,86885000,86613000,86885000,1384000,5000000,None,1422000,None,None,None,None,None,None,None,None,None,None,None,None,None,None,None,None,None,None,None,None,None,None,USD,7262000,0,7262000,-203000,5000000,-2743000,-6039000,-527000,946000,4491000,-28000,None,319000,-594000,-1110000,None,20000,-787000,118000,None,None,None,26.2,19.03
2,2019-12-31,USD,4063000,2954000,None,4063000,1025000,1090000,None,None,1109000,None,2954000,-84000,1109000,286000.0,1084000,19000,4762000,3678000,None,None,None,19000,-101000,None,1090000,1090000,None,USD,503207000,254000,103544000,1421000,414351000,88856000,None,412402000,65000,78392000,None,2593000,380638000.0,21621000,414351000,None,None,192000,9534000,108408000,359329000,86009000,85748000,1039000,None,617000,1949000,None,None,65000,None,78392000,-8000,None,22145000,None,944000,None,None,None,None,None,None,None,10215000,503207000,107369000,None,6530074,USD,5288000,123000,5008000,595000,-14000000,-19879000,-5256000,123000,1090000,-13010000,1861000,50000,282000,-492000,-131000,None,116000,200000,875000,116000,None,-13010000,26.01,26.2
3,2019-10-31,USD,None,None,None,None,None,None,None,None,None,None,None,None,None,286000.0,None,None,None,None,None,None,None,19000,None,None,None,1089000,None,USD,503207000,1035000,None,None,414351000,88856000,None,None,65000,78392000,None,2593000,380638000.0,21549000,None,None,None,192000,9534000,None,85748000,86009000,85748000,1421000,None,None,1949000,None,None,None,None,None,None,None,None,None,None,None,None,None,None,None,None,None,None,None,None,None,None,USD,5008000,0,5008000,595000,-14000000,-19879000,-5256000,123000,1090000,-13010000,1861000,None,313000,-492000,-131000,None,116000,219000,875000,None,None,None,22.47,26.01
4,2019-09-30,USD,4130000,2901000,None,4130000,1711000,934000,None,None,1229000,None,2901000,482000,1229000,328000.0,1187000,295000,4818000,3631000,None,None,None,295000,-46000,None,934000,934000,None,USD,521829000,279000,121079000,1432000,433484000,88345000,None,417658000,65000,77823000,None,2593000,381960000.0,34631000,419484000,None,None,211000,8805000,126316000,359941000,85473000,90608000,1077000,14000000,706000,1826000,None,None,65000,None,77823000,-8000,None,22855000,None,1040000,None,None,14000000,14000000,None,None,None,10254000,521829000,125239000,None,6530074,USD,4456000,403000,3941000,290000,-5000000,-7819000,-1448000,403000,934000,-2059000,1819000,-27000,292000,-575000,-796000,None,153000,65000,805000,153000,None,-2059000,22.78,22.47
5,2019-07-31,USD,None,None,None,None,None,None,None,None,None,None,None,None,None,328000.0,None,None,None,None,None,None,None,295000,None,None,None,933000,None,USD,521829000,1094000,None,None,433484000,88345000,None,None,65000,77823000,None,2593000,381960000.0,34559000,None,None,None,211000,8805000,None,90608000,85473000,90608000,1432000,14000000,None,1826000,None,None,None,None,None,None,None,None,None,None,None,None,None,None,None,None,None,None,None,None,None,None,USD,3941000,0,3941000,213000,-5000000,-7819000,-1448000,403000,934000,-2059000,1819000,None,300000,-575000,-796000,None,153000,29000,805000,None,None,None,23.5,22.78
6,2019-06-30,USD,4152000,2945000,0,4230000,0,979000,0,0,1204000,0,2055000,0,1163000,385000.0,1111000,225000,4939000,3828000,0,0,0,225000,-81000,0,979000,980000,0,USD,527826000,1173000,126441000,1584000,439529000,88297000,0,0,65000,77464000,0,2593000,381412000.0,36624000,439529000,0,0,-210000,8134000,133256000,95429000,85399000,95429000,1584000,19000000,811000,1423000,0,0,0,0,0,-8000,0,0,0,0,0,0,0,0,0,0,0,10986000,0,0,0,6000000,USD,5875000,0,5875000,7000,-5000000,14547000,15101000,-205000,979000,21395000,973000,0,269000,-575000,-159000,0,-141000,71000,666000,-141000,0,0,22.95,23.5
7,2019-04-30,USD,None,None,None,None,None,None,None,None,None,None,None,None,None,385000.0,None,None,None,None,None,None,None,225000,None,None,None,980000,None,USD,527826000,1173000,None,None,439529000,88297000,None,None,65000,77464000,None,2593000,381412000.0,36624000,None,None,None,-210000,8134000,None,95429000,85399000,95429000,1584000,19000000,None,1423000,None,None,None,None,None,None,None,None,None,None,None,None,None,None,None,None,None,None,None,None,None,None,USD,5875000,0,5875000,7000,-5000000,14547000,15101000,-205000,979000,21395000,973000,None,269000,-575000,-159000,None,-141000,71000,666000,None,None,None,26.22,22.95
8,2019-03-31,USD,4214000,3060000,0,4214000,2604000,952000,0,0,1154000,0,3060000,1450000,1154000,308000.0,1015000,202000,4786000,3771000,0,0,0,202000,-63000,0,952000,952000,0,USD,511521000,331000,112505000,1586000,424633000,86888000,0,404005000,65000,77305000,0,2593000,1598000.0,15295000,405633000,0,0,-1370000,7596000,116935000,359562000,83964000,100519000,1121000,19000000,779000,1628000,0,0,65000,0,77305000,-8000,0,22906000,0,1598000,0,0,19000000,19000000,0,0,0,10896000,511521000,115814000,0,6514522,USD,6698000,20000,7335000,702000,-13500000,-4833000,10056000,20000,910000,4111000,1609000,-101000,220000,-576000,-813000,0,82000,478000,65000,82000,0,4111000,26.01,26.22
9,2018-12-31,USD,4218000,3051000,0,4218000,2689000,947000,0,0,1167000,0,3051000,1522000,1167000,245000.0,0,221000,4699000,3882000,0,0,0,220000,-42000,0,947000,947000,0,USD,514048000,358000,116575000,1804000,428057000,85991000,0,393949000,65000,76862000,0,2593000,379112000.0,11184000,395557000,0,0,-2554000,7657000,121748000,356357000,83040000,109500000,1064000,0,823000,1608000,0,0,65000,0,76862000,-7000,0,23453000,0,1882000,0,0,32500000,32500000,0,0,0,11625000,514048000,120684000,0,6495066,USD,-11514000,825000,-12290000,-653000,15500000,14449000,-471000,825000,947000,4127000,1968000,-103000,258000,-486000,-94000,0,0,87000,123000,-46000,0,4127000,24.9,26.01
10,2018-09-30,USD,4107000,2997000,0,4107000,445000,884000,0,0,1110000,0,2997000,-665000,1110000,250000.0,0,None,None,None,0,0,0,226000,-46000,0,884000,884000,0,USD,496480000,387000,None,1662000,412203000,84277000,0,394420000,65000,76442000,0,2593000,363819000.0,7057000,395203000,0,0,-3805000,7658000,119586000,341421000,81297000,111479000,1050000,0,775000,783000,0,0,65000,0,76442000,-7000,0,22682000,0,2153000,0,0,17000000,17000000,0,0,0,11582000,496480000,118536000,0,6495066,USD,-11314000,-223000,-12055000,216000,2500000,8234000,6832000,-223000,884000,-2853000,968000,-71000,242000,-577000,-521000,0,0,100000,957000,36000,0,-2853000,26.52,24.9
11,2018-06-30,USD,4142000,2995000,0,4142000,835000,929000,0,0,1147000,0,2995000,-312000,1147000,323301.35,0,None,None,None,0,0,0,218000,-13142.33,0,929000,929000,0,USD,487959000,417000,None,2071231.44,403094000,84865000,0,387588000,65000,76136000,0,2593000,459105007.23,9910000,388594000,0,0,-3329000,6817000,126017000,327276000,81855000,115146000,961000,0,1411486.40,1006000,0,0,65000,0,76136000,-7000,0,22857000,0,1982000,0,0,14500000,14500000,0,0,0,12000000,487959000,125056000,0,6488975,USD,-5042000,192000,-5072000,128000,1500000,4436000,3513000,252332.76,928000,996000,1632000,-235000,292000,-577000,0,0,0,552000,158000,-97000,0,996000,28.94,26.52
12,2018-03-31,USD,4133000,2949000,500000,4133000,-807000,1308000,0,0,1184000,0,2949000,-1991000,1184000,176000.0,-317000,None,None,None,0,0,0,-124000,-64000,0,1308000,1308000,None,USD,482471000,448000,None,1711000,397889000,84582000,0,384075000,65000,75785000,814000,2593000,340986000.0,8914000,384889000,13000000,13000000,-3145000,7630000,128966000,319166000,81541000,119090000,962000,13000000,850000,814000,0,0,65000,0,75785000,-7000,None,21555000,None,2113000,None,None,13000000,13000000,None,None,None,11884000,482471000,128004000,None,6463039,USD,-1608000,-648000,-1439000,297000,-9814000,2341000,12777000,-648000,1309000,2132000,1230000,-203000,444000,-571000,-51000,95000,0,255000,128000,73000,None,2132000,28.81,28.94
13,2017-12-31,USD,4140000,3014000,424000,4140000,403000,-59000,0,0,1126000,0,3014000,-723000,1126000,18000.0,323000,None,None,None,0,0,0,1185000,-12000,0,-59000,-59000,None,USD,480881000,478000,None,1876000,395574000,85307000,0,374112000,65000,74860000,1462000,2593000,150187000.0,6782000,375574000,22814000,22814000,-1430000,7611000,129955000,316917000,82236000,122183000,990000,20000000,1120000,1462000,0,0,65000,0,74860000,-7000,None,21649000,None,1678000,None,None,20000000,20000000,None,None,None,11819000,480881000,128965000,None,6463039,USD,-6845000,713000,-7311000,-186000,12814000,5777000,-6380000,713000,-59000,360000,1894000,-54000,465000,-488000,-169000,0,0,824000,280000,5000,None,360000,28.7,28.81
14,2017-09-30,USD,4082000,2799000,419000,4082000,1419000,857000,0,0,1283000,0,2799000,136000,1283000,263000.0,0,None,None,None,0,0,0,426000,0,0,857000,857000,None,USD,474696000,520000,None,1505000,388427000,86269000,0,377678000,65000,75451000,749000,2593000,148948000.0,6422000,378427000,10000000,10000000,-1074000,7474000,128105000,312385000,83156000,120711000,972000,10000000,894000,749000,0,0,65000,0,75451000,-7000,None,21276000,None,2343000,None,None,10000000,10000000,None,None,None,11834000,474696000,127133000,None,6463039,USD,-7851000,-102000,-8336000,-382000,10000000,-7610000,-16827000,-102000,857000,-14323000,1623000,-68000,306000,-575000,-208000,255000,0,438000,103000,192000,None,-14323000,28.04,28.7
15,2017-06-30,USD,4283000,3019000,362000,4283000,1835000,1546000,0,0,1264000,0,3019000,571000,1264000,376000.0,1324000,None,None,None,0,0,0,-282000,-296000,0,1546000,1546000,None,USD,481317000,568000,None,1757000,395356000,85961000,0,394505000,65000,75169000,851000,2593000,146346000.0,20745000,395356000,None,None,-1206000,7439000,140023000,307355000,82800000,118334000,944000,0,1110000,851000,0,0,65000,0,75169000,-7000,None,20969000,None,2370000,None,None,None,None,None,None,None,11940000,481317000,139079000,None,6463039,USD,-4357000,-126000,-3648000,752000,14500000,-1254000,-397000,246000,1549000,-4294000,608000,-99000,-115000,-581000,-276000,0,0,-154000,43000,-447000,None,-4294000,27.5,28.04
16,2017-03-31,USD,4630000,2715000,434000,4630000,2373000,1388000,0,0,1915000,0,2715000,458000,1915000,634000.0,0,None,None,None,0,0,0,527000,0,0,1388000,1388000,None,USD,480635000,616000,None,None,395879000,84756000,0,394902000,65000,74201000,977000,2593000,143022000.0,25039000,395879000,None,None,-1623000,7453000,141511000,305629000,81547000,115576000,896000,0,1037000,977000,0,0,65000,0,74201000,-7000,None,20582000,None,2251000,None,None,None,None,None,None,None,12120000,480635000,140615000,None,6463039,USD,1394000,-781000,1384000,71000,10000000,-2520000,-1511000,None,1385000,-639000,497000,-616000,196000,-577000,-432000,0,0,217000,81000,96000,None,-639000,24.56,27.5
17,2016-12-31,USD,4391000,2455000,346000,4391000,-1588000,1318000,0,0,1936000,0,2455000,-3524000,1936000,-301000.0,0,None,None,None,0,0,0,618000,0,0,1318000,1318000,None,USD,482078000,664000,None,None,398171000,83907000,0,396413000,65000,73393000,1758000,2593000,148442000.0,25678000,398171000,None,None,-1967000,7417000,147269000,301098000,80650000,120654000,937000,0,752000,1758000,0,0,65000,0,73393000,-7000,None,20452000,None,2585000,None,None,None,None,None,None,None,12423000,482078000,146332000,None,6463039,USD,2270000,1155000,2328000,63000,10000000,-2571000,-2014000,None,1318000,2826000,3069000,-476000,526000,-480000,-77000,164000,0,480000,5000,66000,None,2826000,23.5,24.56
18,2016-09-30,USD,4449000,2561000,385000,4449000,1369000,1273000,0,0,1888000,0,2561000,-519000,1888000,65000.0,0,None,None,None,0,0,0,615000,0,0,1273000,1273000,None,USD,484212000,714000,None,None,399030000,85182000,0,398427000,65000,72599000,603000,2593000,159097000.0,22852000,399030000,None,None,228000,7423000,156689000,295395000,81875000,132874000,963000,0,986000,603000,0,0,65000,0,72599000,-7000,None,20171000,None,1227000,None,None,None,None,None,None,None,12297000,484212000,155726000,None,5794309,USD,-4898000,-2000,-4288000,676000,None,-2491000,-1207000,None,1273000,-4824000,1955000,-146000,338000,-583000,-701000,0,0,98000,66000,394000,None,-4824000,23.06,23.5
19,2016-06-30,USD,4745000,2847000,332000,4745000,3047000,1462000,0,0,1898000,0,2847000,1149000,1898000,1262000.0,1189000,None,None,None,0,0,0,436000,-507000,0,1462000,1462000,None,USD,485640000,744000,None,1637000,400239000,85401000,0,399634000,65000,71909000,605000,2593000,158529000.0,27676000,400239000,None,None,551000,8165000,160776000,291762000,82064000,132084000,1016000,0,1483000,605000,0,0,65000,0,71909000,-6000,None,20472000,None,1128000,None,None,None,None,None,None,None,12882000,485640000,159760000,None,5837908,USD,-2665000,-533000,-2640000,8000,14500000,1072000,2323000,144000,1465000,47000,1615000,-342000,268000,-580000,-671000,22000,0,650000,17000,107000,None,47000,19.57,23.06
