,fiscalDateEnding,reportedCurrency_x,totalRevenue,totalOperatingExpense,costOfRevenue,grossProfit,ebit,netIncome_x,researchAndDevelopment,effectOfAccountingCharges,incomeBeforeTax,minorityInterest,sellingGeneralAdministrative,otherNonOperatingIncome,operatingIncome,otherOperatingExpense,interestExpense,taxProvision,interestIncome,netInterestIncome,extraordinaryItems,nonRecurring,otherItems,incomeTaxExpense,totalOtherIncomeExpense,discontinuedOperations,netIncomeFromContinuingOperations,netIncomeApplicableToCommonShares,preferredStockAndOtherAdjustments,reportedCurrency_y,totalAssets,intangibleAssets,earningAssets,otherCurrentAssets,totalLiabilities,totalShareholderEquity,deferredLongTermLiabilities,otherCurrentLiabilities,commonStock,retainedEarnings,otherLiabilities,goodwill,otherAssets,cash,totalCurrentLiabilities,shortTermDebt,currentLongTermDebt,otherShareholderEquity,propertyPlantEquipment,totalCurrentAssets,longTermInvestments,netTangibleAssets,shortTermInvestments,netReceivables,longTermDebt,inventory,accountsPayable,totalPermanentEquity,additionalPaidInCapital,commonStockTotalEquity,preferredStockTotalEquity,retainedEarningsTotalEquity,treasuryStock,accumulatedAmortization,otherNonCurrrentAssets,deferredLongTermAssetCharges,totalNonCurrentAssets,capitalLeaseObligations,totalLongTermDebt,otherNonCurrentLiabilities,totalNonCurrentLiabilities,negativeGoodwill,warrants,preferredStockRedeemable,capitalSurplus,liabilitiesAndShareholderEquity,cashAndShortTermInvestments,accumulatedDepreciation,commonStockSharesOutstanding,reportedCurrency,investments,changeInLiabilities,cashflowFromInvestment,otherCashflowFromInvestment,netBorrowings,cashflowFromFinancing,otherCashflowFromFinancing,changeInOperatingActivities,netIncome_y,changeInCash,operatingCashflow,otherOperatingCashflow,depreciation,dividendPayout,stockSaleAndPurchase,changeInInventory,changeInAccountReceivables,changeInNetIncome,capitalExpenditures,changeInReceivables,changeInExchangeRate,changeInCashAndCashEquivalents,clossingVal,nextClossingVal
0,2020-06-30,USD,9017000,None,None,None,None,7658000,None,None,7658000,None,1359000,None,None,None,4931000,None,10691000,5760000,None,None,None,None,None,None,7658000,7658000,None,USD,475442000,None,None,None,340045000,135397000,None,None,134000,-52174000,309000,None,207025000,31781000,None,None,None,None,None,None,435762000,135397000,None,None,None,None,4080000,None,None,None,None,None,None,None,None,None,None,None,None,None,None,None,None,None,None,None,None,None,None,USD,None,-1014000,None,None,-6300000,None,-2244000,245000,7658000,29611000,38155000,None,49000,-2244000,0,None,None,29811000,0,None,None,None,4.52,
1,2020-03-31,USD,-31086000,1074000,7383000,5487000,None,-32160000,None,None,-32160000,None,1515000,None,3823000,None,4922000,None,12277000,7355000,None,None,None,None,None,None,-32160000,-32160000,None,USD,476853000,None,None,None,346870000,129983000,None,None,134000,-57538000,305000,None,205010000,2170000,None,None,None,None,None,None,465653000,129983000,None,4719000,338408000,None,4178000,None,None,None,None,None,None,None,None,None,None,None,338408000,None,None,None,None,None,187387000,None,2170000,None,13000000,USD,None,-8279000,None,None,-14510000,-18994000,None,-1859000,-32160000,-11277000,7717000,None,49000,-4484000,0,None,None,50755000,0,None,None,None,4.07,4.52
2,2019-12-31,USD,1955000,1249000,7612000,5806000,8822000,706000,None,None,706000,None,1249000,None,4557000,None,4265000,None,12922000,8657000,None,None,None,None,-8116000,None,706000,706000,None,USD,538188000,1314000,None,None,371561000,166627000,399000,None,134000,-20812000,587000,1077000,116164000,13447000,18496000,None,None,None,None,18467000,516931000,164236000,None,3349000,352478000,None,13769000,None,None,None,None,None,None,None,None,None,None,None,352478000,None,None,None,None,None,187305000,None,13447000,None,13000000,USD,None,5189000,None,None,16245000,76911000,-3000,2192000,706000,5473000,-6287000,None,49000,-4485000,None,None,-51000,-14762000,0,None,None,None,11.17,4.07
3,2019-09-30,USD,2925000,1163000,7842000,6016000,9317000,1762000,None,None,1762000,None,1163000,None,4853000,None,4464000,None,13561000,9097000,None,None,None,None,-7555000,None,1762000,1762000,None,USD,518287000,None,None,None,347881000,170406000,None,None,134000,-17618000,417000,None,252471000,7974000,11508000,None,None,None,None,16126000,502161000,170406000,None,3298000,335956000,None,7120000,None,None,None,None,None,None,None,None,None,None,None,335956000,None,None,None,None,None,187890000,None,7974000,None,13000000,USD,None,-37205000,None,None,54225000,65151000,-221000,-783000,1762000,-1430000,-50946000,None,48000,-4488000,0,None,2438000,-17571000,0,None,None,None,11.61,11.17
4,2019-06-30,USD,4448000,1095000,6945000,5955000,8505000,3353000,None,None,3353000,None,1095000,None,4860000,None,3645000,None,12634000,8989000,None,None,None,None,-5152000,None,3353000,3353000,None,USD,504871000,None,None,None,331739000,173132000,None,None,134000,-14816000,531000,None,237995000,9404000,49698000,None,None,None,None,20153000,484718000,173132000,None,5736000,281510000,None,44957000,None,None,None,None,None,None,None,None,None,None,None,281510000,None,None,None,None,None,187814000,None,9404000,None,13000000,USD,None,38129000,None,None,2500000,15635000,-1636000,4436000,3353000,-5752000,-2136000,None,49000,-4480000,0,None,-1949000,-46454000,0,None,None,None,12.0,11.61
5,2019-03-31,USD,12345000,1056000,6461000,5884000,8283000,3732000,None,None,3732000,None,1056000,None,4828000,None,3455000,None,-1096000,8155000,None,None,None,None,-4551000,None,3732000,3732000,None,USD,460202000,None,None,None,285944000,174258000,None,None,134000,-13480000,219000,None,232567000,15156000,6934000,35750000,35750000,None,None,22535000,437667000,174258000,None,3787000,278791000,None,2505000,None,None,None,None,None,None,None,None,None,None,None,278791000,None,None,None,None,None,187604000,None,15156000,None,13000000,USD,None,0,None,None,23750000,19251000,-1636000,-4543000,3732000,-23016000,-42267000,None,49000,-4496000,-3000,None,-1000000,-40782000,0,None,None,None,11.75,12.0
6,2018-12-31,USD,12571000,4214000,6153000,12571000,8357000,-4095000,0,0,-4095000,0,4214000,None,8357000,0,-3036000,None,None,None,0,0,0,0,-12452000,0,-4095000,-4095000,None,USD,441421000,1509000,None,None,266398000,175023000,180000,None,134000,-12651000,293000,1077000,212509000,38172000,11279000,12000000,12000000,None,None,41858000,184468000,172437000,None,2787000,254826000,None,4151000,None,None,None,None,None,None,None,None,None,None,None,254826000,None,None,None,None,None,187540000,None,38172000,None,13000000,USD,None,0,None,None,42199000,37290000,-419000,6789000,-4095000,32129000,-5161000,None,49000,-4490000,None,None,-150000,-8003000,0,None,None,None,10.6,11.75
7,2018-09-30,USD,10982000,3899000,3851000,10982000,7083000,5179000,0,0,5179000,0,3899000,None,7083000,0,-2393000,None,None,None,0,0,0,0,-1904000,0,5179000,5179000,None,USD,408538000,None,None,None,224940000,183598000,None,1662000,134000,-4382000,336000,None,248673000,6043000,11787000,None,None,None,None,12505000,147360000,183598000,None,2637000,212817000,None,6777000,None,None,None,None,None,None,None,None,None,None,None,None,None,None,None,None,None,None,None,None,None,13000000,USD,None,0,None,None,9000000,4439000,-51000,-577000,5179000,-16622000,-21061000,None,48000,-4510000,None,None,282000,-26193000,0,None,None,None,11.9,10.6
8,2018-06-30,USD,10278000,3551000,3502000,10278000,6727000,4995000,0,0,4995000,0,3551000,None,6727000,0,-2169000,None,None,None,0,0,0,0,-1732000,0,4995000,4995000,None,USD,392673000,None,None,None,209744000,182929000,None,2704000,134000,-4754000,170000,None,264264000,22665000,5865000,203709000,203709000,None,None,29841000,98568000,182929000,None,2919000,203709000,None,3161000,None,None,None,None,None,None,None,None,None,None,None,None,None,None,None,None,None,None,None,None,None,13000000,USD,None,0,None,None,15297000,10778000,-51000,2327000,4995000,-9261000,-20039000,None,49000,-4519000,None,None,-4000,-27594000,0,None,None,None,11.46,11.9
9,2018-03-31,USD,9003000,3553000,3504000,9003000,5450000,3493000,0,0,3493000,0,3553000,None,5450000,0,-1634000,None,None,None,0,0,0,0,-1957000,0,3493000,3493000,None,USD,374701000,None,None,None,192248000,182453000,None,1008000,133000,-5192000,150000,None,255785000,31926000,3832000,188266000,188266000,-12465000,None,39237000,79679000,182453000,None,2915000,188266000,None,2824000,None,None,None,None,None,None,None,None,None,None,None,None,None,None,None,None,None,None,None,None,None,13000000,USD,None,0,None,None,23350000,13801000,-173000,-688000,3493000,-41026000,-54827000,None,49000,-4490000,None,None,-181000,-57644000,0,None,None,None,11.22,11.46
10,2017-12-31,USD,8292000,8519000,2841000,24304000,15785000,4150000,0,0,4150000,0,8519000,None,5403000,0,1584000,None,None,None,0,0,0,0,-9050000,0,6735000,4150000,None,USD,357778000,2782000,None,None,169442000,188336000,297000,2029000,133000,805000,127000,1077000,282092000,72952000,4492000,17600000,17600000,-8599000,None,77497000,93835000,185554000,None,2734000,147223000,None,2463000,None,None,None,None,None,None,None,None,None,None,None,None,None,None,None,None,None,None,None,None,None,12000000,USD,None,0,None,None,8100000,44620000,-203000,-28000,4150000,55293000,10673000,None,195000,-16700000,53351000,None,-964000,3007000,0,None,None,None,11.9,11.22
11,2017-09-30,USD,9122000,3217000,3168000,68953000,69377000,1175000,0,0,1175000,0,33964000,None,5905000,0,1503000,None,None,None,0,0,0,0,17127000,0,52116000,1175000,None,USD,356509000,2830000,None,None,167853000,188656000,240000,763000,133000,-755000,80000,1077000,300859000,53868000,3545000,164228000,164228000,-7697000,None,56809000,86906000,185826000,None,1782000,164228000,None,2782000,None,None,None,None,None,None,None,None,None,None,None,None,None,None,None,None,None,None,None,None,None,13000000,USD,None,0,None,None,11100000,48691000,-101000,-122000,1175000,6948000,465000,None,49000,-12231000,-25000,None,-532000,-247000,0,None,None,None,13.17,11.9
12,2017-06-30,USD,7978000,0,2274000,-66478000,-69725000,-55807000,0,0,-55807000,0,-34054000,None,5655000,0,1339000,None,None,None,0,0,0,0,-23383000,0,-55807000,-55807000,None,USD,348960000,2879000,None,None,156964000,191996000,186000,2018000,133000,4072000,60000,1077000,300790000,46920000,3871000,153033000,153033000,-2816000,None,48987000,296908000,191996000,None,1250000,153033000,None,1853000,None,None,None,None,None,None,None,None,None,None,None,None,None,None,None,None,None,None,None,None,None,13000000,USD,None,296000,None,None,-2000000,42208000,10000,-472000,-2281000,2833000,-44142000,None,-149000,-7740000,53458000,None,520000,-41499000,0,None,None,None,14.31,13.17
13,2017-03-31,USD,8034000,0,3258000,6647000,6253000,4866000,0,0,4866000,0,3307000,None,4727000,0,1387000,None,None,None,0,0,0,0,1526000,0,4866000,4866000,None,USD,307429000,2928000,None,None,162042000,145387000,None,1066000,97000,10931000,134000,1077000,262278000,44087000,None,None,None,4145000,None,None,258311000,145387000,None,1064000,154938000,None,5904000,None,None,None,None,None,None,None,None,None,None,None,None,None,None,None,None,None,None,None,None,None,10000000,USD,None,-934000,None,None,-1500000,-4767000,None,109000,4866000,26428000,31195000,None,-162000,-3257000,-10000,None,706000,26448000,0,None,None,None,14.19,14.31
14,2016-12-31,USD,8209000,11647000,3058000,25055000,17143000,4823000,0,0,4823000,0,8905000,None,5102000,0,1366000,None,None,None,0,0,0,0,-3306000,0,12844000,4823000,None,USD,305030000,2977000,None,None,161252000,143778000,256000,2076000,97000,9381000,279000,1077000,285601000,17659000,4630000,156343000,156343000,2650000,None,20170000,47508000,140801000,None,1770000,156343000,None,2554000,None,None,None,None,None,None,None,None,None,None,None,None,None,None,None,None,None,None,None,None,None,10000000,USD,None,0,None,None,9500000,-3739000,-177000,-62000,4823000,-15055000,-11316000,None,195000,-13062000,53351000,None,-937000,-24830000,0,None,None,None,13.76,14.19
15,2016-09-30,USD,7359000,0,2694000,-336000,-3342000,2388000,0,0,2388000,0,-176000,None,4617000,0,1320000,None,None,None,0,0,0,0,-3194000,0,-3354000,2388000,None,USD,292222000,3026000,None,None,150012000,142210000,None,814000,97000,7591000,148000,1077000,263177000,27989000,None,None,None,2361000,None,None,259169000,142210000,None,1056000,146747000,None,2303000,None,None,None,None,None,None,None,None,None,None,None,None,None,None,None,None,None,None,None,None,None,10000000,USD,None,-1210000,None,None,9323000,-3258000,None,-250000,2388000,-16599000,5082000,None,-194000,-9807000,-10000,None,-937000,-14269000,0,None,None,None,13.03,13.76
16,2016-06-30,USD,7683000,0,2869000,6375000,5646000,4338000,0,0,4338000,0,2918000,None,4765000,0,1308000,None,None,None,0,0,0,0,881000,0,4338000,4338000,None,USD,298377000,3075000,None,None,155297000,143080000,None,2030000,97000,8461000,825000,1077000,252933000,44588000,None,None,None,3301000,None,None,248831000,143080000,None,856000,146651000,None,5791000,None,None,None,None,None,None,None,None,None,None,None,None,None,None,None,None,None,None,None,None,None,10000000,USD,None,1147000,None,None,9323000,-3269000,None,-91000,4338000,2358000,18423000,None,-286000,-6549000,-10000,None,50000,183000,0,None,None,None,12.85,13.03
17,2016-03-31,USD,7843000,0,2831000,0,0,2279000,0,0,2279000,0,0,None,4963000,0,1308000,None,None,None,0,0,0,0,0,0,0,2279000,None,USD,292685000,3123000,None,None,150674000,142011000,None,868000,97000,7436000,835000,1077000,249616000,42230000,None,None,None,None,None,None,None,None,None,None,146556000,None,2415000,None,None,None,None,None,None,None,None,None,None,None,None,None,None,None,None,None,None,None,None,None,10000000,USD,None,None,None,None,None,None,None,None,2279000,None,12796000,None,None,-3280000,None,None,None,None,0,None,None,None,12.95,12.85
18,2015-12-31,USD,8873000,11894000,3231000,32264000,20370000,6176000,0,0,6176000,0,11894000,None,5593000,0,1313000,None,None,None,0,0,0,0,-2139000,0,18231000,6176000,None,USD,298096000,3172000,None,None,155084000,143012000,185000,1981000,97000,8469000,497000,1077000,264593000,32714000,4707000,146460000,146460000,3857000,None,34023000,32807000,139840000,None,789000,149880000,None,2726000,None,None,None,None,None,None,None,None,None,None,None,None,None,None,None,None,None,None,None,None,None,10000000,USD,None,1457000,None,None,-50027000,-63471000,-754000,1404000,6176000,20267000,83738000,None,195000,-12690000,-4000,None,-113000,61904000,0,None,None,None,11.48,12.95
19,2015-09-30,USD,7688000,0,2825000,0,0,1421000,0,0,1421000,0,0,None,4815000,0,1185000,None,None,None,0,0,0,0,0,0,0,1421000,None,USD,296454000,3221000,None,None,156335000,140119000,None,781000,97000,None,395000,1077000,254344000,41508000,None,None,None,None,None,None,None,None,None,None,149880000,None,5279000,None,None,None,None,None,None,None,None,None,None,None,None,None,None,None,None,None,None,None,None,None,10000000,USD,None,None,None,None,None,None,None,None,1421000,None,89047000,None,None,-9407000,None,None,66000,None,0,None,None,None,10.24,11.48
