,fiscalDateEnding,reportedCurrency_x,totalRevenue,totalOperatingExpense,costOfRevenue,grossProfit,ebit,netIncome_x,researchAndDevelopment,effectOfAccountingCharges,incomeBeforeTax,minorityInterest,sellingGeneralAdministrative,otherNonOperatingIncome,operatingIncome,otherOperatingExpense,interestExpense,taxProvision,interestIncome,netInterestIncome,extraordinaryItems,nonRecurring,otherItems,incomeTaxExpense,totalOtherIncomeExpense,discontinuedOperations,netIncomeFromContinuingOperations,netIncomeApplicableToCommonShares,preferredStockAndOtherAdjustments,reportedCurrency_y,totalAssets,intangibleAssets,earningAssets,otherCurrentAssets,totalLiabilities,totalShareholderEquity,deferredLongTermLiabilities,otherCurrentLiabilities,commonStock,retainedEarnings,otherLiabilities,goodwill,otherAssets,cash,totalCurrentLiabilities,shortTermDebt,currentLongTermDebt,otherShareholderEquity,propertyPlantEquipment,totalCurrentAssets,longTermInvestments,netTangibleAssets,shortTermInvestments,netReceivables,longTermDebt,inventory,accountsPayable,totalPermanentEquity,additionalPaidInCapital,commonStockTotalEquity,preferredStockTotalEquity,retainedEarningsTotalEquity,treasuryStock,accumulatedAmortization,otherNonCurrrentAssets,deferredLongTermAssetCharges,totalNonCurrentAssets,capitalLeaseObligations,totalLongTermDebt,otherNonCurrentLiabilities,totalNonCurrentLiabilities,negativeGoodwill,warrants,preferredStockRedeemable,capitalSurplus,liabilitiesAndShareholderEquity,cashAndShortTermInvestments,accumulatedDepreciation,commonStockSharesOutstanding,reportedCurrency,investments,changeInLiabilities,cashflowFromInvestment,otherCashflowFromInvestment,netBorrowings,cashflowFromFinancing,otherCashflowFromFinancing,changeInOperatingActivities,netIncome_y,changeInCash,operatingCashflow,otherOperatingCashflow,depreciation,dividendPayout,stockSaleAndPurchase,changeInInventory,changeInAccountReceivables,changeInNetIncome,capitalExpenditures,changeInReceivables,changeInExchangeRate,changeInCashAndCashEquivalents,clossingVal,nextClossingVal
0,2020-06-30,USD,57968000,59153000,12643000,45325000,7973000,815000,21397000,None,253000,None,16147000,1438000,-1185000,7348000,None,-562000,1268000,1268000,None,1618000,None,-562000,170000,None,815000,809000,None,USD,1161057000,91891000,None,33117000,321287000,839770000,51317000,1218000,490000,273758000,151967000,15535000,118969000,133566000,162695000,None,None,-14781000,99503000,830159000,5000000,732342000,510455000,68498000,None,84523000,10244000,None,None,490000,2000,273758000,-41284000,None,96394000,None,330898000,None,None,54970000,158592000,None,None,None,621585000,1161057000,644021000,None,47626884,USD,-100327000,41006000,-100327000,-25000,None,-15135000,-8349000,-16701000,815000,-89178000,26284000,-2505000,9158000,-7117000,0,-10455000,14094000,-11633000,7047000,14094000,None,-89178000,149.62,
1,2020-03-31,USD,112277000,67771000,22459000,89818000,53611000,38155000,19497000,None,46855000,None,15403000,2349000,44506000,7128000,None,8700000,2147000,2147000,None,3284000,None,8700000,202000,None,38155000,37816000,None,USD,1136376000,97356000,None,15635000,289679000,846697000,49866000,4971000,489000,280060000,146589000,15535000,110064000,222744000,136554000,None,None,-14537000,96350000,812071000,5000000,733804000,417032000,82592000,None,74068000,10370000,None,None,489000,2000,280060000,-41284000,None,89335000,28729000,324305000,None,None,51548000,153125000,None,None,None,621967000,1136376000,639776000,None,47544584,USD,97026000,14345000,97026000,101808000,None,-11655000,-4816000,10569000,38155000,91117000,5746000,7635000,9105000,-7098000,0,-10726000,-22140000,-33562000,4782000,-22140000,None,91117000,131.78,149.62
2,2019-12-31,USD,101729000,67240000,18202000,83527000,43480000,26428000,19827000,None,36975000,None,19082000,None,34489000,None,None,10547000,2459000,2459000,None,None,None,10547000,27000,None,26428000,26244000,None,USD,1120157000,102846000,None,21946000,308708000,811449000,None,1857000,489000,249003000,140318000,15535000,106689000,131627000,161508000,None,None,-16997000,97648000,792439000,5000000,693066000,514461000,60452000,None,63953000,13296000,None,None,None,None,None,-41284000,None,86090000,None,327718000,None,None,48554000,147200000,None,None,None,620236000,None,646088000,None,47000000,USD,-155540000,60815000,-155540000,-208254000,None,-4540000,-7117000,-6973000,26428000,-103914000,56166000,None,8991000,-4711000,0,-7965000,5322000,-30452000,4742000,None,None,None,206.07,131.78
3,2019-09-30,USD,97515000,56685000,17286000,80229000,49482000,36962000,16787000,None,43631000,None,12623000,2801000,40830000,7152000,None,6669000,2748000,2748000,None,2837000,None,6669000,53000,None,36962000,36702000,None,USD,1062550000,108339000,None,10415000,275983000,786567000,50495000,12627000,488000,227286000,120491000,15535000,106618000,235541000,148392000,None,None,-14119000,96042000,731016000,5000000,662691000,361515000,65774000,None,57771000,9217000,None,None,488000,2000,227286000,-41284000,None,89957000,26437000,331534000,None,None,31089000,127591000,None,None,None,614194000,1062550000,597056000,None,47482085,USD,-136656000,45908000,-136656000,-57456000,None,-5947000,-1448000,-6542000,36962000,-88736000,53867000,2300000,8652000,-4712000,0,2367000,1178000,-34658000,4995000,1178000,None,-88736000,167.9,206.07
4,2019-06-30,USD,118168000,69504000,24072000,94096000,57195000,43440000,18833000,None,51826000,None,15939000,3162000,48664000,7206000,None,8386000,2757000,2757000,None,3454000,None,8386000,405000,None,43440000,43440000,None,USD,1011080000,113832000,None,8893000,260047000,751033000,44651000,13776000,488000,195036000,114011000,15535000,96151000,324277000,139736000,None,None,-14805000,83595000,688694000,5000000,621664000,228434000,66952000,None,60138000,7744000,None,None,488000,2000,195036000,-41284000,None,79220000,25204000,322386000,None,None,30283000,120311000,None,None,None,611596000,1011080000,552711000,None,47465864,USD,62587000,9221000,62587000,74205000,None,-13187000,-8715000,-6670000,43440000,99229000,49829000,-7706000,8531000,-4713000,0,3972000,-14828000,8608000,7039000,-14828000,None,99229000,188.06,167.9
5,2019-03-31,USD,87765000,37591000,15814000,71951000,37473000,31474000,15829000,None,37473000,None,11969000,3113000,34360000,7256000,None,5999000,2831000,2831000,None,2537000,None,5999000,282000,None,31474000,31474000,None,USD,968190000,119322000,None,5410000,251989000,716201000,41596000,97080000,488000,156309000,113715000,15535000,92546000,225048000,131574000,1300000,1300000,-15520000,80615000,652172000,None,581342000,301549000,52124000,6700000,68041000,34494000,None,None,488000,2000,156309000,-41284000,None,75765000,24781000,316018000,None,None,78819000,120415000,None,None,None,616206000,968190000,526597000,None,47394663,USD,4579000,-5241000,-9105000,-401000,None,-10919000,-5757000,4087000,31474000,14026000,34050000,3315000,6503000,-4717000,-445000,1735000,-8995000,5259000,13283000,-8995000,None,14026000,152.85,188.06
6,2018-12-31,USD,70143000,36545000,18325000,51818000,17760000,19249000,14795000,0,17760000,0,10801000,2487000,15273000,8981000,0,None,None,None,1100000,1968000,0,-1489000,2487000,0,19249000,19249000,None,USD,933424000,124407000,None,6366000,242918000,690506000,41785000,86593000,487000,129552000,109736000,15535000,88903000,211022000,133182000,None,None,-16234000,69739000,634840000,None,550562000,304323000,43129000,None,70000000,46589000,None,None,487000,2000,129552000,-40635000,None,64526000,24377000,298584000,None,None,67951000,109736000,None,None,None,617334000,933424000,515345000,None,47319887,USD,89678000,-87462000,85212000,4390000,None,-2668000,-22000,-9823000,19249000,109384000,26840000,40557000,58386000,-2828000,182000,-3554000,78000,-414000,4466000,78000,None,109384000,93.57,152.85
7,2018-09-30,USD,77550000,35395000,16123000,61427000,28143000,22818000,13616000,0,28143000,0,12120000,2111000,26032000,7430000,0,None,None,None,0,2229000,0,5325000,2111000,0,22818000,22818000,None,USD,883744000,129890000,None,11943000,208237000,675507000,40684000,69159000,487000,112337000,93958000,15535000,53061000,101638000,114279000,None,None,-9994000,67467000,617791000,None,530080000,391972000,43207000,0,69031000,45120000,0,0,487000,2000,112337000,-40635000,None,39151000,13910000,265953000,None,None,53274000,93958000,None,None,None,613310000,883744000,493610000,None,47310901,USD,-36424000,49073000,-43929000,0,None,-3214000,-567000,9076000,22818000,-2139000,45004000,9082000,-17756000,-2827000,180000,-14033000,-7624000,3444000,7505000,-7624000,None,-2139000,117.9,93.57
8,2018-06-30,USD,56149000,33603000,11635000,44514000,12665000,10814000,12949000,0,12665000,0,11562000,1754000,10911000,7524000,0,None,None,None,0,1568000,0,1851000,1754000,0,10814000,10814000,None,USD,833249000,135383000,None,20311000,182568000,650681000,28344000,69272000,487000,92346000,81028000,15535000,50618000,103777000,101540000,None,None,-10451000,62348000,569365000,None,499761000,353651000,35583000,0,56043000,32268000,0,0,487000,2000,92346000,-40635000,None,40084000,10534000,263884000,None,None,52684000,81028000,None,None,None,608932000,833249000,457428000,None,47289059,USD,-72035000,43744000,-76722000,0,None,-7792000,-5199000,-24431000,10814000,-73377000,11137000,-42765000,-10295000,-2828000,235000,-2405000,-12815000,24859000,4687000,-12815000,None,-73377000,86.0,117.9
9,2018-03-31,USD,43572000,31595000,7458000,36114000,5743000,5959000,12357000,0,5743000,0,12516000,1224000,4519000,5491000,0,None,None,None,0,1231000,0,-216000,1224000,0,5959000,5959000,None,USD,795140000,140878000,None,14301000,152491000,642649000,19500000,59761000,486000,84360000,53263000,15535000,32335000,177154000,99228000,None,None,-10968000,58428000,547964000,None,486234000,280103000,22768000,0,53638000,39467000,0,0,486000,2000,84360000,-40635000,None,2391000,29944000,247176000,None,None,33763000,53263000,None,None,None,609404000,795140000,457257000,None,47212428,USD,23171000,25865000,14438000,0,None,-8939000,-5832000,-4227000,5959000,44314000,38815000,-4202000,-5892000,-2831000,-276000,-17373000,29587000,4871000,8733000,29587000,None,44314000,101.0,86.0
10,2017-12-31,USD,115867000,41051000,16936000,98931000,58849000,32813000,15045000,0,58849000,0,17111000,969000,57880000,5498000,0,None,None,None,0,3397000,0,26036000,2423000,0,32813000,32813000,None,USD,779956000,146369000,None,10276000,120902000,659054000,23902000,15031000,485000,99126000,57078000,15535000,204324000,132840000,63824000,None,None,-11464000,56450000,519182000,14794000,497148000,287446000,52355000,0,36265000,48793000,0,0,485000,2000,99126000,-40158000,None,604000,27022000,260774000,None,None,33176000,57078000,None,None,None,611063000,779956000,420286000,None,47118171,USD,9465000,17906000,2883000,0,None,-1300000,-102000,-6098000,32813000,63687000,62104000,-1306000,2047000,-1412000,214000,-3532000,-27361000,23275000,6582000,-9099000,None,63687000,172.65,101.0
11,2017-09-30,USD,61683000,32428000,13465000,48218000,16657000,13520000,11596000,0,16657000,0,13570000,867000,15790000,5498000,0,None,None,None,0,1764000,0,3137000,65000,0,13520000,13520000,None,USD,727170000,151867000,None,9227000,104160000,623010000,25658000,11802000,485000,67725000,57884000,15535000,227161000,69153000,46276000,None,None,-11459000,49358000,450651000,14794000,455606000,296282000,43256000,0,32733000,34474000,0,0,485000,2000,67725000,-40158000,None,347000,44618000,276519000,None,None,32226000,57884000,None,None,None,606415000,727170000,365435000,None,47108224,USD,-39351000,7231000,-52855000,0,None,-2062000,-829000,-2013000,13520000,-40285000,14632000,-2066000,3610000,-1412000,179000,-8296000,18262000,4187000,13504000,-3554000,None,-40285000,128.85,172.65
12,2017-06-30,USD,102513000,30684000,11310000,91203000,61321000,47187000,10685000,0,61321000,0,11513000,802000,60519000,5495000,0,None,None,None,0,2991000,0,14134000,150000,0,47187000,47187000,None,USD,707635000,157365000,None,7191000,99823000,607812000,27174000,11207000,484000,55617000,58402000,15535000,232059000,109438000,41421000,None,None,-11571000,38691000,436885000,14775000,434910000,256117000,39702000,0,24437000,30214000,0,0,484000,2000,55617000,-40158000,None,317000,44067000,270750000,None,None,31228000,58402000,None,None,None,603438000,707635000,365555000,None,47086629,USD,-26400000,6164000,-35486000,0,None,-6178000,-4960000,-2119000,47187000,13321000,54985000,-1517000,3802000,-1414000,196000,-7769000,14708000,10499000,9086000,-3381000,None,13321000,109.25,128.85
13,2017-03-31,USD,55566000,30521000,12987000,42579000,12710000,10365000,11818000,0,12710000,0,11624000,652000,12058000,5492000,0,None,None,None,0,1587000,0,2345000,652000,0,10365000,10365000,None,USD,655443000,162860000,None,5775000,90292000,565151000,28956000,12106000,484000,9844000,57062000,15535000,243149000,96117000,33230000,None,None,-10352000,28552000,383742000,14789000,386754000,228861000,36321000,0,16668000,21124000,0,0,484000,2000,9844000,-40158000,None,215000,49750000,271701000,None,None,28106000,57062000,None,None,None,605331000,655443000,324978000,None,47007032,USD,-39489000,-8396000,-40120000,0,None,-4772000,-3541000,708000,10365000,-43248000,1644000,708000,3450000,-1414000,183000,646000,11327000,6198000,631000,-11327000,None,-43248000,86.1,109.25
14,2016-12-31,USD,74577000,13444000,26288000,48289000,35361000,25819000,11181000,0,35382000,0,8158000,516000,34845000,-8062000,-6000,None,None,None,0,2167000,0,9563000,-175000,0,25819000,25819000,None,USD,627559000,168352000,None,6392000,99091000,528468000,31322000,12249000,483000,-25557000,58885000,15535000,214986000,139365000,40206000,None,None,-10666000,27203000,385370000,14960000,344579000,188644000,33655000,0,17314000,27957000,0,0,483000,2000,-25557000,-40158000,None,307000,15832000,242189000,None,None,27563000,58885000,None,None,None,604364000,627559000,328009000,None,46913127,USD,43774000,13927000,40618000,-217000,None,4327000,4202000,359000,25819000,84949000,40004000,1223000,4082000,-5652000,125000,-1211000,1205000,-1318000,2939000,-2518000,None,84949000,56.3,86.1
15,2016-09-30,USD,30214000,33217000,26232000,30214000,-2498000,-1500000,10118000,0,-2503000,0,8465000,505000,-3003000,13819000,5000,None,None,None,0,815000,0,-1003000,0,0,-1500000,-1500000,None,USD,584753000,173415000,None,7499000,88936000,495817000,33454000,11883000,483000,-51376000,58319000,15548000,216955000,54416000,30617000,None,None,-9587000,25768000,342030000,15217000,306852000,231452000,32560000,0,16103000,18734000,0,0,483000,2000,-51376000,-40158000,None,423000,12352000,242723000,None,None,24865000,58319000,None,None,None,596453000,584753000,285868000,None,46956728,USD,15632000,1276000,-19686000,-33119000,None,69000,-46000,-1683000,-1500000,-15514000,4103000,-1683000,4428000,0,115000,470000,3723000,4134000,2199000,-3022000,None,-15514000,55.51,56.3
16,2016-06-30,USD,64392000,30367000,26601000,64392000,32857000,21802000,10969000,0,32849000,0,11748000,-1168000,34025000,5684000,8000,None,None,None,0,1966000,0,11047000,0,0,21802000,21802000,None,USD,580002000,162469000,None,5561000,86082000,493920000,34066000,10655000,483000,-49876000,58358000,0,191072000,69930000,27724000,None,None,-9701000,22610000,366320000,15767000,331449000,246281000,28081000,0,16467000,17069000,0,0,483000,2000,-49876000,-40158000,None,543000,12293000,213682000,None,None,24292000,58358000,None,None,None,593170000,580002000,316211000,None,48302603,USD,24149000,3175000,-73530000,-96033000,None,-2652000,-2786000,-775000,21802000,-40161000,36231000,-775000,1693000,0,134000,-1758000,6745000,9002000,1646000,2882000,None,-40161000,67.8,55.51
17,2016-03-31,USD,29703000,27157000,23421000,29703000,2878000,1949000,10476000,0,2870000,0,10754000,332000,2630000,5052000,8000,None,None,None,0,875000,0,921000,0,0,1949000,1949000,None,USD,556046000,69265000,None,4683000,85150000,470896000,0,46625000,483000,-71678000,60000000,0,101289000,110091000,25150000,None,None,-10522000,22362000,432395000,16092000,401629000,269498000,33414000,0,14709000,38525000,0,0,483000,2000,-71678000,-40158000,None,645000,15287000,123651000,None,None,None,None,None,None,None,592769000,556046000,379589000,None,47000000,USD,14642000,-6294000,14126000,0,None,-1758000,-2008000,None,1949000,12578000,210000,-2768000,1323000,0,250000,-1961000,3863000,4098000,516000,3863000,None,12578000,54.1,67.8
18,2015-12-31,USD,62312000,35688000,32076000,62312000,26868000,18088000,12641000,0,26845000,0,13156000,244000,26624000,8084000,23000,None,None,None,0,1807000,0,8757000,783000,0,18088000,18088000,None,USD,559412000,72015000,None,2387000,92647000,466765000,0,45817000,482000,-73627000,58137000,0,89321000,97513000,34510000,None,None,-9819000,22407000,447684000,2187000,394748000,297981000,37055000,0,12748000,46830000,0,0,482000,2000,-73627000,-40158000,None,174000,14945000,111728000,None,None,None,None,None,None,None,589885000,559412000,395494000,None,48132223,USD,-25453000,62000,-25906000,0,None,472000,-24000,2276000,18088000,7557000,32991000,2194000,1432000,-5652000,496000,940000,-2654000,6654000,453000,3621000,None,7557000,54.44,54.1
19,2015-09-30,USD,39419000,31057000,27523000,39419000,8594000,7047000,11434000,0,8587000,0,11272000,232000,8363000,7246000,7000,None,None,None,0,1105000,0,1540000,0,0,7047000,7047000,None,USD,534323000,74765000,None,4523000,82864000,451459000,0,47316000,475000,-91715000,38617000,0,88938000,89956000,44247000,None,None,-3678000,21490000,423895000,3024000,376692000,271593000,44135000,0,13688000,35548000,0,0,475000,2000,-91715000,-40158000,None,232000,10917000,110428000,None,None,None,None,None,None,None,586533000,534323000,361549000,None,47000000,USD,-23550000,416000,-25054000,0,None,316000,-33000,None,7047000,-19295000,5443000,363000,1201000,0,349000,3281000,6275000,4107000,1504000,-10972000,None,-19295000,33.9,54.44
