,fiscalDateEnding,reportedCurrency_x,totalRevenue,totalOperatingExpense,costOfRevenue,grossProfit,ebit,netIncome_x,researchAndDevelopment,effectOfAccountingCharges,incomeBeforeTax,minorityInterest,sellingGeneralAdministrative,otherNonOperatingIncome,operatingIncome,otherOperatingExpense,interestExpense,taxProvision,interestIncome,netInterestIncome,extraordinaryItems,nonRecurring,otherItems,incomeTaxExpense,totalOtherIncomeExpense,discontinuedOperations,netIncomeFromContinuingOperations,netIncomeApplicableToCommonShares,preferredStockAndOtherAdjustments,reportedCurrency_y,totalAssets,intangibleAssets,earningAssets,otherCurrentAssets,totalLiabilities,totalShareholderEquity,deferredLongTermLiabilities,otherCurrentLiabilities,commonStock,retainedEarnings,otherLiabilities,goodwill,otherAssets,cash,totalCurrentLiabilities,shortTermDebt,currentLongTermDebt,otherShareholderEquity,propertyPlantEquipment,totalCurrentAssets,longTermInvestments,netTangibleAssets,shortTermInvestments,netReceivables,longTermDebt,inventory,accountsPayable,totalPermanentEquity,additionalPaidInCapital,commonStockTotalEquity,preferredStockTotalEquity,retainedEarningsTotalEquity,treasuryStock,accumulatedAmortization,otherNonCurrrentAssets,deferredLongTermAssetCharges,totalNonCurrentAssets,capitalLeaseObligations,totalLongTermDebt,otherNonCurrentLiabilities,totalNonCurrentLiabilities,negativeGoodwill,warrants,preferredStockRedeemable,capitalSurplus,liabilitiesAndShareholderEquity,cashAndShortTermInvestments,accumulatedDepreciation,commonStockSharesOutstanding,reportedCurrency,investments,changeInLiabilities,cashflowFromInvestment,otherCashflowFromInvestment,netBorrowings,cashflowFromFinancing,otherCashflowFromFinancing,changeInOperatingActivities,netIncome_y,changeInCash,operatingCashflow,otherOperatingCashflow,depreciation,dividendPayout,stockSaleAndPurchase,changeInInventory,changeInAccountReceivables,changeInNetIncome,capitalExpenditures,changeInReceivables,changeInExchangeRate,changeInCashAndCashEquivalents,clossingVal,nextClossingVal
0,2020-06-30,USD,199621000,90216000,116396000,83225000,-6817000,-4299000,20830000,None,-6817000,None,69386000,174000,-6991000,None,None,-2518000,174000,174000,None,None,None,-2518000,None,None,-4299000,-4299000,None,USD,1222446000,209876000,None,479163000,334985000,887461000,29561000,107940000,52000,265540000,51732000,335034000,101968000,133583000,236563000,None,None,-13689000,57866000,465165000,20961000,887461000,None,319269000,None,114245000,128623000,None,None,52000,None,265540000,-185074000,None,118320000,None,176186000,57153000,None,68861000,98422000,None,None,None,820632000,1222446000,133583000,None,42757000,USD,-19438000,-6910000,-19438000,-9400000,None,1458000,-2045000,575000,-4299000,29524000,47504000,-999000,14977000,None,3503000,-1537000,None,3091000,10038000,43181000,-21000,29503000,70.62,
1,2020-03-31,USD,229686000,97471000,120064000,109622000,11329000,11311000,18652000,None,11329000,None,78819000,-822000,12151000,None,None,18000,-822000,-822000,None,None,None,18000,None,None,11311000,11311000,None,USD,1231647000,210458000,None,483295000,353147000,878500000,37810000,108602000,52000,269839000,55856000,334842000,100651000,104080000,248440000,None,None,-14140000,52997000,478323000,19992000,878500000,None,358141000,None,112785000,139838000,None,None,52000,None,269839000,-185074000,None,120349000,None,173346000,58837000,None,66897000,104707000,None,None,None,807823000,1231647000,104080000,None,42606000,USD,-13775000,-5914000,-13775000,-10602000,-50000000,-33766000,-1425000,-7846000,11311000,-22310000,25231000,18094000,14284000,None,17659000,-5734000,None,9510000,3173000,-16320000,-820000,-23130000,65.58,70.62
2,2019-12-31,USD,897027000,101421000,124689000,123603000,21970000,22095000,19093000,None,21970000,None,82328000,-212000,22182000,None,-1086000,-125000,-212000,-212000,None,None,None,-125000,-212000,None,22095000,22095000,None,USD,1240810000,209937000,None,615803000,395556000,845254000,39090000,90894000,51000,258792000,57891000,336539000,100720000,127210000,236996000,None,None,-9446000,54246000,483238000,19750000,845254000,None,335540000,50000000,108011000,146102000,None,None,51000,None,258792000,-185074000,None,1006000,None,54246000,60727000,50000000,69470000,158560000,None,None,None,780931000,1240810000,127210000,None,42132000,USD,-14903000,7936000,-14903000,-11641000,-32321000,-30524000,-41686000,7849000,22095000,-10607000,34820000,259000,14520000,None,43483000,-1108000,-13824000,3521000,3262000,-12403000,-277000,-10454000,81.72,65.58
3,2019-09-30,USD,228805000,87501000,116658000,112147000,23478000,19983000,16625000,None,23478000,None,70876000,-1168000,24646000,-228805000,-1400000,3495000,-1168000,-1168000,None,None,None,3495000,-1168000,None,19983000,19983000,None,USD,1244270000,129163000,None,30598000,436737000,807533000,60917000,88205000,51000,236697000,78694000,334516000,111185000,137277000,228170000,None,None,-14401000,54877000,477079000,21494000,343854000,None,203391000,77135000,105813000,139965000,None,None,51000,None,236697000,-185074000,None,196534000,None,30607000,63019000,77135000,70515000,208567000,None,None,None,770260000,1244270000,137277000,None,41905000,USD,-14811000,11777000,-14811000,-11548000,-30000000,8628000,-1068000,-101000,19983000,50245000,56428000,8644000,8998000,None,9696000,-2549000,1528000,8755000,3263000,820000,None,50245000,72.27,81.72
4,2019-06-30,USD,217413000,85282000,113368000,104045000,17134000,15976000,16848000,None,17134000,None,68434000,-1629000,18763000,-217413000,-1500000,1158000,-1629000,-1629000,None,None,None,1158000,-1629000,None,15976000,15976000,None,USD,1196978000,134101000,None,33098000,423736000,773242000,61292000,83012000,51000,216714000,80553000,335699000,76905000,87482000,211384000,None,None,-11576000,52847000,429839000,21041000,303442000,None,205353000,76562000,103906000,128372000,None,None,51000,None,216714000,-185074000,None,192256000,None,31195000,65523000,76562000,74498000,212352000,None,None,None,753127000,1196978000,87482000,None,41639000,USD,-15253000,8362000,-15253000,-10864000,-21000000,-1405000,14788000,-5225000,15976000,10605000,27263000,-17253000,16406000,None,4807000,-1530000,-1993000,9039000,4389000,-3764000,None,10175000,86.03,72.27
5,2019-03-31,USD,202517000,84356000,105400000,97117000,11351000,3284000,16078000,None,11351000,None,68278000,-1410000,12761000,-202517000,-1410000,8067000,None,-1410000,None,None,None,8067000,-2114000,None,3284000,3284000,None,USD,1177060000,138893000,None,29065000,446575000,730485000,61405000,90104000,50000,200738000,81493000,336119000,107769000,77244000,210622000,10373000,10373000,-10502000,52039000,413707000,19469000,255473000,None,203489000,96990000,103909000,120518000,None,None,50000,None,200738000,-185074000,None,184790000,None,32043000,67843000,96990000,77558000,235953000,None,None,None,725273000,1177060000,77244000,None,41206000,USD,-16697000,-8636000,-16697000,-11717000,-39000000,-178000,18296000,-2008000,3284000,9622000,26497000,17025000,15839000,None,20526000,-2936000,-7251000,11840000,4980000,-9892000,430000,10052000,80.84,86.03
6,2018-12-31,USD,604690000,83253000,109567000,102183000,16616000,14793000,16989000,0,16616000,0,66264000,-2314000,18930000,0,-2374000,None,None,None,0,0,0,1823000,-2314000,0,14793000,14793000,None,USD,1081242000,143686000,None,32836000,401625000,679617000,41484000,81835000,50000,197454000,61628000,335887000,96216000,67192000,204580000,None,None,-10854000,51500000,397134000,17082000,200044000,None,196238000,135417000,100868000,122745000,None,None,50000,None,197454000,-185074000,None,120756000,None,15197000,None,135417000,20144000,197045000,None,None,None,678041000,1081242000,67192000,None,40335000,USD,None,14103000,-12902000,-8464000,-50000000,-10678000,-3127000,5247000,14793000,23872000,47452000,-15617000,14434000,None,42449000,-1475000,9987000,11175000,4438000,10039000,-854000,23018000,61.24,80.84
7,2018-09-30,USD,204267000,81414000,105358000,98909000,14658000,13628000,15805000,0,14658000,0,65609000,-2837000,17495000,-204267000,-2500000,None,None,None,0,0,0,1030000,-2837000,0,13628000,13628000,None,USD,1052375000,149968000,None,29489000,433136000,619239000,32593000,87777000,49000,182661000,53419000,336517000,84199000,44174000,212582000,17708000,17708000,-9084000,50484000,379119000,17448000,132754000,0,206225000,167135000,99231000,107097000,0,0,49000,0,182661000,-185074000,None,109389000,None,9450000,None,167135000,20826000,220554000,None,None,None,630687000,1052375000,44174000,None,39615000,USD,None,8429000,-13396000,-9122000,-14500000,-3474000,-586000,3584000,13628000,-1083000,15787000,2517000,13234000,0,11612000,4501000,-31655000,5027000,4274000,-31549000,-911000,-1994000,71.9,61.24
8,2018-06-30,USD,188673000,81449000,99890000,88783000,6438000,6588000,15512000,0,6438000,0,65937000,-896000,7334000,-188673000,-2500000,None,None,None,0,0,0,-150000,-896000,0,6588000,6588000,None,USD,1026475000,155750000,None,34388000,437835000,588640000,34788000,85776000,48000,169033000,55139000,336550000,78292000,46168000,201634000,17708000,17708000,-7943000,50884000,358858000,16707000,96340000,0,174570000,181062000,103732000,98150000,0,0,48000,0,169033000,-185074000,None,98275000,None,9451000,None,181062000,20351000,236201000,None,None,None,612576000,1026475000,46168000,None,39204000,USD,None,-23209000,-13536000,1449000,-10000000,-5186000,-1762000,-4124000,6588000,3149000,21871000,6837000,13064000,0,6576000,-2908000,16108000,5711000,15661000,15761000,-754000,2395000,52.45,71.9
9,2018-03-31,USD,182619000,81822000,100164000,82455000,-2096000,2720000,16537000,0,-2096000,0,65285000,-2729000,633000,0,-2729000,None,None,None,0,0,0,-4816000,-2729000,0,2720000,2720000,None,USD,1040955000,162458000,None,35912000,466453000,574502000,36320000,95709000,48000,162442000,18216000,338948000,620434000,43773000,221427000,17708000,17708000,-3439000,48290000,372231000,16444000,73096000,0,190678000,190490000,101868000,108010000,0,0,48000,0,162442000,-185074000,None,53492000,None,49092000,None,190490000,18216000,245026000,None,None,None,600525000,1040955000,43773000,None,38860000,USD,None,12500000,-14540000,-14540000,-2500000,5741000,-1300000,3664000,2720000,10057000,18856000,-1643000,12910000,0,9541000,-6881000,-632000,1400000,676000,-2123000,1292000,11349000,43.4,52.45
10,2017-12-31,USD,197944000,79388000,102876000,95068000,14039000,24291000,15894000,0,14039000,0,63494000,-1641000,15680000,0,-6300000,None,None,None,0,0,0,-10252000,-7491000,0,24291000,24291000,None,USD,980304000,168107000,None,49333000,463105000,517199000,45823000,86104000,48000,122583000,27073000,337751000,570588000,32424000,212536000,15208000,15208000,-6113000,42595000,367121000,15435000,11341000,0,189227000,194917000,96137000,111224000,0,0,48000,0,122583000,-185074000,None,39841000,9454000,613183000,None,194917000,9829000,250569000,None,None,None,585755000,980304000,32424000,None,38432000,USD,None,2554000,-10886000,4455000,17394000,32188000,-2759000,3010000,24291000,25488000,4186000,-4905000,13367000,0,17553000,-3898000,-39068000,-9847000,16227000,-17376000,-530000,24958000,48.5,43.4
11,2017-09-30,USD,186782000,75139000,101929000,84853000,6982000,6231000,16414000,0,6982000,0,58725000,-2732000,9714000,0,0,None,None,None,0,0,0,751000,-2928000,0,6231000,6231000,None,USD,923818000,174227000,None,43807000,451321000,472497000,56903000,80837000,47000,98294000,26001000,334780000,568218000,7466000,205870000,13410000,13410000,-6176000,40219000,315381000,15986000,-36510000,0,171869000,178923000,92239000,111623000,0,0,47000,0,98294000,-185074000,None,37596000,5629000,608437000,None,178923000,9625000,245451000,None,None,None,565406000,923818000,7466000,None,37919000,USD,None,-6398000,-6254000,-6254000,-2500000,5290000,-2895000,-8602000,6231000,-19240000,-18276000,-7494000,12997000,0,10685000,-10716000,21710000,6883000,245000,-19779000,-230000,-19470000,51.05,48.5
12,2017-06-30,USD,180885000,80379000,102910000,77975000,-2208000,837000,16911000,0,-2208000,0,63468000,196000,-2404000,0,0,None,None,None,0,0,0,-3045000,2652000,0,837000,837000,None,USD,909901000,180206000,None,36512000,460399000,449502000,55282000,85370000,46000,92063000,26211000,332996000,573207000,26936000,211712000,10910000,10910000,-7491000,40713000,295981000,17424000,-63700000,0,151010000,183526000,81523000,115432000,0,0,46000,0,92063000,-185074000,None,36954000,5627000,613920000,None,183526000,9879000,248687000,None,None,None,549958000,909901000,26936000,None,37446000,USD,None,12907000,-11010000,-11010000,-20500000,-17219000,-1586000,5970000,837000,-17487000,10742000,1608000,13892000,0,4867000,-5293000,4712000,2069000,224000,-15278000,-1925000,-19412000,43.1,51.05
13,2017-03-31,USD,150554000,81428000,86362000,64192000,-19692000,-10754000,16803000,0,-19692000,0,64625000,-2456000,-17236000,0,0,None,None,None,0,0,0,-8938000,-2456000,0,-10754000,-10754000,None,USD,909763000,184127000,None,40368000,470820000,438943000,58496000,90521000,46000,91226000,24710000,328216000,574388000,46348000,197480000,8410000,8410000,-8414000,40996000,294379000,19174000,-73400000,0,131433000,206128000,76230000,98549000,0,0,46000,0,91226000,-185074000,None,37247000,5624000,615384000,None,206128000,8716000,273340000,None,None,None,541159000,909763000,46348000,None,37127000,USD,None,15398000,-6837000,-6837000,-40000000,-30136000,-1052000,2325000,-10754000,-8791000,28182000,1216000,12845000,0,10916000,-6933000,19990000,-3580000,865000,19990000,651000,-8140000,40.65,43.1
14,2016-12-31,USD,171975000,74511000,97645000,74330000,-1837000,157000,14903000,0,-1837000,0,59608000,-1656000,-181000,0,-5300000,None,None,None,0,0,0,-1994000,-15808000,0,157000,157000,None,USD,935103000,190283000,None,41320000,503496000,431607000,68643000,87516000,46000,100396000,25261000,327724000,577684000,54488000,180912000,8410000,8410000,-9519000,42011000,315408000,20585000,-86400000,0,150303000,245731000,69297000,84986000,0,0,46000,0,100396000,-185074000,None,35051000,4041000,619695000,None,245731000,8210000,322584000,None,None,None,525758000,935103000,54488000,None,54923000,USD,None,-25591000,-47980000,-34535000,30500000,30505000,-1170000,-24613000,157000,5992000,23467000,1794000,14855000,0,1175000,4383000,8047000,-1637000,14393000,29506000,1209000,7201000,33.9,40.65
15,2016-09-30,USD,176737000,76580000,95229000,81508000,2207000,1983000,15264000,0,2207000,0,61316000,-2721000,4928000,0,0,None,None,None,0,0,0,224000,-840000,0,1983000,1983000,None,USD,931415000,187571000,None,38636000,503850000,427565000,78676000,93120000,46000,100239000,29269000,311420000,553314000,47287000,198171000,8410000,None,-7918000,41034000,337067000,18756000,-71426000,0,177019000,214834000,74125000,96641000,0,0,46000,0,100239000,-185074000,None,32612000,2955000,594348000,None,214834000,12173000,305683000,None,None,None,520272000,931415000,47287000,None,36511000,USD,None,6257000,-8081000,-8081000,-2500000,5649000,272000,None,1983000,6085000,8517000,-388000,15105000,0,7877000,24000,25802000,1937000,355000,-16401000,173000,6258000,38.3,33.9
16,2016-06-30,USD,172907000,78135000,94890000,78017000,-1999000,-1159000,13794000,0,-1999000,0,64341000,-1881000,-118000,0,0,None,None,None,0,0,0,-840000,290000,0,-1159000,-1159000,None,USD,913428000,196475000,None,37714000,500229000,413199000,79904000,84852000,45000,98256000,29547000,311170000,561009000,41029000,191315000,8410000,None,-7524000,40503000,311916000,19711000,-94446000,0,159453000,216936000,73720000,98053000,0,0,45000,0,98256000,-185074000,None,30733000,2920000,601512000,None,216936000,12074000,308914000,None,None,None,507496000,913428000,41029000,None,36131000,USD,None,-8813000,-5399000,-5399000,-2508000,515000,-467000,None,-1159000,-10718000,-5834000,-6777000,15122000,0,3490000,-2408000,8139000,2808000,593000,-4607000,-1740000,-12458000,34.23,38.3
17,2016-03-31,USD,171004000,78093000,91059000,79945000,-319000,-378000,13838000,0,-319000,0,64255000,-2171000,1852000,0,0,None,None,None,0,0,0,59000,-2171000,0,-378000,-378000,None,USD,923772000,206261000,None,31708000,513267000,410505000,82784000,92273000,45000,99415000,29591000,312511000,571256000,53487000,199646000,8410000,None,-3057000,42208000,310308000,21037000,-108267000,0,153199000,219046000,71914000,98963000,0,0,45000,0,99415000,-185074000,None,28809000,2638000,613464000,None,219046000,11771000,313601000,None,None,None,499176000,923772000,53487000,None,35865000,USD,None,16061000,-279863000,-279863000,227059000,229046000,-3162000,None,-378000,-29030000,21787000,3703000,14870000,0,5149000,-5361000,1162000,2982000,4261000,-10090000,300000,-28730000,27.87,34.23
18,2015-12-31,USD,130316000,53110000,65236000,65080000,11217000,7655000,9219000,0,11217000,0,43891000,-753000,11970000,0,-2388000,None,None,None,0,0,0,3562000,-1199000,0,7655000,7655000,None,USD,578747000,89665000,None,27360000,176359000,402388000,39797000,53656000,45000,99793000,29907000,147906000,282310000,82217000,124630000,None,None,-2730000,32309000,264128000,14484000,164817000,0,107957000,0,46594000,70974000,0,0,45000,0,99793000,-185074000,None,27894000,2361000,314619000,None,None,11932000,51729000,None,None,None,490354000,578747000,82217000,None,35594000,USD,None,2574000,-4284000,3258000,252551000,866000,-560000,3263000,7655000,24412000,27830000,-6237000,7182000,0,1426000,2814000,-17941000,7446000,8096000,6396000,48000,24460000,31.08,27.87
19,2015-09-30,USD,125234000,49844000,61531000,63703000,13213000,8036000,9176000,0,13213000,0,40668000,-646000,13859000,0,0,None,None,None,0,0,0,5177000,-174000,0,8036000,8036000,None,USD,576722000,92042000,None,24500000,185182000,391540000,50756000,53347000,45000,90650000,30218000,148727000,282810000,57757000,122644000,None,None,-1488000,34026000,259886000,13557000,150771000,0,128169000,0,49460000,69297000,0,0,45000,0,92138000,-185074000,None,26971000,1513000,316836000,None,None,11782000,62538000,None,None,None,485919000,576722000,57757000,None,37000000,USD,None,-7129000,-7571000,-7571000,None,-18223000,544000,None,8036000,-30052000,-4258000,-9029000,6480000,0,-18767000,-3582000,26132000,2995000,30000,-2029000,-219000,-30271000,31.1,31.08
