,fiscalDateEnding,reportedCurrency_x,totalRevenue,totalOperatingExpense,costOfRevenue,grossProfit,ebit,netIncome_x,researchAndDevelopment,effectOfAccountingCharges,incomeBeforeTax,minorityInterest,sellingGeneralAdministrative,otherNonOperatingIncome,operatingIncome,otherOperatingExpense,interestExpense,taxProvision,interestIncome,netInterestIncome,extraordinaryItems,nonRecurring,otherItems,incomeTaxExpense,totalOtherIncomeExpense,discontinuedOperations,netIncomeFromContinuingOperations,netIncomeApplicableToCommonShares,preferredStockAndOtherAdjustments,reportedCurrency_y,totalAssets,intangibleAssets,earningAssets,otherCurrentAssets,totalLiabilities,totalShareholderEquity,deferredLongTermLiabilities,otherCurrentLiabilities,commonStock,retainedEarnings,otherLiabilities,goodwill,otherAssets,cash,totalCurrentLiabilities,shortTermDebt,currentLongTermDebt,otherShareholderEquity,propertyPlantEquipment,totalCurrentAssets,longTermInvestments,netTangibleAssets,shortTermInvestments,netReceivables,longTermDebt,inventory,accountsPayable,totalPermanentEquity,additionalPaidInCapital,commonStockTotalEquity,preferredStockTotalEquity,retainedEarningsTotalEquity,treasuryStock,accumulatedAmortization,otherNonCurrrentAssets,deferredLongTermAssetCharges,totalNonCurrentAssets,capitalLeaseObligations,totalLongTermDebt,otherNonCurrentLiabilities,totalNonCurrentLiabilities,negativeGoodwill,warrants,preferredStockRedeemable,capitalSurplus,liabilitiesAndShareholderEquity,cashAndShortTermInvestments,accumulatedDepreciation,commonStockSharesOutstanding,reportedCurrency,investments,changeInLiabilities,cashflowFromInvestment,otherCashflowFromInvestment,netBorrowings,cashflowFromFinancing,otherCashflowFromFinancing,changeInOperatingActivities,netIncome_y,changeInCash,operatingCashflow,otherOperatingCashflow,depreciation,dividendPayout,stockSaleAndPurchase,changeInInventory,changeInAccountReceivables,changeInNetIncome,capitalExpenditures,changeInReceivables,changeInExchangeRate,changeInCashAndCashEquivalents,clossingVal,nextClossingVal
0,2020-06-30,USD,181587000,120121000,None,181587000,61466000,51705000,None,None,61466000,None,120121000,None,61466000,8789000,16303000,9761000,161974000,145671000,None,None,None,9761000,None,None,51705000,51705000,None,USD,22102188000,52717000,5853567000,None,19237933000,2864255000,None,16320247000,165093000,678378000,38540000,1036994000,14037599000,310494000,16505453000,None,None,149043000,462796000,13882188000,5447271000,1774544000,5447271000,13571694000,237877000,None,185206000,None,None,165093000,None,678378000,None,None,1220222000,None,8220000000,104155000,237877000,2494603000,2732480000,None,None,None,1871741000,22102188000,310494000,None,165093000,USD,-1400897000,-21526000,-1405300000,6373000,-602590000,1388053000,2014084000,-24310000,51705000,-32683000,-15436000,-5797000,15070000,-23113000,-328000,None,-6576000,-48312000,10776000,-6576000,None,-32683000,13.76,
1,2020-03-31,USD,184323000,158744000,None,184323000,25579000,22640000,None,None,25579000,None,158744000,None,25579000,7978000,24228000,2939000,167999000,143771000,None,None,None,2939000,None,None,22640000,22640000,None,USD,20741141000,56329000,5884734000,None,17917706000,2823435000,None,14866132000,165109000,649909000,39422000,1036994000,12906263000,343177000,15137432000,None,None,138157000,462364000,420987000,17692466000,1730112000,5360025000,77810000,236114000,None,271300000,None,None,165109000,None,649909000,None,None,1054425000,None,17576000,103114000,236114000,2544160000,2780274000,None,None,None,1870260000,20741141000,343177000,None,165109000,USD,-36031000,2242000,-52084000,-8115000,493297000,140056000,-248035000,-88664000,22640000,66840000,-21132000,-94134000,17516000,-23535000,-81671000,None,7313000,23291000,7938000,7313000,None,66840000,13.19,13.76
2,2019-12-31,USD,195361000,134743000,None,195361000,60618000,49185000,None,None,60618000,None,134743000,None,60618000,10295000,27654000,11433000,176553000,148899000,None,None,None,11433000,-5475000,None,49185000,49185000,None,USD,20411667000,60105000,5695802000,254163000,17559214000,2852453000,None,14903811000,169616000,682185000,2700000,1036994000,12625277000,276337000,15065400000,402782000,402782000,56207000,490925000,361460000,17494894000,1755354000,5385091000,85123000,243685000,2169000,161589000,None,None,169616000,None,682185000,None,None,937584000,None,29705000,106906000,243685000,2250129000,2493814000,None,None,None,1944445000,20411667000,276337000,None,169616000,USD,-227358000,7872000,-231873000,1813000,-85044000,-9100000,105045000,29952000,49185000,-143913000,97060000,15983000,16696000,-22050000,-7051000,None,-4377000,11701000,6328000,-4377000,None,-143913000,18.29,13.19
3,2019-09-30,USD,205620000,122585000,None,205620000,83035000,69781000,None,None,83035000,None,122585000,None,83035000,8177000,32757000,13254000,185853000,153096000,None,None,None,13254000,-5128000,None,69781000,69781000,None,USD,20438788000,64051000,5722982000,145594000,17606258000,2832530000,None,14688941000,170031000,655177000,2300000,1036994000,12497287000,420250000,14907712000,538031000,538031000,58514000,492065000,500997000,17343283000,1731485000,4916979000,80747000,251763000,2941000,218771000,None,None,170031000,None,655177000,None,None,974875000,None,26523000,114799000,251763000,2446783000,2698546000,None,None,None,1948808000,20438788000,420250000,None,170031000,USD,-65319000,-32816000,-77267000,-4855000,108444000,134628000,85251000,-5556000,69781000,119264000,61903000,-34607000,46144000,-22136000,-36931000,None,9796000,4684000,7093000,8717000,None,119264000,17.2,18.29
4,2019-06-30,USD,205441000,128118000,None,205441000,77323000,62964000,None,None,77323000,None,128118000,None,77323000,8713000,33833000,14359000,189063000,155230000,None,None,None,14359000,-5779000,None,62964000,62964000,None,USD,20145285000,68220000,5461893000,134681000,17342146000,2803139000,None,14773137000,172231000,607666000,None,1036258000,36002000,300986000,14915105000,360020000,360020000,42037000,493481000,391529000,17166284000,1698661000,4667226000,90543000,251840000,2819000,141968000,None,None,172231000,None,607666000,None,None,953511000,None,36002000,118242000,251840000,2175201000,2427041000,None,None,None,1981205000,20145285000,300986000,None,172231000,USD,-1655000,0,-10010000,3963000,76351000,-42991000,-66169000,-13611000,62964000,-22130000,30871000,None,11053000,-22476000,-30697000,None,-4263000,-32093000,12318000,None,None,-22130000,16.59,17.2
5,2019-03-31,USD,192421000,123041000,None,192421000,69380000,56276000,None,None,69380000,None,123041000,None,69380000,6168000,31870000,13104000,178918000,147048000,None,None,None,13104000,-6595000,None,56276000,56276000,None,USD,20084420000,72544000,5384217000,111664000,17332548000,2751872000,None,14754300000,173979000,567311000,None,1036258000,12584615000,323116000,14904500000,468888000,468888000,2620000,490216000,409395000,17085385000,1643070000,4569772000,86279000,251584000,3279000,150200000,None,None,173979000,None,567311000,None,None,931192000,None,59430000,121472000,251584000,2176464000,2428048000,None,None,None,2007962000,20084420000,323116000,None,173979000,USD,-183095000,0,-206254000,-11475000,138661000,168283000,79321000,-23946000,56276000,5951000,43922000,None,10915000,-22812000,-26887000,None,3184000,-12354000,11684000,None,None,5951000,16.4,16.59
6,2018-12-31,USD,200505000,149784000,32399000,200505000,50721000,47498000,0,0,50721000,0,149784000,None,50721000,15177000,94443000,3223000,175234000,146225000,0,0,0,3223000,7569000,0,47498000,47498000,None,USD,19728435000,77016000,4855390000,221310000,17038865000,2689570000,None,14620084000,175141000,527684000,2500000,1036258000,12815006000,317165000,14815207000,688768000,688768000,-44950000,485912000,406629000,16836324000,1576296000,33162000,89464000,247883000,3232000,195123000,None,None,175141000,None,527684000,None,None,799248000,None,87048000,None,247883000,1975775000,2223658000,None,None,None,2031695000,19728435000,317165000,None,175141000,USD,5247000,0,-156149000,-152709000,-113933000,132651000,269254000,4566000,47498000,30404000,53902000,None,11243000,-22767000,97000,None,None,6404000,8687000,None,None,30404000,15.4,16.4
7,2018-09-30,USD,176049000,119376000,25277000,176049000,56673000,51348000,0,0,56673000,0,119376000,None,56673000,6144000,-21773000,5325000,155369000,130842000,0,0,0,5325000,-6162000,0,51348000,51348000,None,USD,17567759000,42134000,4036348000,109258000,15347079000,2220680000,None,13048231000,152352000,503147000,2200000,828804000,11879423000,286761000,13221071000,746398000,746398000,-79930000,450253000,365254000,15055384000,1349742000,None,78493000,251662000,3563000,172840000,None,None,152352000,None,503147000,None,None,731263000,None,94667000,None,251662000,1874346000,2126008000,None,None,None,1645111000,17567759000,286761000,None,152352000,USD,-90337000,0,-93526000,4510000,48575000,30715000,1824000,-942000,51348000,12887000,75698000,None,10294000,-19806000,122000,1147000,5112000,24350000,7699000,None,None,12887000,19.3,15.4
8,2018-06-30,USD,178806000,130460000,24219000,178806000,48346000,44001000,0,0,48346000,0,130460000,None,48346000,11152000,2639000,4345000,153736000,131963000,0,0,0,4345000,-3257000,0,44001000,44001000,None,USD,17482990000,45417000,3944624000,117710000,15282775000,2200215000,0,12771420000,152351000,471777000,3200000,828804000,11875671000,273874000,12927715000,974078000,974078000,-66703000,449304000,355164000,14984875000,1325994000,0,81290000,250241000,3729000,156295000,0,0,152351000,0,471777000,0,None,729239000,None,90187000,None,250241000,2104819000,2355060000,None,None,None,1642790000,17482990000,273874000,None,152351000,USD,9050000,0,5267000,3629000,159658000,-52127000,-192224000,7995000,44001000,-4367000,42493000,None,10618000,-19806000,245000,0,2316000,-1508000,7412000,None,None,-4367000,18.6,19.3
9,2018-03-31,USD,170581000,117641000,19514000,170581000,52940000,47983000,0,0,52940000,0,117641000,None,52940000,7401000,19134000,4957000,147706000,128572000,0,0,0,4957000,-10119000,0,47983000,47983000,None,USD,17496287000,48833000,4014966000,105587000,15317169000,2179118000,0,12938626000,152172000,447696000,157277000,828804000,5545441000,278241000,13095903000,1210221000,1210221000,-61526000,453603000,359862000,14955621000,1301481000,0,81621000,248898000,30701000,157277000,0,0,152172000,0,447696000,0,None,760791000,None,88773000,None,248898000,1972368000,2221266000,None,None,None,1640776000,17496287000,278241000,None,152172000,USD,-5270000,0,-27008000,-12145000,-209588000,-47497000,182697000,-13491000,47983000,-12191000,62314000,None,10502000,-19782000,-824000,1309000,5481000,14331000,9593000,None,None,-12191000,16.9,18.6
10,2017-12-31,USD,162344000,140432000,17615000,162344000,21912000,-18493000,0,0,21912000,0,140432000,None,21912000,17397000,56997000,None,None,None,0,0,0,40405000,-24697000,0,-18493000,-18493000,None,USD,17518292000,53096000,None,218812000,15363895000,2154397000,0,12940797000,152040000,413130000,179927000,828051000,5668126000,290432000,13120724000,1384706000,1384706000,-50272000,458074000,377534000,14962404000,1273250000,67679000,87102000,248782000,33920000,179927000,0,0,152040000,0,413130000,0,None,728276000,None,110857000,None,248782000,1994389000,2243171000,None,None,None,1639499000,17518292000,290432000,None,152040000,USD,-265646000,0,-281508000,3766000,49577000,250653000,221531000,59289000,-18493000,38065000,68920000,None,39169000,-19763000,-692000,82667000,151000,87413000,19628000,None,None,38065000,17.45,16.9
11,2017-09-30,USD,154533000,103702000,15358000,154533000,50831000,39372000,0,0,50831000,0,103702000,None,50831000,24489000,-38000,None,None,None,0,0,0,11459000,0,0,39372000,39372000,None,USD,15065800000,29235000,None,113759000,13158977000,1906823000,0,10923805000,135523000,451461000,141082000,655018000,5004314000,252367000,11064887000,1013161000,1013161000,-34197000,412488000,327709000,12828353000,1222570000,0,75342000,219314000,48676000,141082000,0,0,135523000,0,451461000,0,None,675046000,None,137951000,None,219314000,1874776000,2094090000,None,None,None,1354036000,15065800000,252367000,None,135523000,USD,-129859000,0,-140774000,-2701000,151223000,56728000,-76930000,19715000,39372000,-10374000,73672000,None,0,-17622000,57000,66890000,6039000,34300000,8214000,None,None,-10374000,18.3,17.45
12,2017-06-30,USD,152249000,102811000,15231000,152249000,49438000,38854000,0,0,49438000,0,102811000,None,49438000,-13664000,-11458000,None,None,None,0,0,0,10584000,0,0,38854000,38854000,None,USD,14957281000,31876000,None,118980000,13070687000,1886594000,0,10910743000,135516000,429787000,127055000,655018000,5049332000,262741000,11037798000,2278910000,2278910000,-31120000,413933000,342571000,12706837000,1199700000,0,79830000,219167000,50221000,127055000,0,0,135516000,0,429787000,0,None,660266000,None,146780000,None,219167000,1813722000,2032889000,None,None,None,1352411000,14957281000,262741000,None,135516000,USD,-24299000,0,-19733000,8934000,193072000,37336000,-137638000,-7535000,38854000,45706000,28103000,None,0,-17617000,-481000,67524000,1551000,-10751000,4368000,None,None,45706000,17.25,18.3
13,2017-03-31,USD,148374000,101891000,13014000,148374000,46483000,35992000,0,0,46483000,0,101891000,None,46483000,3367000,12667000,None,None,None,0,0,0,10491000,0,0,35992000,35992000,None,USD,14869645000,34657000,None,108651000,13023286000,1846359000,0,10882368000,135435000,408623000,135317000,655018000,5105281000,217035000,11017685000,2066617000,2066617000,-48565000,420866000,293709000,12657960000,1156684000,0,76674000,219021000,44524000,135317000,0,0,135435000,0,408623000,0,None,642059000,None,165376000,None,219021000,1786580000,2005601000,None,None,None,1350866000,14869645000,217035000,None,135435000,USD,-125392000,-12451000,-134960000,-4475000,-85399000,-23488000,78099000,2548000,35992000,-38484000,119964000,None,0,-17602000,1414000,75833000,4706000,83972000,5093000,None,None,-38484000,17.35,17.25
14,2016-12-31,USD,174424000,126258000,10176000,174424000,48166000,33456000,0,0,48166000,0,126258000,None,48166000,55228000,43424000,None,None,None,0,0,0,14710000,16502000,0,33456000,33456000,None,USD,14860237000,37677000,None,266933000,13045820000,1814417000,0,10956256000,135159000,390292000,150481000,655018000,5099194000,255519000,11106737000,2175660000,2175660000,-59372000,429622000,336900000,12526496000,1121722000,46138000,81381000,218939000,115198000,150481000,0,0,135159000,0,390292000,0,None,692661000,None,181863000,None,218939000,1720144000,1939083000,None,None,None,1348338000,14860237000,255519000,None,135159000,USD,-125255000,0,-227920000,4095000,130450000,211633000,96545000,24760000,33456000,-5521000,10766000,None,34197000,-17574000,2212000,0,0,-22690000,106760000,None,None,-5521000,18.15,17.35
15,2016-09-30,USD,153740000,108062000,13216000,153740000,45678000,34709000,0,0,45678000,0,108062000,None,45678000,-23565000,-210000,None,None,None,0,0,0,10969000,0,0,34709000,34709000,None,USD,14703071000,40918000,None,None,12868614000,1834457000,0,10646708000,134985000,374561000,198807000,655210000,5166926000,261040000,11268439000,422924000,2023099000,-18829000,333266000,338729000,12491611000,1138329000,0,77689000,1600175000,88401000,198807000,0,0,134985000,0,374561000,0,None,673871000,None,169466000,None,1600175000,None,1600175000,None,None,None,1343740000,14703071000,261040000,None,134985000,USD,-182878000,-17404000,-287835000,-10349000,87926000,265196000,195106000,-113000,34709000,-6880000,15759000,None,0,-17571000,-265000,0,0,-18950000,105582000,None,None,-6880000,14.06,18.15
16,2016-06-30,USD,191406000,121472000,12222000,191406000,69934000,39122000,0,0,69934000,0,121472000,None,69934000,4684000,-8469000,None,None,None,0,0,0,30812000,0,0,39122000,39122000,None,USD,14420262000,44237000,None,None,12609145000,1811117000,0,10451602000,135005000,357336000,221988000,655523000,5068789000,267920000,11241249000,567659000,1935555000,-23617000,231656000,347456000,12322304000,1111357000,0,79536000,1367896000,73543000,221988000,0,0,135005000,0,357336000,0,None,639638000,None,179448000,None,1367896000,None,1367896000,None,None,None,1342393000,14420262000,267920000,None,135005000,USD,-241636000,21147000,-208612000,40413000,269697000,261209000,9994000,18806000,39122000,92362000,39765000,None,0,-17526000,-956000,0,0,643000,7389000,None,None,92362000,12.53,14.06
17,2016-03-31,USD,135003000,98355000,9777000,135003000,36648000,26977000,0,0,36648000,0,98355000,None,36648000,0,9686000,None,None,None,0,0,0,9671000,0,0,26977000,26977000,None,USD,11932326000,32443000,None,None,10423683000,1508643000,0,8588895000,114352000,306254000,172597000,584634000,4564223000,175558000,9255872000,494380000,None,-29585000,198065000,244199000,10184547000,891566000,0,68641000,1167811000,38106000,172597000,0,0,114352000,0,335839000,0,None,688438000,None,11688127000,None,1167811000,None,1167811000,None,None,None,1088037000,11932326000,175558000,None,115000000,USD,26759000,None,26364000,4533000,-259257000,-86385000,188035000,None,26977000,-44260000,15761000,None,0,-14865000,-298000,0,457000,-11216000,4928000,None,None,-44260000,12.19,12.53
18,2015-12-31,USD,146052000,-13687000,9522000,146052000,159739000,31985000,0,0,43583000,0,-10606000,None,159739000,37347000,24506000,None,None,None,0,0,0,11598000,-6325000,0,31985000,31985000,None,USD,11991527000,35308000,None,157187000,10500357000,1491170000,0,8400860000,114297000,323759000,179251000,584634000,4646874000,219818000,9208610000,628499000,1947214000,-34797000,196676000,288916000,10198039000,871228000,128507000,69098000,1291747000,31987000,179251000,0,0,114297000,0,323759000,0,None,687954000,None,11702611000,None,1291747000,None,1291747000,None,None,None,1087911000,11991527000,219818000,None,114297000,USD,-28818000,0,-100222000,-2000,326936000,89084000,-220465000,-14395000,31985000,46408000,57546000,None,25847000,-13735000,-3652000,11311000,0,25561000,71402000,None,None,46408000,13.56,12.19
19,2015-09-30,USD,156681000,102617000,8734000,156681000,54064000,37669000,0,0,54064000,0,102617000,None,54064000,0,700000,None,None,None,0,0,0,16395000,0,0,37669000,37669000,None,USD,11915163000,38124000,None,None,10439161000,1476002000,0,8621325000,114523000,305478000,222616000,584634000,4777508000,173410000,9318835000,474894000,None,-34380000,130341000,238895000,10180725000,853244000,0,65485000,1120326000,37232000,222616000,1476002000,1476002000,114523000,1476002000,305478000,-1476002000,None,742444000,None,11676268000,None,1120326000,None,1120326000,None,None,None,1090381000,11915163000,173410000,None,114523000,USD,-41909000,None,-391088000,-345633000,-5553000,338687000,367543000,None,37669000,-21803000,30598000,None,0,-13752000,-9551000,5121000,0,-7071000,3546000,None,None,-21803000,13.925,13.56
