,fiscalDateEnding,reportedCurrency_x,totalRevenue,totalOperatingExpense,costOfRevenue,grossProfit,ebit,netIncome_x,researchAndDevelopment,effectOfAccountingCharges,incomeBeforeTax,minorityInterest,sellingGeneralAdministrative,otherNonOperatingIncome,operatingIncome,otherOperatingExpense,interestExpense,taxProvision,interestIncome,netInterestIncome,extraordinaryItems,nonRecurring,otherItems,incomeTaxExpense,totalOtherIncomeExpense,discontinuedOperations,netIncomeFromContinuingOperations,netIncomeApplicableToCommonShares,preferredStockAndOtherAdjustments,reportedCurrency_y,totalAssets,intangibleAssets,earningAssets,otherCurrentAssets,totalLiabilities,totalShareholderEquity,deferredLongTermLiabilities,otherCurrentLiabilities,commonStock,retainedEarnings,otherLiabilities,goodwill,otherAssets,cash,totalCurrentLiabilities,shortTermDebt,currentLongTermDebt,otherShareholderEquity,propertyPlantEquipment,totalCurrentAssets,longTermInvestments,netTangibleAssets,shortTermInvestments,netReceivables,longTermDebt,inventory,accountsPayable,totalPermanentEquity,additionalPaidInCapital,commonStockTotalEquity,preferredStockTotalEquity,retainedEarningsTotalEquity,treasuryStock,accumulatedAmortization,otherNonCurrrentAssets,deferredLongTermAssetCharges,totalNonCurrentAssets,capitalLeaseObligations,totalLongTermDebt,otherNonCurrentLiabilities,totalNonCurrentLiabilities,negativeGoodwill,warrants,preferredStockRedeemable,capitalSurplus,liabilitiesAndShareholderEquity,cashAndShortTermInvestments,accumulatedDepreciation,commonStockSharesOutstanding,reportedCurrency,investments,changeInLiabilities,cashflowFromInvestment,otherCashflowFromInvestment,netBorrowings,cashflowFromFinancing,otherCashflowFromFinancing,changeInOperatingActivities,netIncome_y,changeInCash,operatingCashflow,otherOperatingCashflow,depreciation,dividendPayout,stockSaleAndPurchase,changeInInventory,changeInAccountReceivables,changeInNetIncome,capitalExpenditures,changeInReceivables,changeInExchangeRate,changeInCashAndCashEquivalents,clossingVal,nextClossingVal
0,2020-06-30,USD,0,2786000,0,0,-2767000,-2769000,0,None,-2767000,None,2786000,19000,-2786000,None,None,2000,8000,8000,None,None,None,2000,11000,None,-2769000,-2769000,None,USD,25621000,None,None,630000,835000,24786000,None,None,131000,-282234000,None,None,120000,24787000,835000,None,None,None,None,25501000,None,24786000,None,84000,None,None,835000,None,None,131000,None,-282234000,None,None,120000,None,120000,None,None,None,0,None,None,None,306889000,25621000,24787000,None,130618203,USD,2000,-975000,2000,2000,None,-1000,-1000,-141000,-2769000,-2569000,-2570000,224000,4000,None,None,0,27000,919000,0,27000,None,-2569000,0.55,
1,2020-03-31,USD,0,2893000,0,0,-2723000,-2723000,-129000,None,-2723000,None,3022000,170000,-2893000,None,None,0,87000,87000,None,None,None,None,83000,None,-2723000,-2723000,None,USD,28441000,None,None,851000,1810000,26631000,None,None,131000,-279465000,None,None,123000,27356000,1810000,None,None,None,None,28318000,None,26631000,None,111000,None,0,1810000,None,None,131000,None,-279465000,None,None,123000,None,123000,None,None,None,0,None,None,None,305965000,28441000,27356000,None,130558098,USD,19000,-548000,19000,19000,None,0,-61000,-831000,-2723000,-3190000,-3209000,-385000,6000,None,4996000,0,43000,398000,0,43000,None,-3190000,0.41,0.55
2,2019-12-31,USD,298000,5519000,13000,285000,-3370000,-3370000,145000,None,-3370000,None,5374000,1864000,-5234000,None,None,None,127000,127000,None,None,None,None,1737000,None,-3370000,-3370000,None,USD,31312000,None,None,474000,2358000,28954000,None,225000,130000,-276742000,None,None,206000,30467000,2358000,None,None,None,None,31106000,None,28954000,None,165000,None,None,2358000,None,None,130000,None,-276742000,None,None,206000,None,206000,None,None,None,0,None,None,None,305566000,31312000,30467000,None,130497563,USD,701000,274000,701000,701000,None,-1000,-1000,-157000,-3370000,117000,-583000,-286000,757000,None,4996000,351000,465000,1226000,0,465000,None,117000,0.36,0.41
3,2019-09-30,USD,1230000,7793000,264000,966000,-6292000,-6294000,1445000,None,-6292000,None,6348000,535000,-6827000,None,None,2000,183000,183000,None,None,None,2000,352000,None,-6294000,-6294000,None,USD,37771000,None,None,1394000,6698000,31073000,None,1038000,130000,-273372000,None,None,210000,30350000,3122000,None,None,None,758000,32714000,None,31073000,None,619000,None,351000,2084000,None,None,130000,None,-273372000,None,None,4299000,None,5057000,4614000,None,3576000,3576000,None,None,None,304315000,37771000,30350000,None,130434904,USD,26000,124000,26000,26000,None,-8000,-8000,573000,-6294000,-5137000,-5155000,-385000,174000,None,4996000,-59000,-81000,1366000,0,-81000,None,-5137000,0.26,0.36
4,2019-06-30,USD,668000,7138000,51000,617000,-6323000,-6323000,3823000,None,-6323000,None,3315000,198000,-6521000,None,None,0,197000,197000,None,None,None,None,1000,None,-6323000,-6323000,None,USD,43451000,None,None,726000,7312000,36139000,None,1578000,130000,-267078000,None,None,213000,35487000,3538000,None,None,None,1594000,37356000,None,36139000,None,637000,None,506000,1960000,None,None,130000,None,-267078000,None,None,4501000,None,6095000,4820000,None,3774000,3774000,None,None,None,303087000,43451000,35487000,None,130279463,USD,1000,-1217000,1000,1000,None,4944000,-52000,-873000,-6323000,-990000,-5935000,232000,205000,None,4996000,-16000,-35000,1219000,0,-35000,None,-990000,0.52,0.26
5,2019-03-31,USD,680000,7741000,101000,579000,-6983000,-6983000,4404000,None,-6983000,None,3337000,179000,-7162000,None,None,0,179000,179000,None,None,None,None,0,None,-6983000,-6983000,None,USD,40623000,137000,None,1049000,4325000,36298000,588000,560000,124000,-260755000,588000,None,217000,36477000,3737000,None,None,None,1832000,38574000,None,36298000,None,558000,None,490000,3177000,None,None,124000,None,-260755000,None,None,217000,None,2049000,None,None,None,588000,None,None,None,296929000,40623000,36477000,None,124015429,USD,-42000,374000,-42000,3000,None,6324000,-87000,-130000,-6983000,1205000,-5077000,-509000,156000,None,6411000,559000,44000,1282000,42000,44000,None,1205000,0.99,0.52
6,2018-12-31,USD,779000,7169000,136000,643000,-6399000,-6399000,3782000,None,-6399000,None,3387000,127000,-6526000,None,None,None,None,None,None,None,None,0,127000,None,-6399000,-6399000,None,USD,39685000,None,None,527000,4010000,35675000,600000,607000,118000,-253772000,600000,None,268000,35224000,3410000,None,None,None,1946000,37471000,None,35675000,None,671000,None,1049000,2803000,None,None,118000,None,-253772000,None,None,268000,None,2214000,None,None,None,600000,None,None,None,289329000,39685000,35224000,None,117769919,USD,None,328000,-25000,1000,None,1846000,9000,367000,-6399000,-2131000,-3952000,527000,254000,None,1837000,-13000,257000,1423000,26000,-72000,None,-2131000,0.9571,0.99
7,2018-09-30,USD,943000,6827000,125000,818000,-5837000,-5837000,3187000,None,-5837000,None,3640000,172000,-6009000,None,None,None,None,None,None,None,None,0,172000,None,-5837000,-5837000,None,USD,42625000,None,None,798000,3755000,38870000,464000,816000,115000,-247373000,464000,None,272000,37355000,3291000,None,None,None,2236000,40117000,None,38870000,None,928000,None,1036000,2475000,None,None,115000,None,-247373000,None,None,272000,None,2508000,None,None,None,464000,None,None,None,286128000,42625000,37355000,None,115200421,USD,None,84000,-11000,None,None,2077000,-42000,115000,-5837000,-2258000,-4324000,-288000,282000,None,2119000,8000,-200000,1274000,11000,153000,None,-2258000,1.15,0.9571
8,2018-06-30,USD,689000,8146000,120000,569000,-7413000,-7416000,3379000,None,-7413000,None,4767000,164000,-7577000,None,None,None,None,None,None,None,None,3000,164000,None,-7416000,-7416000,None,USD,45092000,None,None,927000,3736000,41356000,516000,819000,113000,-241536000,526000,None,276000,39613000,3210000,None,None,None,2504000,42312000,None,41356000,None,728000,None,1044000,2391000,None,None,113000,None,-241536000,None,None,276000,None,2780000,None,None,10000,526000,None,None,None,282779000,45092000,39613000,None,113318380,USD,None,-1414000,2000,2000,None,2907000,-103000,-1152000,-7416000,-4113000,-7022000,190000,288000,None,3010000,-202000,300000,1277000,11000,255000,None,-4113000,1.4,1.15
9,2018-03-31,USD,1105000,8688000,4257000,-3152000,-7583000,-7449000,3782000,0,-7447000,0,4431000,None,-7583000,0,0,None,None,None,0,0,0,2000,136000,0,-7449000,-7449000,None,USD,49827000,151000,None,1164000,5241000,44586000,583000,853000,111000,-234120000,583000,None,128000,43726000,4658000,None,None,None,2788000,46760000,None,44586000,None,1028000,None,842000,3805000,None,None,111000,None,-234120000,None,None,279000,None,3067000,None,None,None,583000,None,None,None,278595000,49827000,43726000,None,111032957,USD,None,-201000,-132000,-66000,None,2118000,None,241000,-7449000,-3612000,-5611000,None,305000,None,10113000,-237000,406000,1324000,136000,None,None,None,1.03,1.4
10,2017-12-31,USD,1153000,8870000,192000,961000,-7791000,-7791000,4005000,0,-7791000,0,4865000,118000,-7909000,0,0,None,None,None,0,0,0,0,294000,0,-7791000,-7791000,None,USD,53554000,None,None,891000,4953000,48601000,656000,1037000,109000,-226671000,656000,None,308000,47338000,4297000,None,None,-13000,2978000,50268000,None,48601000,None,1434000,None,605000,3260000,None,None,109000,None,-226671000,None,None,308000,None,3286000,None,None,None,656000,None,None,None,275176000,53554000,47338000,None,109322626,USD,None,154000,-34000,4000,None,7995000,None,-11000,-7791000,-3394000,-6444000,None,315000,None,3086000,-109000,-252000,1250000,90000,None,None,None,1.34,1.03
11,2017-09-30,USD,1355000,10680000,254000,1101000,-9461000,-9461000,4944000,0,-9461000,0,5736000,118000,-9579000,0,0,None,None,None,0,0,0,0,-274000,0,-9461000,-9461000,None,USD,56911000,None,None,934000,4853000,52058000,728000,827000,107000,-218880000,728000,None,312000,50732000,4125000,None,None,-11000,3255000,53344000,None,52058000,None,1182000,None,496000,3298000,None,None,107000,None,-218880000,None,None,312000,None,3567000,None,None,None,728000,None,None,None,270842000,56911000,50732000,None,106904525,USD,None,448000,-45000,4000,None,1952000,None,1400000,-9461000,-4242000,-6149000,541000,321000,None,1952000,-35000,-410000,2298000,45000,-261000,None,-4242000,2.22,1.34
12,2017-06-30,USD,990000,10889000,301000,689000,-10102000,-10102000,5033000,0,-10102000,0,5856000,98000,-10200000,0,0,None,None,None,0,0,0,0,98000,0,-10102000,-10102000,None,USD,61712000,None,None,1661000,4443000,57269000,755000,1019000,106000,-209419000,755000,None,316000,54974000,3688000,None,None,-11000,3528000,57868000,None,57269000,None,772000,None,461000,2669000,None,None,106000,None,-209419000,None,None,316000,None,3844000,None,None,None,755000,None,None,None,266593000,61712000,54974000,None,105000000,USD,None,-2341000,-81000,-70000,None,2957000,None,-2542000,-10102000,-7777000,-10653000,-552000,326000,None,2957000,89000,-125000,2052000,11000,-125000,None,-7777000,2.63,2.22
13,2017-03-31,USD,812000,42805000,10894000,-17211000,-28995000,-28866000,5533000,0,-28844000,0,16758000,None,-28944000,0,0,None,None,None,0,0,0,22000,100000,0,-28866000,-28866000,None,USD,69180000,95000,None,1144000,6818000,62362000,807000,739000,104000,-199317000,807000,None,248000,62751000,6011000,None,None,-11000,3840000,65092000,None,62362000,None,647000,None,550000,5272000,None,None,104000,None,-199317000,None,None,248000,None,4088000,None,None,None,807000,None,None,None,261586000,69180000,62751000,None,104551466,USD,None,2035000,-1391000,-48000,None,31247000,None,1359000,-38447000,660000,-29185000,None,1149000,None,31247000,-216000,-388000,7444000,1354000,None,None,None,3.18,2.63
14,2016-12-31,USD,1151000,10570000,212000,939000,-9580000,-9581000,5024000,0,-9580000,0,5546000,51000,-9631000,0,0,None,None,None,0,0,0,1000,51000,0,-9581000,-9581000,None,USD,76131000,None,None,589000,5227000,70904000,786000,775000,104000,-188660000,786000,None,251000,69996000,4441000,8000,None,-10000,3937000,71943000,None,70904000,None,1030000,None,328000,3658000,None,None,104000,None,-188660000,None,None,251000,None,4188000,None,None,None,786000,None,None,None,259470000,76131000,69996000,None,104095729,USD,None,421000,-657000,-48000,None,30983000,None,285000,-9581000,18273000,-7050000,None,322000,None,25983000,6000,-424000,2017000,1061000,None,None,None,3.39,3.18
15,2016-09-30,USD,1376000,10462000,393000,983000,-9442000,-9442000,4544000,0,-9442000,0,5918000,37000,-9479000,0,0,None,None,None,0,0,0,-22000,0,0,-9442000,-9442000,None,USD,57536000,None,None,908000,5049000,52487000,829000,626000,94000,-179079000,829000,None,207000,51723000,4220000,9000,None,-7000,3647000,53682000,None,52487000,None,606000,None,445000,3585000,None,None,94000,None,-179079000,None,None,207000,None,3854000,None,None,None,829000,None,None,None,231479000,57536000,51723000,None,93750862,USD,None,1077000,-440000,None,None,5000000,None,None,-9442000,-1808000,-6368000,89000,251000,None,5000000,67000,None,2093000,440000,-503000,-7000,-1815000,3.79,3.39
16,2016-06-30,USD,891000,9500000,168000,723000,-8745000,-8767000,4444000,0,-8745000,0,5056000,32000,-8777000,0,0,None,None,None,0,0,0,22000,0,0,-8767000,-8767000,None,USD,58847000,None,None,1028000,4004000,54843000,868000,931000,92000,-169637000,868000,None,210000,53538000,3136000,9000,None,None,3456000,55181000,None,54843000,None,103000,None,512000,2196000,None,None,92000,None,-169637000,None,None,210000,None,3666000,None,None,None,868000,None,None,None,224388000,58847000,53538000,None,92389730,USD,None,-1360000,-12000,None,None,None,None,None,-8767000,-8553000,-8541000,-77000,251000,None,None,-178000,156000,1434000,12000,156000,None,-8553000,3.72,3.79
17,2016-03-31,USD,548000,40126000,8724000,-16525000,-38643000,-38575000,4541000,0,-38572000,0,22118000,None,-38643000,0,0,None,None,None,0,0,0,3000,71000,0,-38575000,-38575000,None,USD,67576000,105000,None,968000,5395000,62181000,905000,1249000,92000,-160870000,905000,None,213000,62091000,4490000,4000,None,None,3711000,63652000,None,62181000,None,259000,None,334000,3237000,None,None,92000,None,-160870000,None,None,213000,None,3924000,None,None,None,905000,None,None,None,222959000,67576000,62091000,None,92391989,USD,None,251000,-2135000,-48000,-5000,43452000,None,187000,-38575000,11949000,-29368000,None,815000,None,43457000,-268000,-259000,8481000,2114000,None,None,None,2.17,3.72
18,2015-12-31,USD,328000,10798000,10562000,328000,-10455000,-10455000,4586000,0,-10455000,0,6212000,15000,-10470000,0,0,None,None,None,0,0,0,0,0,0,-10455000,-10455000,None,USD,74536000,None,None,483000,5497000,69039000,None,2523000,92000,-152498000,None,None,231000,70026000,5497000,14000,None,None,3560000,70745000,None,69039000,None,165000,None,71000,2960000,None,None,92000,None,-152498000,None,None,231000,None,3791000,None,None,None,None,None,None,None,221445000,74536000,70026000,None,92413951,USD,None,None,None,None,None,43452000,None,None,None,None,None,None,None,None,None,None,None,None,1711000,None,None,None,2.49,2.17
19,2015-09-30,USD,301000,11585000,11396000,301000,-11257000,-11257000,4739000,0,-11257000,0,6846000,27000,-11284000,0,0,None,None,None,0,0,0,-3000,0,0,-11257000,-11257000,None,USD,81676000,None,None,714000,5525000,76151000,7000,2514000,92000,-142043000,7000,None,218000,76863000,5518000,16000,None,None,3633000,77825000,None,76151000,None,180000,None,68000,2988000,None,None,92000,None,-142043000,None,None,217800,None,3850800,None,None,None,7000,None,None,None,218102000,81676000,76863000,None,92327772,USD,None,269000,-436000,-21000,-2000,-75000,None,None,-11257000,-9137000,-8626000,68000,189000,None,-73000,1000,None,2152000,415000,-48000,None,-9137000,2.68,2.49
