,fiscalDateEnding,reportedCurrency_x,totalRevenue,totalOperatingExpense,costOfRevenue,grossProfit,ebit,netIncome_x,researchAndDevelopment,effectOfAccountingCharges,incomeBeforeTax,minorityInterest,sellingGeneralAdministrative,otherNonOperatingIncome,operatingIncome,otherOperatingExpense,interestExpense,taxProvision,interestIncome,netInterestIncome,extraordinaryItems,nonRecurring,otherItems,incomeTaxExpense,totalOtherIncomeExpense,discontinuedOperations,netIncomeFromContinuingOperations,netIncomeApplicableToCommonShares,preferredStockAndOtherAdjustments,reportedCurrency_y,totalAssets,intangibleAssets,earningAssets,otherCurrentAssets,totalLiabilities,totalShareholderEquity,deferredLongTermLiabilities,otherCurrentLiabilities,commonStock,retainedEarnings,otherLiabilities,goodwill,otherAssets,cash,totalCurrentLiabilities,shortTermDebt,currentLongTermDebt,otherShareholderEquity,propertyPlantEquipment,totalCurrentAssets,longTermInvestments,netTangibleAssets,shortTermInvestments,netReceivables,longTermDebt,inventory,accountsPayable,totalPermanentEquity,additionalPaidInCapital,commonStockTotalEquity,preferredStockTotalEquity,retainedEarningsTotalEquity,treasuryStock,accumulatedAmortization,otherNonCurrrentAssets,deferredLongTermAssetCharges,totalNonCurrentAssets,capitalLeaseObligations,totalLongTermDebt,otherNonCurrentLiabilities,totalNonCurrentLiabilities,negativeGoodwill,warrants,preferredStockRedeemable,capitalSurplus,liabilitiesAndShareholderEquity,cashAndShortTermInvestments,accumulatedDepreciation,commonStockSharesOutstanding,reportedCurrency,investments,changeInLiabilities,cashflowFromInvestment,otherCashflowFromInvestment,netBorrowings,cashflowFromFinancing,otherCashflowFromFinancing,changeInOperatingActivities,netIncome_y,changeInCash,operatingCashflow,otherOperatingCashflow,depreciation,dividendPayout,stockSaleAndPurchase,changeInInventory,changeInAccountReceivables,changeInNetIncome,capitalExpenditures,changeInReceivables,changeInExchangeRate,changeInCashAndCashEquivalents,clossingVal,nextClossingVal
0,2020-06-30,USD,1183000,None,None,None,None,-347000,None,None,-347000,None,668000,None,None,122000,476000,0,1626000,1150000,None,None,None,None,None,None,-347000,-347000,None,USD,180823000,None,None,None,171146000,9677000,None,None,29000,-32265000,346000,None,136916000,29948000,None,None,None,-119000,2431000,None,9478000,9677000,4409000,958000,30568000,None,None,None,None,None,None,None,None,None,None,None,None,993000,None,None,None,None,None,None,None,None,None,None,None,USD,-28152000,0,-28152000,-1000,4988000,39799000,32311000,-308000,-347000,11060000,-587000,None,76000,None,None,None,-518000,523000,7000,None,None,None,2.44,
1,2020-03-31,USD,2383000,-1188000,None,2383000,3571000,-308000,None,None,-308000,None,-1188000,None,3571000,139000,-507000,0,1503000,996000,None,None,None,None,None,None,-308000,-308000,None,USD,141368000,None,15683000,None,133877000,7491000,None,105759000,29000,-31918000,441000,None,108049000,19979000,128759000,23000000,None,-152000,1483000,25357000,112711000,7491000,4938000,440000,2580000,None,None,None,None,29000,None,-31918000,None,None,1817000,None,116011000,1027000,2580000,2538000,5118000,None,None,None,39532000,141368000,24917000,None,2951353,USD,405000,-17000,-4940000,-5205000,10000000,14926000,4387000,-27000,-308000,9954000,-32000,62000,84000,None,539000,None,-8000,155000,140000,-8000,None,9954000,2.4943,2.44
2,2019-12-31,USD,2521000,-1300000,None,2521000,3821000,-244000,None,None,-244000,None,-1300000,None,3821000,260000,-562000,0,1478000,904000,None,None,None,None,40000,None,-244000,-244000,None,USD,126748000,None,18680000,432000,119541000,7207000,None,101372000,28000,-31610000,325000,None,103081000,9576000,114372000,13000000,None,-205000,1389000,15417000,108039000,7207000,5409000,432000,2580000,None,101372000,None,None,28000,None,-31610000,None,None,1903000,None,111331000,1061000,2580000,2589000,5169000,None,None,None,38994000,126748000,14985000,None,2853171,USD,832000,293000,-8108000,-8648000,10000000,8107000,8107000,638000,-244000,534000,535000,382000,91000,None,None,None,-78000,91000,292000,-78000,None,534000,2.77,2.4943
3,2019-09-30,USD,1968000,-987000,None,1968000,2955000,-280000,None,None,-280000,None,-987000,None,2955000,79000,-538000,0,1261000,723000,None,None,None,None,-18000,None,-280000,-280000,None,USD,119305000,None,19040000,354000,114513000,4792000,None,93265000,19000,-31366000,1928000,None,94008000,9042000,106265000,13000000,None,-220000,2753000,15257000,98276000,4792000,5861000,354000,5155000,None,93265000,None,None,19000,None,-31366000,None,None,3019000,None,104048000,1095000,5155000,3093000,8248000,None,None,None,36359000,119305000,14903000,None,1928776,USD,-10624000,0,-10624000,-449000,10000000,7364000,7364000,-595000,-280000,-3917000,-657000,-173000,98000,None,None,None,16000,45000,123000,16000,None,-3917000,2.9852,2.77
4,2019-06-30,USD,840000,-1270000,0,2086000,3356000,-430000,0,0,-430000,0,694000,0,3356000,314000,493000,0,1246000,753000,0,0,0,0,-18000,0,-430000,-430000,0,USD,111270000,0,23951000,370000,106226000,5044000,0,85901000,19000,-31086000,1780000,0,82174000,12317000,98901000,13000000,0,-245000,2922000,19542000,12845000,5044000,6213000,370000,18155000,0,85901000,0,0,19000,0,-31086000,0,0,1559000,0,91728000,0,5155000,2170000,7325000,0,0,0,36356000,111270000,19172000,0,2000000,USD,-6073000,0,-6073000,-449000,10000000,5077000,5077000,-66000,-430000,-1242000,-246000,74000,44000,0,0,0,-46000,201000,51000,-46000,0,-1242000,3.5,2.9852
5,2019-03-31,USD,1988000,-984000,0,1988000,2972000,-146000,0,0,-198000,0,-984000,0,2972000,119000,-453000,-52000,1202000,749000,0,0,0,-52000,-4000,0,-146000,-146000,0,USD,106722000,0,21135000,324000,101549000,5173000,0,80824000,18000,-30660000,2041000,0,80123000,14201000,93824000,13000000,0,-313000,2669000,16716000,85453000,5173000,2191000,324000,5155000,0,80824000,0,0,18000,0,-30660000,0,0,1884000,0,90006000,0,5155000,2570000,7725000,0,0,0,36128000,106722000,16392000,0,1858020,USD,837000,192000,-520000,-1314000,-12160000,6286000,18446000,-136000,-146000,5576000,-190000,-311000,85000,0,0,0,-10000,201000,43000,-10000,0,5576000,3.95,3.5
6,2018-12-31,USD,2566000,1043000,0,2566000,1523000,-621000,0,0,2161000,0,1043000,0,1523000,53000,-638000,None,1132000,752000,0,0,0,0,-6000,0,2161000,-621000,0,USD,100368000,0,16679000,314000,95062000,5306000,0,62378000,18000,-30510000,2095000,0,78773000,9115000,86978000,24600000,19600000,-330000,2668000,11788000,84339000,5306000,2359000,314000,5715000,0,62378000,0,0,18000,0,-30510000,0,0,1573000,0,88580000,0,5715000,2369000,8084000,0,0,0,36128000,100368000,11474000,0,1858020,USD,578000,-210000,-752000,13412000,-5490000,3059000,239000,-256000,-621000,1936000,-371000,300000,113000,0,110000,0,0,346000,40000,43000,0,1936000,3.0,3.95
7,2018-09-30,USD,1908000,1005000,0.01,1908000,903000,-202000,0,0,1226000,0,1005000,0,903000,110000,-323000,None,None,None,0,0,0,0,-30000,0,1226000,-202000,0,USD,98118000,0,None,361000,92323000,5795000,0,58039000,17000,-29889000,2186000,0,77826000,7262000,84589000,26550000,0,-352000,2672000,10201000,83710000,5795000,2578000,361000,5155000,0,58039000,0,0,17000,0,-29889000,0,0,1535000,0,87917000,0,5155000,2579000,7734000,0,0,0,36019000,98118000,9840000,0,1813670,USD,481000,156000,-4855000,-5247000,-1390000,6491000,6480000,220000,-202000,1717000,81000,-2036000,96000,0,11000,0,0,346000,89000,-33000,0,1717000,5.0767,3.0
8,2018-06-30,USD,3936000,989000,0,3936000,2947000,1904000,0,0,3232000,0,989000,0,2947000,105000,-285000,None,None,None,0,0,0,0,-39000,0,3232000,1904000,0,USD,90764000,0,None,328000,85687000,5077000,0,51559000,15000,-29687000,2124000,0,71757000,5545000,78109000,26550000,21740.15,-356000,2627000,8615000,78825000,5077000,2742000,328000,5155000,0,51559000,0,0,15000,0,-29687000,0,0,697000,0,82149000,0,5155000,2423000,7578000,0,0,0,35105000,90764000,8287000,0,1508892,USD,151000,472000,263000,104000,2783000,-397000,-3538000,472000,1904000,186000,320000,0,88000,0,358000,0,0,-2100000,8000,-44000,0,186000,4.5,5.0767
9,2018-03-31,USD,766000,1051000,260000,766000,-285000,-285000,0,0,-285000,0,1051000,None,-285000,304000,280000,None,None,None,0,0,0,0,-39000,0,-285000,-285000,None,USD,88844000,0,None,284000,85971000,2873000,0,57864000,13000,-31591000,1905000,0,69776000,5123000,78864000,21000000,28922000,-297000,2671000,16397000,69100000,2873000,10990000,284000,5155000,0,55097000,0,0,13000,0,-31591000,0,None,676000,None,72447000,None,5155000,1952000,7107000,None,None,None,34748000,88844000,16113000,None,1286503,USD,357000,151000,-674000,-918000,3267000,-6841000,-10154000,148000,-285000,-7521000,-6000,-3000,99000,0,46000,0,32000,-2100000,113000,32000,None,-7521000,4.23,4.5
10,2017-12-31,USD,962000,-5408000,294000,962000,6370000,-82000,0,0,-1952000,0,-5408000,None,6370000,670000,1201000,None,None,None,0,0,0,0,-202000,0,-1952000,-82000,None,USD,95866000,0,None,316000,93321000,2545000,0,65251000,11000,-31306000,2415000,0,13388000,12644000,85751000,20500000,5000000,-250000,2593000,24397000,68220000,2545000,11437000,316000,5155000,0,65251000,0,0,11000,0,-31306000,0,None,656000,None,71469000,None,5155000,2415000,7570000,None,None,None,34090000,95866000,24081000,None,1120947,USD,4703000,190000,5799000,1120000,-3000000,-12682000,-9712000,725000,-79000,-6849000,34000,-71000,-73000,0,30000,0,64000,17000,24000,50000,None,-6849000,4.7,4.23
11,2017-09-30,USD,879000,-935000,309000,879000,1814000,-56000,0,0,1814000,0,-935000,None,1814000,-287000,-62000,None,None,None,0,0,0,0,0,0,1814000,-56000,None,USD,108472000,0,None,366000,105843000,2629000,0,77374000,11000,-31227000,2814000,0,18163000,19493000,97874000,20500000,25655000,-194000,2601000,36058000,69194000,2629000,16199000,366000,5155000,0,77374000,0,0,11000,0,-31227000,0,None,619000,None,72414000,None,5155000,2814000,7969000,None,None,None,34039000,108472000,35692000,None,1103447,USD,-4706000,13000,2934000,6122000,3267000,-4252000,-4252000,58000,-58000,-1222000,96000,45000,126000,0,375000,0,14000,-7000,38000,-23000,None,-1222000,2.08,4.7
12,2017-06-30,USD,809000,977000,313000,809000,-168000,-168000,0,0,-168000,0,977000,None,-168000,101000,-199000,None,None,None,0,0,0,0,0,0,-168000,-168000,None,USD,112755000,0,None,343000,110082000,2673000,0,81650000,11000,-31169000,2777000,0,21155000,20715000,102150000,20500000,25655000,-208000,2608000,40219000,69256000,2673000,19161000,343000,5155000,0,81650000,0,0,11000,0,-31169000,0,None,672000,None,72536000,None,5155000,2777000,7932000,None,None,None,34039000,112755000,39876000,None,1103447,USD,8341000,211000,6775000,0,3267000,-5180000,-5180000,324000,-169000,1955000,360000,113000,166000,0,375000,0,37000,-7000,10000,39000,None,1955000,2.9932,2.08
13,2017-03-31,USD,922000,1205000,280000,922000,-283000,-283000,0,0,-283000,0,1205000,None,-283000,0,256000,None,None,None,0,0,0,0,0,0,-283000,-283000,None,USD,117865000,0,None,None,115051000,2814000,0,86993000,11000,-31000000,2403000,0,21922000,18760000,107493000,20500000,20500000,-236000,2630000,38901000,75532000,2814000,19759000,382000,5155000,0,86993000,0,0,11000,0,-31000000,0,None,802000,None,78964000,None,5155000,2403000,7558000,None,None,None,34039000,117865000,38519000,None,1103447,USD,433000,335000,1967000,1556000,-3000000,-1906000,-1906000,-111000,-283000,141000,80000,-111000,141000,0,0,0,0,-7000,22000,-2000,None,141000,3.1495,2.9932
14,2016-12-31,USD,629000,717000,269000,629000,-88000,-88000,0,0,-88000,0,717000,None,-88000,433600,1078000,None,None,None,0,0,0,320000,-130000,0,-88000,-88000,None,USD,119703000,0,None,380000,116622000,3081000,0,86009000,11000,-30717000,1958000,0,22416000,18753000,109509000,23500000,18500000,-252000,2648000,39355000,76999000,3081000,20222000,380000,5155000,0,86009000,0,0,11000,0,-30717000,0,None,701000,None,80348000,None,5155000,1958000,7113000,None,None,None,34039000,119703000,38975000,None,1103447,USD,23194000,-22000,7746000,-15442000,3000000,-1760000,-4760000,199000,-88000,6200000,214000,-211000,324000,0,30000,0,82000,202000,6000,9000,None,6200000,3.78,3.1495
15,2016-09-30,USD,982000,960000,272000,982000,22000,22000,0,0,22000,0,960000,None,22000,0,-220000,None,None,None,0,0,0,-320000,0,0,22000,22000,None,USD,121721000,0,None,None,118404000,3317000,0,90308000,11000,-30629000,2441000,0,23857000,12458000,110808000,20500000,None,-90000,5092000,34778000,81332000,3317000,21931000,389000,5155000,2412000,90308000,0,0,11000,0,-30629000,0,None,519000,None,86943000,None,5155000,2441000,7596000,None,None,None,34025000,121721000,34389000,None,1099826,USD,-18761000,263000,-747000,18028000,None,-1709000,-1709000,None,23000,-2224000,232000,215000,-37000,0,30000,0,73000,-193000,14000,-39000,None,-2224000,4.75,3.78
16,2016-06-30,USD,970000,1024000,282000,970000,-54000,-54000,0,0,-54000,0,1024000,None,-54000,0,221000,None,None,None,0,0,0,0,0,0,-54000,-54000,None,USD,123648000,0,None,None,119988000,3660000,0,92141000,11000,-30652000,2192000,0,25456000,14681000,112641000,20500000,None,86000,5118000,38353000,79410000,3660000,23322000,350000,5155000,2412000,92141000,0,0,11000,0,-30652000,0,None,767000,None,85295000,None,5155000,2192000,7347000,None,None,None,34215000,123648000,38003000,None,1143916,USD,4845000,-197000,4795000,1617000,-3250000,-3029000,-229000,None,-55000,1772000,6000,91000,81000,0,450000,0,112000,-6000,50000,92000,None,1772000,3.75,4.75
17,2016-03-31,USD,960000,1236000,256000,960000,-276000,-276000,0,0,-276000,0,1236000,None,-276000,0,0,None,None,None,0,0,0,0,0,0,-276000,-276000,None,USD,126594000,0,None,None,123534000,3060000,0,92542000,10000,-30597000,2087000,0,26274000,13027000,116292000,23750000,None,20000,5106000,37523000,83322000,3060000,24054000,442000,5155000,2412000,92542000,0,0,10000,0,-30597000,0,None,643000,None,89071000,None,5155000,2087000,7242000,None,None,None,33627000,126594000,37081000,None,1011567,USD,986000,159000,2572000,1617000,3750000,-1144000,-4894000,None,-276000,1527000,99000,-99000,112000,0,0,0,20000,183000,31000,20000,None,1527000,4.67,3.75
18,2015-12-31,USD,1004000,-5321000,229000,1004000,6325000,-33000,0,0,-33000,0,-5321000,None,6325000,443900,884000,None,None,None,0,0,0,-320000,-710000,0,-33000,-33000,None,USD,127478000,0,None,462000,124511000,2967000,0,97571000,96000,-30321000,1785000,0,27808000,11331000,117571000,20000000,20000000,-138000,6732000,37542000,82573000,2967000,25749000,462000,5155000,4029000,97571000,0,0,96000,0,-30321000,0,None,631000,None,89936000,None,5155000,1785000,6940000,None,None,None,33330000,127478000,37080000,None,9628863,USD,-7397000,-279000,-6093000,1344000,4000000,8387000,4362000,-265000,-33000,2085000,-209000,81000,94000,0,25000,0,0,-55000,40000,-17000,None,2085000,0.372,4.67
19,2015-09-30,USD,1092000,-1366000,223000,1092000,2458000,46000,0,0,-274000,0,-1366000,None,2458000,0,0,None,None,None,0,0,0,-320000,0,0,46000,46000,None,USD,119607000,0,None,None,116428000,3179000,0,92804000,95000,-30288000,2469000,0,27548000,9150000,108804000,16000000,None,79000,6729000,35249000,77050000,3179000,25654000,445000,5155000,3990000,92804000,0,0,95000,0,-30288000,0,None,579000,None,84358000,None,5155000,2469000,7624000,None,None,None,33293000,119607000,34804000,None,9593859,USD,-727000,-643000,5529000,6269000,-10740000,-12569000,-5884000,None,46000,-6784000,256000,216000,382000,0,55000,0,0,264000,13000,-9000,None,-6784000,1.07,0.372
