,fiscalDateEnding,reportedCurrency_x,totalRevenue,totalOperatingExpense,costOfRevenue,grossProfit,ebit,netIncome_x,researchAndDevelopment,effectOfAccountingCharges,incomeBeforeTax,minorityInterest,sellingGeneralAdministrative,otherNonOperatingIncome,operatingIncome,otherOperatingExpense,interestExpense,taxProvision,interestIncome,netInterestIncome,extraordinaryItems,nonRecurring,otherItems,incomeTaxExpense,totalOtherIncomeExpense,discontinuedOperations,netIncomeFromContinuingOperations,netIncomeApplicableToCommonShares,preferredStockAndOtherAdjustments,reportedCurrency_y,totalAssets,intangibleAssets,earningAssets,otherCurrentAssets,totalLiabilities,totalShareholderEquity,deferredLongTermLiabilities,otherCurrentLiabilities,commonStock,retainedEarnings,otherLiabilities,goodwill,otherAssets,cash,totalCurrentLiabilities,shortTermDebt,currentLongTermDebt,otherShareholderEquity,propertyPlantEquipment,totalCurrentAssets,longTermInvestments,netTangibleAssets,shortTermInvestments,netReceivables,longTermDebt,inventory,accountsPayable,totalPermanentEquity,additionalPaidInCapital,commonStockTotalEquity,preferredStockTotalEquity,retainedEarningsTotalEquity,treasuryStock,accumulatedAmortization,otherNonCurrrentAssets,deferredLongTermAssetCharges,totalNonCurrentAssets,capitalLeaseObligations,totalLongTermDebt,otherNonCurrentLiabilities,totalNonCurrentLiabilities,negativeGoodwill,warrants,preferredStockRedeemable,capitalSurplus,liabilitiesAndShareholderEquity,cashAndShortTermInvestments,accumulatedDepreciation,commonStockSharesOutstanding,reportedCurrency,investments,changeInLiabilities,cashflowFromInvestment,otherCashflowFromInvestment,netBorrowings,cashflowFromFinancing,otherCashflowFromFinancing,changeInOperatingActivities,netIncome_y,changeInCash,operatingCashflow,otherOperatingCashflow,depreciation,dividendPayout,stockSaleAndPurchase,changeInInventory,changeInAccountReceivables,changeInNetIncome,capitalExpenditures,changeInReceivables,changeInExchangeRate,changeInCashAndCashEquivalents,clossingVal,nextClossingVal
0,2020-04-30,USD,551000,2680000,452000,99000,-2037000,-1219000,941000,None,-2114000,None,1287000,-8000,-2129000,None,-23000,-895000,22000,22000,None,None,None,-895000,-7000,None,-1219000,-1219000,None,USD,13538000,None,None,588000,3045000,10493000,None,329000,13000,-220136000,65000,None,221000,10002000,1902000,None,None,-183000,1664000,11653000,None,10493000,None,105000,65000,None,220000,None,None,13000,None,-220136000,-302000,None,221000,None,1885000,1407000,65000,1078000,1143000,None,None,None,231101000,13538000,10002000,None,None,USD,-4000,-28000,-4000,None,None,2094000,-16000,-664000,-1219000,125000,-1948000,83000,92000,None,0,None,-35000,122000,4000,-35000,None,142000,0.4463,
1,2020-02-29,USD,551000,2680000,452000,99000,-2037000,-1219000,941000,None,-2114000,None,1287000,None,-2129000,None,None,-895000,22000,22000,None,None,None,-895000,-7000,None,-1219000,-1219000,None,USD,13538000,None,None,588000,3045000,10493000,None,None,13000,-220136000,65000,None,221000,10002000,1902000,None,None,-183000,1664000,11653000,None,10493000,None,105000,None,None,220000,None,None,None,None,None,None,None,221000,None,1885000,1407000,None,None,1143000,None,None,None,None,None,None,None,None,USD,-4000,-28000,-4000,None,None,2094000,None,-664000,-1219000,125000,-1948000,None,92000,None,0,None,-35000,122000,4000,None,None,None,0.6223,0.4463
2,2020-01-31,USD,725000,3670000,681000,44000,-2855000,-2919000,896000,None,-2919000,None,2093000,-1000,-2945000,None,-27000,0,27000,27000,None,None,None,None,-1000,None,-2919000,-2919000,None,USD,13756000,None,None,1095000,3982000,9774000,None,-1000,9000,-218917000,None,None,221000,9877000,2843000,None,None,-183000,1751000,11784000,None,9774000,71000,70000,None,None,118000,None,None,9000,None,-218917000,-302000,None,221000,None,1972000,1361000,None,1139000,1139000,None,None,None,229167000,13756000,9877000,None,6000000,USD,-20000,-751000,-20000,None,None,1626000,2000,306000,-2919000,-617000,-2213000,-594000,90000,None,0,None,927000,58000,20000,927000,None,-607000,0.825,0.6223
3,2019-11-30,USD,725000,3670000,681000,44000,-2855000,-2919000,896000,None,-2919000,None,2093000,None,-2945000,None,None,0,27000,27000,None,None,None,None,-1000,None,-2919000,-2919000,None,USD,13756000,None,None,1095000,3982000,9774000,None,-1000,9000,-218917000,None,None,221000,9877000,2843000,None,None,-183000,1751000,11784000,None,9774000,None,70000,None,None,118000,None,None,None,None,None,None,None,221000,None,1972000,1361000,None,None,1139000,None,None,None,None,None,None,None,None,USD,-20000,-751000,-20000,None,None,1626000,2000,306000,-2919000,-617000,-2213000,None,90000,None,0,None,927000,58000,20000,None,None,None,1.06,0.825
4,2019-10-31,USD,204000,3435000,288000,-84000,-3143000,-3189000,1309000,None,-3189000,None,1838000,10000,-3231000,None,-32000,None,32000,32000,None,None,None,None,10000,None,-3189000,-3189000,None,USD,15258000,None,None,904000,4510000,10748000,None,1205000,7000,-215998000,None,None,220000,10495000,3312000,None,None,-173000,1824000,13214000,None,10748000,111000,997000,None,None,177000,None,None,7000,None,-215998000,-302000,None,220000,None,2044000,1413000,None,1198000,1198000,None,None,None,227214000,15258000,10495000,None,6000000,USD,-13000,889000,-13000,None,None,746000,2000,232000,-3189000,-2065000,-2813000,861000,88000,None,0,None,-925000,67000,13000,-925000,None,-2080000,1.44,1.06
5,2019-08-31,USD,204000,3435000,288000,-84000,-3143000,-3189000,1309000,None,-3189000,None,1838000,None,-3231000,None,None,None,32000,32000,None,None,None,None,10000,None,-3189000,-3189000,None,USD,15258000,None,None,904000,4510000,10748000,None,None,7000,-215998000,None,None,220000,10495000,3312000,None,None,-173000,1824000,13214000,None,10748000,None,997000,None,None,177000,None,None,None,None,None,None,None,220000,None,2044000,1413000,None,None,1198000,None,None,None,None,None,None,None,None,USD,-13000,889000,-13000,None,None,746000,2000,232000,-3189000,-2065000,-2813000,None,88000,None,0,None,-925000,67000,13000,None,None,None,1.65,1.44
6,2019-07-31,USD,202000,3262000,367000,-165000,-2975000,-3025000,1198000,None,-3025000,None,1697000,-7000,-3060000,None,-42000,None,42000,42000,None,None,None,None,-7000,None,-3025000,-3025000,None,USD,16159000,None,None,704000,3331000,12828000,None,386000,6000,-212809000,None,None,155000,13332000,2078000,None,None,-166000,1897000,14107000,None,12828000,104000,71000,None,None,98000,None,None,6000,None,-212809000,-302000,None,155000,None,2052000,1461000,None,1253000,1253000,None,None,None,226099000,16159000,13332000,None,6000000,USD,-28000,-225000,-28000,None,None,-19000,-18000,-409000,-3025000,-3672000,-3605000,-161000,85000,None,-1000,None,-9000,99000,28000,-9000,None,-3652000,1.65,1.65
7,2019-05-31,USD,202000,3262000,367000,-165000,-2975000,-3025000,1198000,None,-3025000,None,1697000,None,-3060000,None,None,None,42000,42000,None,None,None,None,-7000,None,-3025000,-3025000,None,USD,16159000,None,None,None,3331000,12828000,None,None,6000,-212809000,None,None,155000,13332000,2078000,None,None,-166000,1897000,14107000,None,12828000,None,71000,None,None,98000,None,None,None,None,None,None,None,155000,None,2052000,1461000,None,None,1253000,None,None,None,None,None,None,None,None,USD,-28000,-225000,-28000,None,None,-19000,-18000,-409000,-3025000,-3672000,-3605000,None,85000,None,-1000,None,-9000,99000,28000,None,None,None,2.19,1.65
8,2019-04-30,USD,192000,2586000,124000,68000,-2518000,-2505000,879000,None,-2505000,None,1707000,None,-2518000,None,-13000,0,12000,12000,None,None,None,-1700000,0,None,-805000,-2505000,None,USD,18366000,None,None,896000,2591000,15775000,147000,188000,5000,-209784000,147000,None,155000,16660000,2444000,6000,None,-171000,592000,17619000,None,15775000,0,63000,None,None,2250000,None,None,5000,None,-209784000,-301000,None,155000,None,747000,0,None,None,147000,None,None,None,226026000,18366000,16660000,None,1000000,USD,0,-476000,-29000,25000,None,16743000,15712000,-69000,-2505000,14453000,-2290000,690000,45000,None,1031000,None,3000,95000,54000,3000,None,14453000,2.78,2.19
9,2019-01-31,USD,268000,3390000,400000,-132000,-3463000,-2611000,1382000,None,-3461000,None,2008000,59000,-3522000,None,-2000,-850000,None,None,None,None,None,850000,59000,None,-4311000,-2611000,None,USD,4577000,None,None,1504000,3128000,1449000,147000,256000,20000,-207279000,147000,None,155000,2220000,2981000,19000,None,-164000,632000,3790000,None,1449000,0,66000,None,None,2706000,None,None,20000,None,-207279000,-301000,None,155000,None,787000,None,None,None,147000,None,None,None,209173000,4577000,2220000,None,1000000,USD,-2000,797000,-2000,25000,-4000,392000,-18000,243000,-2611000,-1845000,-2235000,-362000,45000,None,396000,None,401000,-594000,2000,401000,None,-1845000,0.32,2.78
10,2018-10-31,USD,141000,3423000,637000,-496000,-3897000,-3890000,1574000,None,-3890000,None,1849000,22000,-3919000,None,-7000,None,None,None,None,None,None,0,29000,None,-3890000,-3890000,None,USD,6694000,0,None,1545000,3095000,3599000,147000,373000,19000,-204668000,147000,0,155000,3851000,2948000,70000,None,-165000,676000,5863000,None,3599000,550000,467000,0,0,2505000,0,0,19000,0,-204668000,-301000,None,155000,None,831000,None,None,None,147000,None,None,None,208714000,6694000,3851000,None,1000000,USD,25000,114000,3000,0,-10000,57000,-18000,62000,-3890000,-3762000,-3822000,241000,45000,0,67000,0,-380000,33000,22000,-365000,None,-3762000,0.5047,0.32
11,2018-07-31,USD,31000,3201000,142000,-111000,-3253000,-3240000,1149000,None,-3240000,None,2052000,59000,-3312000,None,-13000,None,None,None,None,None,None,0,-105000,None,-3240000,-3240000,None,USD,9784000,0,None,1152000,2704000,7080000,145000,24000,18000,-200778000,145000,0,155000,7644000,2559000,130000,14000,-156000,706000,8923000,None,7080000,25000,102000,0,0,2405000,0,0,18000,0,-200778000,-300000,None,155000,None,861000,None,None,None,145000,None,None,None,208296000,9784000,7669000,None,1000000,USD,25000,-746000,-30000,0,-9000,-9000,None,-822000,-3240000,-3832000,-3793000,5000,45000,0,0,0,132000,21000,30000,69000,None,-3832000,0.74,0.5047
12,2018-04-30,USD,222000,2946000,570000,-348000,-3286000,-3254000,922000,0,-3254000,0,2024000,8000,-3294000,0,-32000,None,None,None,0,0,0,0,40000,0,-3254000,-3254000,None,USD,14121000,0,None,1139000,3885000,10236000,142000,368000,18000,-197538000,142000,0,154000,11499000,3743000,224000,23000,-160000,712000,13255000,None,10236000,25000,592000,0,0,3151000,0,0,18000,0,-197538000,-300000,None,154000,None,866000,None,None,None,142000,None,None,None,208216000,14121000,11524000,None,1000000,USD,25000,656000,-104000,0,-9000,-2000,None,783000,-3254000,-2625000,-2519000,371000,43000,0,7000,0,-240000,71000,104000,-406000,None,-2625000,1.1,0.74
13,2018-01-31,USD,94000,2894000,2867000,-142000,-2824000,-1663000,1318000,0,-2782000,0,1576000,70000,-2894000,0,-42000,None,None,None,0,0,0,-1119000,112000,0,-1663000,-1663000,None,USD,16709000,0,None,1149000,3286000,13423000,140000,591000,18000,-194284000,140000,0,157000,14369000,3145000,31000,32000,-141000,657000,15895000,None,13423000,25000,352000,1000,0,2523000,0,0,18000,0,-194284000,-300000,None,157000,None,814000,1000,1000,None,141000,None,None,None,208130000,16709000,14394000,None,1000000,USD,25000,31000,-491000,0,-9000,-12000,None,220000,-1663000,-2000000,-1497000,96000,27000,0,-3000,0,342000,12000,491000,None,None,-2000000,1.19,1.1
14,2017-10-31,USD,94000,2725000,-24000,118000,-2583000,-2577000,978000,0,-2577000,0,1747000,24000,-2607000,0,-6000,None,None,None,0,0,0,0,0,0,-2577000,-2577000,None,USD,18110000,0,None,1081000,3110000,15000000,0,605000,18000,-192621000,None,0,157000,16318000,3105000,36000,41000,-153000,177000,17776000,None,15000000,25000,352000,5000,0,2464000,0,0,18000,0,-192621000,-297000,None,157000,None,334000,5000,5000,None,5000,None,None,None,208053000,18110000,16343000,None,1000000,USD,None,150000,-51000,0,-8000,7416000,None,-333000,-2577000,4923000,-2442000,-341000,21000,0,7424000,0,342000,58000,51000,247000,None,4923000,1.24,1.19
15,2017-07-31,USD,195000,2743000,217000,-22000,-2666000,-2663000,1102000,0,-2663000,0,1641000,99000,-2765000,0,-3000,None,None,None,0,0,0,0,0,0,-2663000,-2663000,None,USD,13085000,0,None,898000,2999000,10086000,0,636000,13000,-190043000,None,0,157000,11414000,2985000,36000,50000,-138000,146000,12782000,None,10086000,25000,602000,14000,0,2313000,10086000,200549000,13000,0,-190043000,-295000,None,None,None,146000,14000,14000,None,14000,None,None,None,200549000,13085000,11439000,None,1000000,USD,None,-1936000,-12000,0,-9000,7180000,None,-1292000,-2663000,2930000,-4238000,239000,31000,0,7189000,0,95000,-4000,12000,95000,None,2930000,1.3,1.24
16,2017-04-30,USD,249647,2838598,322569,-72922,-2578423,-2576469,1134894,0,-2576469,0,1703704,333097,-2911520,0,-1954,None,None,None,0,0,0,0,1503000,0,-2576469,-2576469,None,USD,10073000,0,None,1110000,4626000,5447000,0,323000,6000,-187370000,None,0,157000,8421000,4603000,35000,58000,-160000,170000,9746000,None,5447000,25000,347000,23000,0,4245000,5447000,193234000,6000,0,-187370000,-263000,None,None,None,170000,None,23000,None,23000,None,None,None,193234000,10073000,8446000,None,None,USD,50000,333000,-205000,-190000,-8000,-11000,None,183000,-2576000,-2702000,-2486000,-659000,36000,0,-3000,0,-306000,400000,15000,-20000,13000,-2689000,1.43,1.3
17,2017-01-31,USD,221000,2567000,363000,-142000,-2839000,-2117000,950000,0,-2815000,0,1617000,-130000,-2709000,0,-24000,None,None,None,0,0,0,-698000,0,0,-2117000,-2117000,None,USD,12421000,0,None,337000,4629000,7792000,0,653000,6000,-184794000,None,0,131000,11409000,4597000,34000,34000,-160000,195000,12095000,None,7792000,25000,324000,32000,0,3910000,7792000,193000000,6000,0,-184794000,-260000,None,131000,None,326000,None,32000,None,32000,None,None,None,193000000,12421000,11434000,None,None,USD,None,781771,-3353,7147,-6599,-93235,None,252000,-2117469,-1365050,-1268462,251847,35525,0,-86636,0,0,559,10500,-220735,-37321,-1402371,2.63,1.43
18,2016-10-31,USD,169964,3031471,125146,44818,-967316,-965084,1307734,0,-965084,0,1723737,2019337,-2986653,0,-2232,None,None,None,0,0,0,0,0,0,-965084,-965084,None,USD,16371692,0,None,2885308,6747631,9624061,600000,3048382,6321,-182676542,601000,0,321000,12817875,6106464,33796,None,-163174,220180,15830913,None,9624061,25000,423329,41000,0,3024286,9624061,192632350,6321,0,-182676542,-174894,None,None,None,220180,None,41167,None,641167,None,None,None,192632350,16371692,12842875,None,None,USD,75000,-985228,28496,-39565,-31157,6826540,None,None,-965084,3492382,-3362654,64183,34859,0,6857697,0,0,-1609322,6939,97978,-4709,3487673,2.32,2.63
19,2016-07-31,USD,202389,3154931,127285,75104,-3827261,-3827447,1636372,0,-3827447,0,1518559,-747434,-3079827,0,186,None,None,None,0,0,0,0,0,0,-3827447,-3827447,None,USD,13125053,0,None,2961522,9792031,3333022,600000,5065939,3552,-181711458,600000,0,324000,9290637,9147758,61088,None,-152637,248101,12552867,None,3333022,100000,524793,44000,0,4020731,3333022,185335452,3552,0,-181711458,-141887,None,None,None,248101,None,44273,None,644273,None,None,None,185335452,13125053,9390637,None,None,USD,-25000,439457,3857,33418,-32244,5224695,None,None,-3827447,2307668,-2920884,-369030,33616,0,5256939,0,150004,965763,4561,-163243,-12970,2294698,9.19,2.32
