,fiscalDateEnding,reportedCurrency_x,totalRevenue,totalOperatingExpense,costOfRevenue,grossProfit,ebit,netIncome_x,researchAndDevelopment,effectOfAccountingCharges,incomeBeforeTax,minorityInterest,sellingGeneralAdministrative,otherNonOperatingIncome,operatingIncome,otherOperatingExpense,interestExpense,taxProvision,interestIncome,netInterestIncome,extraordinaryItems,nonRecurring,otherItems,incomeTaxExpense,totalOtherIncomeExpense,discontinuedOperations,netIncomeFromContinuingOperations,netIncomeApplicableToCommonShares,preferredStockAndOtherAdjustments,reportedCurrency_y,totalAssets,intangibleAssets,earningAssets,otherCurrentAssets,totalLiabilities,totalShareholderEquity,deferredLongTermLiabilities,otherCurrentLiabilities,commonStock,retainedEarnings,otherLiabilities,goodwill,otherAssets,cash,totalCurrentLiabilities,shortTermDebt,currentLongTermDebt,otherShareholderEquity,propertyPlantEquipment,totalCurrentAssets,longTermInvestments,netTangibleAssets,shortTermInvestments,netReceivables,longTermDebt,inventory,accountsPayable,totalPermanentEquity,additionalPaidInCapital,commonStockTotalEquity,preferredStockTotalEquity,retainedEarningsTotalEquity,treasuryStock,accumulatedAmortization,otherNonCurrrentAssets,deferredLongTermAssetCharges,totalNonCurrentAssets,capitalLeaseObligations,totalLongTermDebt,otherNonCurrentLiabilities,totalNonCurrentLiabilities,negativeGoodwill,warrants,preferredStockRedeemable,capitalSurplus,liabilitiesAndShareholderEquity,cashAndShortTermInvestments,accumulatedDepreciation,commonStockSharesOutstanding,reportedCurrency,investments,changeInLiabilities,cashflowFromInvestment,otherCashflowFromInvestment,netBorrowings,cashflowFromFinancing,otherCashflowFromFinancing,changeInOperatingActivities,netIncome_y,changeInCash,operatingCashflow,otherOperatingCashflow,depreciation,dividendPayout,stockSaleAndPurchase,changeInInventory,changeInAccountReceivables,changeInNetIncome,capitalExpenditures,changeInReceivables,changeInExchangeRate,changeInCashAndCashEquivalents,clossingVal,nextClossingVal
0,2020-06-30,USD,56732000,58437000,25770000,30962000,10624000,-6670000,2784000,None,-7195000,1444000,17474000,31000,-1705000,15193000,5410000,-554000,265000,-5145000,None,111000,None,-554000,-345000,None,-6641000,-6670000,None,USD,556800000,66912000,None,16886000,331227000,224129000,14482000,6486000,78000,-224587000,17362000,166129000,6017000,62355000,50500000,None,None,-676000,151931000,165811000,None,-9318000,None,48273000,248346000,38297000,10654000,None,None,78000,406000,-224587000,None,None,20783000,None,390989000,2704000,247071000,15055000,280727000,None,None,None,448908000,556800000,62355000,None,None,USD,-5891000,-6564000,-5891000,-217000,-15000000,-14570000,None,-1063000,-6670000,-7757000,12577000,-660000,12409000,None,0,2200000,8522000,3549000,5891000,8522000,None,-7884000,3.85,
1,2020-03-31,USD,66179000,67276000,30362000,35817000,12326000,-6975000,3820000,None,-6284000,1401000,19730000,150000,-1097000,17184000,5246000,553000,416000,-4830000,None,91000,None,553000,-357000,None,-6837000,-6975000,None,USD,583703000,70096000,None,16200000,353713000,228589000,14900000,6932000,78000,-217917000,17608000,166129000,21942000,70112000,57353000,None,None,-907000,140291000,185245000,None,-8042000,None,58460000,263129000,40473000,14796000,None,None,78000,406000,-217917000,-2502000,None,21735000,207000,398458000,2675000,261877000,15623000,296360000,None,None,None,449431000,583703000,70112000,None,78000000,USD,-4843000,-4165000,-4843000,None,15000000,12473000,None,1790000,-6975000,15854000,8207000,1525000,13364000,None,-2527000,-608000,823000,3784000,4843000,823000,None,15837000,2.44,3.85
2,2019-12-31,USD,69682000,66030000,33243000,36439000,16551000,-2501000,3335000,None,-1452000,1306000,16748000,290000,3652000,16039000,5299000,1029000,549000,-4750000,None,95000,None,1029000,-354000,None,-2481000,-2501000,None,USD,580980000,73280000,None,18003000,343464000,236210000,14894000,3865000,78000,-210942000,21702000,166129000,7387000,54258000,57538000,None,None,-1013000,161447000,172737000,None,-3605000,None,60595000,247958000,39881000,16722000,None,None,78000,406000,-210942000,None,None,23149000,132000,408243000,2608000,246683000,16303000,285926000,None,None,None,447681000,580980000,54258000,None,79000000,USD,-4833000,-6302000,-4833000,None,15000000,-1097000,None,4766000,-2501000,3354000,9283000,5386000,12704000,None,-1569000,-1634000,816000,1240000,4833000,816000,None,3353000,4.21,2.44
3,2019-09-30,USD,69193000,66899000,32208000,36985000,15716000,-4013000,3686000,None,-2365000,1269000,18211000,632000,2294000,16480000,5287000,1504000,444000,-4843000,None,4000,None,1504000,184000,None,-3869000,-4025000,None,USD,587712000,76529000,None,19314000,347132000,239311000,15012000,2308000,78000,-208441000,23821000,166129000,11457000,50904000,61457000,None,None,-1132000,163592000,170005000,None,-3753000,None,61563000,247730000,38224000,17395000,None,None,78000,406000,-208441000,-433000,None,25153000,127000,417707000,2791000,246489000,14162000,285675000,None,None,None,448833000,587712000,50904000,None,80000000,USD,-5684000,9317000,-5684000,None,15000000,-7875000,None,-3634000,-4013000,-3891000,9866000,-1027000,12794000,None,-7271000,-4645000,-3380000,3233000,5684000,-3380000,None,-3693000,4.76,4.21
4,2019-06-30,USD,67103000,66825000,33115000,33988000,12602000,-6419000,3732000,None,-5246000,33000,17452000,272000,278000,16258000,5322000,1140000,572000,-4750000,None,474000,None,1140000,-774000,None,-6386000,-6419000,None,USD,588223000,79779000,None,16308000,337120000,249967000,15663000,3708000,80000,-204416000,23197000,166129000,12358000,54795000,54058000,None,None,-582000,153076000,164456000,None,3665000,None,59732000,247593000,33621000,16276000,None,None,80000,394000,-204416000,-96000,None,24656000,127000,423767000,2749000,246295000,12374000,283062000,None,None,None,454587000,588223000,54795000,None,80000000,USD,-6035000,-10495000,-6035000,None,15000000,604000,None,1278000,-6419000,-3283000,1917000,-1399000,12526000,None,604000,1457000,260000,3116000,6035000,260000,None,-3514000,7.25,4.76
5,2019-03-31,USD,66035000,65899000,32075000,33960000,13233000,-5490000,3967000,None,-4686000,94000,17179000,634000,-79000,16645000,5241000,710000,-4849000,-4849000,None,215000,None,710000,27000,None,-5396000,-5490000,None,USD,599067000,83029000,None,17848000,345333000,253734000,15436000,5312000,80000,-197997000,21964000,166129000,12871000,58078000,64882000,2998000,2998000,-887000,165820000,171218000,None,4182000,None,60233000,247376000,35059000,19000000,None,None,80000,394000,-197997000,-96000,None,22547000,495000,427849000,2998000,247376000,10065000,279340000,None,None,None,452240000,599067000,58078000,None,79000000,USD,-4515000,6760000,-4515000,None,None,0,None,-2228000,-5396000,4312000,9018000,-1454000,12678000,None,None,-785000,-2852000,-127000,4515000,-2852000,None,4503000,6.78,7.25
6,2018-12-31,USD,66337000,35850000,29748000,36589000,1018000,-5641000,3734000,0,-4304000,89000,15636000,279000,739000,20085000,5322000,None,None,None,0,129000,0,1248000,-2640000,0,-5552000,-5648000,None,USD,586459000,86264000,None,15553000,328601000,256832000,16109000,5954000,79000,-192507000,24180000,166129000,12712000,53766000,57216000,None,None,-381000,160070000,161284000,None,4045000,None,57665000,245907000,34300000,51262000,None,None,79000,394000,-192507000,-96000,None,12603000,109000,425175000,None,245907000,9369000,271385000,None,None,None,449343000,586459000,53766000,None,78000000,USD,None,-5474000,-5035000,650000,None,526000,1705000,2989000,-5552000,7875000,12384000,6096000,13732000,None,526000,2723000,450000,409000,5035000,450000,None,7875000,8.26,6.78
7,2018-09-30,USD,71042000,31115000,37443000,33599000,3252000,-3295000,3816000,0,-1980000,73000,14823000,768000,2484000,15897000,5232000,None,None,None,0,395000,0,1242000,-662000,0,-3222000,-3295000,None,USD,594223000,89514000,None,18996000,333661000,259620000,15912000,3622000,79000,-186859000,29353000,166129000,12857000,45894000,57274000,None,None,-298000,165176000,160547000,None,3590000,0,58615000,245713000,37042000,53652000,260562000,407616000,79000,387000,-186859000,-96000,None,12676000,181000,433676000,None,245713000,14762000,276387000,None,None,None,446407000,594223000,45894000,None,79000000,USD,None,3394000,-4740000,650000,None,526000,1705000,-1314000,-3222000,6844000,11584000,-1080000,12275000,0,0,7809000,-6113000,-1479000,5390000,-6113000,None,6844000,10.86,8.26
8,2018-06-30,USD,70788000,34407000,37565000,33223000,-576000,-7222000,3042000,0,-5877000,120000,19029000,608000,-1184000,14884000,5301000,None,None,None,0,494000,0,1225000,-5187000,0,-7102000,-7233000,None,USD,596954000,92832000,None,18751000,335349000,260734000,16695000,5010000,79000,-183564000,26771000,166129000,12902000,39027000,61727000,246851000,246851000,-141000,168724000,156367000,None,1386000,0,53727000,245519000,44862000,56717000,261605000,406339000,79000,387000,-183564000,-96000,None,12729000,173000,440587000,None,245519000,11408000,273622000,None,None,None,444069000,596954000,39027000,None,78000000,USD,None,-14858000,-6150000,650000,None,28635000,-1705000,685000,-7102000,11153000,-11332000,499000,12036000,0,28635000,3294000,-6222000,1021000,6150000,-6222000,None,10953000,10.1,10.86
9,2018-03-31,USD,67973000,30329000,41872000,26101000,-3920000,-10086000,2813000,0,-9120000,23000,17500000,308000,-4228000,12223000,5200000,None,None,None,0,606000,0,943000,-3943000,0,-10063000,-10086000,None,USD,591759000,96058000,None,19798000,352437000,238564000,21823000,4631000,75000,-176331000,33712000,166436000,12847000,28225000,72000000,246725000,246725000,674000,171633000,144785000,None,-24306000,0,48512000,245325000,48250000,67369000,239322000,388418000,75000,376000,-176331000,-96000,None,12686000,161000,446974000,None,245325000,13289000,280437000,None,None,None,413866000,591759000,28225000,None,75000000,USD,None,1063000,-5623000,650000,None,28635000,-1705000,635000,-10063000,-6805000,-1182000,1246000,12417000,0,0,-5549000,-2155000,1859000,5623000,-2155000,200000,-6605000,9.37,10.1
10,2017-12-31,USD,75976000,28667000,51695000,24281000,-3899000,-7519000,2977000,0,-9086000,34000,16424000,487000,-4386000,11218000,5187000,None,None,None,0,1025000,0,-1601000,-49258000,0,-7485000,-7519000,None,USD,595194000,99339000,None,18692000,348798000,245663000,20105000,6263000,74000,-166245000,16078000,166678000,278157000,34830000,68577000,246497000,246497000,256000,174178000,142859000,None,-20730000,0,46900000,245131000,42437000,62314000,0,411298000,74000,376000,-166245000,-96000,None,12036000,104000,452335000,None,245131000,14985000,280221000,None,None,None,411298000,595194000,34830000,None,73000000,USD,None,2995000,-5125000,825000,100000000,472000,-5706000,-10433000,-7485000,-2488000,2165000,-6385000,11412000,0,472000,-5029000,-10025000,-1328000,5950000,7985000,-94000,-2582000,10.18,9.37
11,2017-09-30,USD,69366000,57820000,45767000,23599000,-33987000,-39682000,2453000,0,-39184000,19000,13755000,234000,-34221000,43265000,5197000,None,None,None,0,800000,0,479000,3793000,0,-39663000,-39694000,None,USD,592189000,98747000,None,13152000,342567000,248925000,21961000,6738000,74000,-158726000,14820000,132994000,242848000,71912000,62065000,246280000,246280000,-319000,176104000,173237000,None,16808000,34500000,51987000,244937000,36186000,55327000,249622000,385435000,74000,376000,-158726000,-96000,None,11021000,86000,418952000,None,244937000,13604000,280502000,None,None,None,407616000,592189000,71912000,None,74000000,USD,None,8581000,-42097000,-34900000,None,109823000,-1705000,-2993000,-39663000,-47052000,-4955000,28328000,12235000,0,15000000,-6456000,18010000,869000,7197000,-8849000,432000,-46620000,10.47,10.18
12,2017-06-30,USD,56957000,25995000,32862000,24095000,-5813000,-10740000,1923000,0,-10656000,-6000,13333000,-3913000,-1900000,11400000,4843000,None,None,None,0,1262000,0,90000,-6453000,0,-10746000,-10740000,None,USD,629829000,101888000,None,11947000,341975000,287176000,22386000,7264000,74000,-119032000,14907000,137397000,248062000,84032000,61604000,246041000,246041000,-473000,211666000,170101000,None,47527000,0,44441000,244743000,29681000,54340000,287854000,384355000,74000,364000,-119032000,-96000,None,8691000,86000,459728000,None,244743000,13242000,280371000,None,None,None,406339000,629829000,84032000,None,72000000,USD,None,2768000,-43054000,-34486000,94641000,109823000,-347000,-3095000,-10746000,64016000,-2753000,-2636000,13889000,0,15529000,-5286000,9161000,2020000,8568000,-2762000,61000,64077000,11.3,10.47
13,2017-03-31,USD,51921000,23491000,28805000,23116000,-252000,-3343000,1588000,0,-2678000,42000,12241000,123000,-375000,11022000,2426000,None,None,None,0,228000,0,623000,-2303000,0,-3301000,-3343000,None,USD,506759000,80031000,None,6418000,226497000,279579000,21687000,7293000,72000,-108292000,6289000,114033000,204473000,19955000,52506000,148903000,148903000,-887000,214059000,88227000,None,85151000,0,38453000,147685000,23401000,45213000,280262000,382914000,72000,364000,-108292000,-96000,None,10323000,86000,418532000,None,147685000,4619000,173991000,None,None,None,388418000,506759000,19955000,None,71000000,USD,None,-3788000,-5645000,0,100000000,0,-5706000,1768000,-3301000,-5143000,502000,1742000,11251000,0,0,-151000,6399000,1148000,5645000,-6399000,75000,-5068000,9.55,11.3
14,2016-12-31,USD,46832000,23658000,23878000,19045000,-460000,-3205000,1126000,0,-2930000,127000,12072000,244000,-704000,11135000,2470000,None,None,None,0,451000,0,148000,-18588000,0,-3078000,-3212000,None,USD,506154000,82545000,None,8031000,224286000,281221000,21623000,7414000,71000,-104949000,6662000,114033000,202105000,25023000,50326000,148653000,148653000,-1089000,215841000,88208000,None,84279000,0,31937000,147458000,23217000,42912000,0,386920000,71000,364000,-104949000,-96000,None,5447000,80000,417946000,None,147458000,4879000,173960000,None,None,None,386920000,506154000,25023000,None,71000000,USD,None,5211000,-5905000,802000,100000000,345000,-342000,-5141000,-3078000,4179000,9739000,-5296000,11359000,0,-7000,-1614000,-1702000,934000,5905000,2223000,-429000,3750000,8.27,9.55
15,2016-09-30,USD,46288000,34115000,24226000,22062000,-11527000,-14041000,1217000,0,-13998000,52000,12031000,526000,-12053000,21838000,2471000,None,None,None,0,246000,0,-9000,306000,0,-13989000,-14048000,None,USD,507878000,85644000,None,4357000,223638000,283726000,23031000,7565000,71000,-101737000,7336000,114002000,207024000,21273000,45618000,None,None,-304000,218505000,82349000,None,83723000,0,35001000,150000000,21718000,38053000,284240000,380120000,71000,357000,-101737000,-96000,None,7378000,None,425529000,None,150000000,4989000,178020000,None,None,None,385435000,507878000,21273000,None,71000000,USD,None,-4186000,-5655000,0,None,-342000,None,3848000,-13989000,5808000,11281000,14926000,11386000,0,0,-1287000,3925000,1062000,5655000,3369000,182000,5808000,10.25,8.27
16,2016-06-30,USD,50064000,25128000,26551000,23513000,-1421000,-4169000,1952000,0,-3866000,87000,11056000,194000,-1615000,11551000,2445000,None,None,None,0,569000,0,216000,-450000,0,-4169000,-4169000,None,USD,524258000,88298000,None,8084000,227300000,296495000,23383000,8373000,71000,-87689000,8705000,114038000,209998000,15465000,48359000,None,None,-496000,232167000,82093000,None,94159000,0,38636000,151264000,20416000,39986000,296958000,378972000,70000,350000,-83236000,-96000,None,7662000,None,442165000,None,150000000,5558000,178941000,None,None,None,384355000,524258000,15465000,None,71000000,USD,None,2142000,-9679000,-2650000,None,-342000,-342000,-2745000,-4082000,-5693000,4242000,-3004000,11722000,0,352000,1815000,7294000,1847000,7029000,-6198000,86000,-5693000,9.95,10.25
17,2016-03-31,USD,43560000,21079000,22595000,22922000,-216000,-2096000,1957000,0,-1915000,19000,11756000,-102000,-114000,8959000,1699000,None,None,None,0,364000,0,162000,-1801000,0,-2077000,-2096000,None,USD,526306000,90229000,None,5818000,226877000,299060000,23783000,7373000,71000,-83520000,10179000,112425000,209770000,22158000,46757000,None,None,-660000,235182000,81354000,None,96055000,1000000,31713000,150000000,21665000,39384000,299429000,299429000,71000,351000,-83520000,-96000,None,7116000,None,444952000,None,150000000,6337000,180120000,None,None,None,382914000,526306000,22158000,None,71000000,USD,None,-2173000,-9835000,0,None,0,None,None,-2077000,-6171000,3664000,-626000,9114000,0,0,-864000,1096000,1386000,9835000,-1096000,252000,-5919000,10.13,9.95
18,2015-12-31,USD,44996000,19148000,23413000,23424000,2565000,239000,1841000,0,1229000,77000,11261000,130000,2435000,7145000,1336000,None,None,None,0,742000,0,913000,-22831000,0,316000,230000,None,USD,526899000,93172000,None,5646000,227143000,299393000,24464000,7652000,71000,-81424000,11729000,112425000,212170000,28077000,45733000,147789000,147789000,-1174000,229970000,84759000,None,93439000,1000000,30324000,150000000,20712000,38081000,299756000,299756000,71000,357000,-81424000,-96000,None,6573000,None,442140000,None,150000000,6946000,181410000,None,None,None,381659000,526899000,28077000,None,70000000,USD,None,4589000,-46408000,-8497000,-28000,-28000,-2048000,-762000,316000,-31538000,14898000,-380000,7249000,0,0,-3678000,8045000,2165000,37911000,4637000,125000,-31413000,7.24,10.13
19,2015-09-30,USD,46084000,17499000,25392000,21894000,3198000,1591000,1202000,0,1866000,54000,10668000,5000,3193000,6331000,1332000,None,None,None,0,500000,0,221000,1742000,0,1645000,1582000,None,USD,515501000,91660000,None,4961000,216841000,298386000,23087000,4821000,71000,-81654000,8547000,101899000,202074000,58490000,36464000,None,None,-991000,195238000,118189000,None,103891000,0,37661000,150000000,17077000,31643000,298660000,298660000,71000,936000,-81654000,-96000,None,8464000,51000,397312000,None,150000000,7290000,180377000,None,None,None,380120000,515501000,58490000,None,72000000,USD,None,-1876000,-8958000,330000,-24000,-1130000,-1106000,None,1645000,-6238000,3850000,579000,6471000,0,0,250000,3408000,1145000,9288000,-4364000,None,-6238000,5.58,7.24
