,fiscalDateEnding,reportedCurrency_x,totalRevenue,totalOperatingExpense,costOfRevenue,grossProfit,ebit,netIncome_x,researchAndDevelopment,effectOfAccountingCharges,incomeBeforeTax,minorityInterest,sellingGeneralAdministrative,otherNonOperatingIncome,operatingIncome,otherOperatingExpense,interestExpense,taxProvision,interestIncome,netInterestIncome,extraordinaryItems,nonRecurring,otherItems,incomeTaxExpense,totalOtherIncomeExpense,discontinuedOperations,netIncomeFromContinuingOperations,netIncomeApplicableToCommonShares,preferredStockAndOtherAdjustments,reportedCurrency_y,totalAssets,intangibleAssets,earningAssets,otherCurrentAssets,totalLiabilities,totalShareholderEquity,deferredLongTermLiabilities,otherCurrentLiabilities,commonStock,retainedEarnings,otherLiabilities,goodwill,otherAssets,cash,totalCurrentLiabilities,shortTermDebt,currentLongTermDebt,otherShareholderEquity,propertyPlantEquipment,totalCurrentAssets,longTermInvestments,netTangibleAssets,shortTermInvestments,netReceivables,longTermDebt,inventory,accountsPayable,totalPermanentEquity,additionalPaidInCapital,commonStockTotalEquity,preferredStockTotalEquity,retainedEarningsTotalEquity,treasuryStock,accumulatedAmortization,otherNonCurrrentAssets,deferredLongTermAssetCharges,totalNonCurrentAssets,capitalLeaseObligations,totalLongTermDebt,otherNonCurrentLiabilities,totalNonCurrentLiabilities,negativeGoodwill,warrants,preferredStockRedeemable,capitalSurplus,liabilitiesAndShareholderEquity,cashAndShortTermInvestments,accumulatedDepreciation,commonStockSharesOutstanding,reportedCurrency,investments,changeInLiabilities,cashflowFromInvestment,otherCashflowFromInvestment,netBorrowings,cashflowFromFinancing,otherCashflowFromFinancing,changeInOperatingActivities,netIncome_y,changeInCash,operatingCashflow,otherOperatingCashflow,depreciation,dividendPayout,stockSaleAndPurchase,changeInInventory,changeInAccountReceivables,changeInNetIncome,capitalExpenditures,changeInReceivables,changeInExchangeRate,changeInCashAndCashEquivalents,clossingVal,nextClossingVal
0,2020-06-30,USD,1749000,28521000,243000,1506000,-26547000,-20406000,24720000,None,-27109000,155000,3586000,None,-26772000,-1000,317000,12000,None,-229000,None,None,None,12000,-108000,6721000,-27121000,-20406000,None,USD,None,None,None,None,None,None,None,None,2000,-34280000,348000,None,4282000,None,None,None,None,10000,2900000,None,None,80532000,None,None,None,None,None,None,None,None,None,None,None,None,None,None,None,None,None,None,None,None,None,None,None,None,None,None,None,USD,None,154000,-273000,None,-499000,None,1000,-5972000,None,None,-9141000,None,None,None,None,None,None,17968000,0,None,None,None,6.08,
1,2020-05-31,USD,1749000,28521000,243000,1506000,-26547000,-20406000,24720000,None,-27109000,155000,3586000,None,-26772000,-1000,317000,12000,None,-229000,None,None,None,12000,-108000,6721000,-27121000,-20406000,None,USD,119196000,3044000,None,None,30807000,88234000,None,None,2000,-34280000,348000,4658000,4282000,97487000,19758000,None,393000,10000,2900000,104312000,None,80532000,None,3950000,10262000,176000,1625000,None,None,None,None,None,None,None,802000,None,14884000,696000,None,284000,11049000,None,None,None,None,None,None,None,None,USD,-273000,154000,-273000,None,-499000,-198000,1000,-5972000,-20406000,-9612000,-9141000,None,245000,None,None,-47000,-1083000,17968000,275000,None,None,None,7.27,6.08
2,2020-03-31,USD,1878000,8611000,170000,1708000,-6296000,75555000,4703000,None,-7062000,149000,3493000,None,-6733000,-3000,272000,-47000,-479000,-272000,82531000,None,None,-47000,-57000,82531000,-7015000,75141000,None,USD,127209000,3074000,None,597000,37546000,89514000,None,None,2000,-13874000,393000,4592000,3525000,107069000,25910000,None,383000,-237000,3088000,112930000,None,81848000,None,2865000,10779000,126000,1397000,None,None,None,None,None,None,None,100000,None,14279000,791000,10853000,309000,11636000,None,None,None,103623000,None,107069000,None,None,USD,103045000,-5187000,103045000,-500000,-2081000,6357000,1000,18903000,75555000,95709000,-13693000,None,494000,None,8438000,-76000,-1370000,-102012000,699000,None,None,None,3.8,7.27
3,2020-02-29,USD,1878000,8611000,170000,1708000,-6296000,75555000,4703000,None,-7062000,149000,3493000,None,-6733000,-3000,272000,-47000,None,-272000,None,None,None,-47000,-57000,82531000,-7015000,75141000,None,USD,127209000,3074000,None,None,37546000,89514000,None,None,2000,-13874000,393000,4592000,3525000,107069000,25910000,None,383000,-237000,3088000,112930000,None,81848000,None,2865000,10779000,126000,1397000,None,None,None,None,None,None,None,100000,None,14279000,791000,None,309000,11636000,None,None,None,None,None,None,None,None,USD,103045000,-5187000,103045000,-500000,-2081000,6357000,1000,18903000,75555000,95709000,-13693000,None,494000,None,None,-76000,-1370000,-102012000,699000,None,None,None,4.32,3.8
4,2019-12-31,USD,9077000,15729000,2589000,6488000,-5658000,-6060000,4861000,None,-6938000,31556000,7801000,None,-6652000,-124000,317000,-86000,-589000,-210000,None,None,None,-86000,-76000,82531000,-6852000,-6841000,None,USD,92495000,14206000,None,653000,86417000,5477000,None,11500000,2000,-89429000,2298000,14941000,3330000,11388000,31579000,1179000,1179000,213000,34039000,25979000,None,-23670000,None,8485000,13373000,2043000,11305000,None,None,None,None,None,None,None,82000,None,66516000,10225000,14061000,331000,54838000,None,None,None,94691000,None,11388000,None,None,USD,-6509000,5675000,-6509000,-728000,3816000,10416000,6600000,-158000,-6060000,1201000,-2706000,None,963000,None,None,-123000,-3260000,257000,6007000,None,None,None,4.66,4.32
5,2019-11-30,USD,9077000,15729000,2589000,6488000,-5658000,-6060000,4861000,None,-6938000,31556000,7801000,None,-6652000,-124000,317000,-86000,None,-210000,None,None,None,-86000,-76000,82531000,-6852000,-6841000,None,USD,92495000,14206000,None,None,86417000,5477000,None,None,2000,-89429000,2298000,14941000,3330000,11388000,31579000,None,1179000,213000,34039000,25979000,None,-23670000,None,8485000,13373000,2043000,11305000,None,None,None,None,None,None,None,82000,None,66516000,10225000,None,331000,54838000,None,None,None,None,None,None,None,None,USD,-6509000,5675000,-6509000,-728000,3816000,10416000,6600000,-158000,-6060000,1201000,-2706000,None,963000,None,None,-123000,-3260000,257000,6007000,None,None,None,3.1,4.66
6,2019-09-30,USD,9121000,13546000,6364000,2757000,-3831000,-4549000,738000,None,-4820000,24770000,5903000,None,-4425000,-35000,53000,94000,-307000,-141000,None,None,None,94000,-254000,82531000,-4914000,-7010000,None,USD,79599000,14256000,None,653000,68502000,10466000,None,8443000,2000,-83224000,2312000,14489000,2744000,10054000,24363000,1039000,1039000,-751000,27337000,20773000,None,-18279000,None,5075000,9748000,1859000,7693000,None,None,None,None,None,None,None,36000,None,58826000,9791000,10253000,322000,44139000,None,None,None,94439000,None,10054000,None,None,USD,-3322000,-1846000,-3322000,-728000,-114000,-114000,6600000,858000,-4549000,-5782000,-2346000,None,936000,None,None,280000,1630000,345000,3320000,None,None,None,4.47,3.1
7,2019-08-31,USD,9121000,13546000,6364000,2757000,-3831000,-4549000,738000,None,-4820000,24770000,5903000,None,-4425000,-35000,53000,94000,None,-141000,None,None,None,94000,-254000,82531000,-4914000,-7010000,None,USD,79599000,14256000,None,None,68502000,10466000,None,None,2000,-83224000,2312000,14489000,2744000,10054000,24363000,None,1039000,-751000,27337000,20773000,None,-18279000,None,5075000,9748000,1859000,7693000,None,None,None,None,None,None,None,36000,None,58826000,9791000,None,322000,44139000,None,None,None,None,None,None,None,None,USD,-3322000,-1846000,-3322000,-728000,-114000,-114000,6600000,858000,-4549000,-5782000,-2346000,None,936000,None,None,280000,1630000,345000,3320000,None,None,None,4.55,4.47
8,2019-06-30,USD,7757000,13011000,4935000,2822000,-4292000,-5201000,1709000,None,-5307000,24952000,5883000,None,-5254000,-32000,46000,518000,-43000,-56000,None,None,None,518000,3000,82531000,-5825000,-5812000,None,USD,84555000,15396000,None,544000,67801000,16115000,None,8559000,2000,-78675000,2405000,15066000,2718000,16111000,23064000,1022000,1022000,373000,24283000,27092000,None,-14347000,None,6905000,9754000,2221000,6786000,None,None,None,None,None,None,None,33000,None,57463000,10114000,10343000,262000,44737000,None,None,None,94415000,None,16111000,None,None,USD,-1584000,921000,-1584000,-728000,7288000,7194000,-94000,-199000,-5201000,1953000,-3657000,None,969000,None,None,-205000,-808000,866000,1764000,None,None,None,4.45,4.55
9,2019-05-31,USD,7757000,13011000,4935000,2822000,-4292000,-5201000,1709000,None,-5307000,24952000,5883000,None,-5254000,-32000,46000,518000,None,-56000,None,None,None,518000,3000,82531000,-5825000,-5812000,None,USD,84555000,15396000,None,None,67801000,16115000,None,None,2000,-78675000,2405000,15066000,2718000,16111000,23064000,None,1022000,373000,24283000,27092000,None,-14347000,None,6905000,9754000,2221000,6786000,None,None,None,None,None,None,None,33000,None,57463000,10114000,None,262000,44737000,None,None,None,None,None,None,None,None,USD,-1584000,921000,-1584000,-728000,7288000,7194000,-94000,-199000,-5201000,1953000,-3657000,None,969000,None,None,-205000,-808000,866000,1764000,None,None,None,4.3,4.45
10,2019-03-31,USD,419000,15574000,305000,114000,-7431000,-8311000,5150000,None,-8379000,24872000,2649000,None,-8278000,-37000,44000,-49000,-83000,-55000,-2000,None,None,37000,-85000,None,-8450000,-8311000,None,USD,84770000,15823000,None,401000,64008000,20762000,None,9135000,2000,-73474000,2175000,15002000,843000,14361000,21752000,1013000,1013000,185000,27137000,23932000,None,-10063000,None,5975000,2752000,1992000,5522000,None,None,None,None,None,None,None,274000,None,60838000,13980000,3393000,293000,41617000,None,None,None,94049000,None,14361000,None,None,USD,-2363000,3469000,-2363000,-1325000,-92000,6602000,6694000,300000,-8450000,-237000,-4511000,None,938000,None,None,-366000,-2870000,2329000,1038000,None,None,None,5.33,4.3
11,2018-11-30,USD,5802000,8565000,3604000,2198000,-2763000,-4996000,3008000,0,-7224000,24452000,5628000,None,-2763000,-4202000,-44000,None,None,None,0,0,0,-343000,-4461000,0,-6881000,-5880000,None,USD,75447000,16700000,None,392000,22645000,28350000,None,7193000,1000,-62411000,2800000,15165000,1299000,16064000,17145000,746000,746000,2678000,11901000,30297000,85000,-3515000,None,11192000,2700000,1736000,3804000,None,None,None,None,None,None,None,None,None,None,None,2700000,None,None,None,None,None,90335000,None,16064000,None,13000000,USD,77000,-175000,-2049000,-1000000,1146000,4549000,51000,2120000,-4996000,-681000,-3209000,None,791000,None,17392000,-83000,-83000,-783000,1126000,None,None,None,6.01,5.33
12,2018-08-31,USD,6230000,6875000,3381000,2849000,-645000,-5070000,1902000,0,-1917000,18985000,4008000,None,-645000,-2921000,-127000,None,None,None,0,0,0,2353000,-1272000,0,-4270000,-5070000,None,USD,69296000,17576000,None,396000,20686000,29625000,None,7849000,1000,-57415000,3933000,15632000,287000,16741000,14953000,1019000,1019000,6150000,11056000,24654000,91000,-3583000,396000,4421000,1800000,1659000,2962000,None,None,None,None,None,None,None,None,None,None,None,None,None,None,None,None,None,None,None,None,None,14000000,USD,345000,3467000,-1240000,-92000,-118000,19408000,14007000,113000,-5070000,12252000,-5568000,None,551000,None,None,-315000,-2799000,-1515000,1796000,None,None,None,6.34,6.01
13,2018-05-31,USD,3987000,6751000,2195000,1792000,-2764000,-2614000,788000,0,-2753000,6122000,3323000,None,-2764000,-2921000,-177000,None,None,None,0,0,0,-277000,11000,0,-2476000,-2614000,None,USD,47033000,14011000,None,1175000,15110000,25801000,None,6244000,1000,-52345000,236000,10549000,82000,4502000,12972000,933000,933000,1314000,7517000,13738000,1136000,1241000,383000,3424000,1902000,1229000,2388000,None,None,None,None,None,None,None,None,None,None,None,None,None,None,None,None,None,None,None,None,None,13000000,USD,345000,-2370000,-2081000,-92000,-128000,7563000,14007000,-801000,-2614000,660000,-4814000,None,645000,None,7691000,-399000,-194000,919000,2081000,None,None,None,8.62,6.34
14,2018-02-28,USD,2636000,6190000,1644000,992000,-3554000,-5611000,766000,0,-5873000,3884000,3344000,None,-3554000,-2921000,-2481000,None,None,None,0,0,0,-396000,-2319000,0,-5477000,-5611000,None,USD,42411000,15076000,None,2261000,19049000,19478000,312000,6573000,1000,-49731000,318000,11013000,424000,4225000,16164000,1958000,1958000,8129000,5617000,8569000,1712000,-6611000,None,2554000,2567000,881000,3838000,None,None,None,None,None,None,None,None,None,None,None,None,None,None,None,None,None,None,None,None,None,11000000,USD,-345000,380000,-898000,-92000,458000,3540000,14007000,-1280000,-5611000,706000,-2091000,None,637000,None,3082000,-134000,175000,3742000,553000,None,None,None,7.9,8.62
15,2017-11-30,USD,3377000,32619000,1613000,7797000,68930000,77340000,572000,0,68673000,-21636000,1874000,None,18560000,-617000,-1534000,None,None,None,0,0,0,-1731000,49223000,0,78230000,77340000,None,USD,39872000,25735000,None,1715000,22143000,14123000,690000,9842000,1000,-44120000,6000,10684000,27473000,3519000,16914000,3158000,3158000,2908000,5104000,7295000,1321000,-11612000,None,2210000,4533000,725000,3914000,None,None,None,None,None,None,None,None,None,None,None,None,None,None,None,None,None,None,None,None,None,None,USD,-2429000,301000,-3404000,None,719000,8365000,2349000,541000,-12367000,2628000,-3833000,None,2598000,None,5297000,-265000,33000,4670000,975000,None,None,None,nan,7.9
16,2017-08-31,USD,2562000,-17136000,1624000,-5950000,-119037000,-134143000,500000,0,-123762000,39666000,3683000,None,-43482000,3756000,301000,None,None,None,0,0,0,421000,-78945000,0,-135478000,-134143000,None,USD,37422000,26163000,None,1841000,26171000,11251000,2608000,10717000,12000,-41345000,1151000,10683000,26723000,762000,17571000,8006000,8006000,2066000,5025000,5674000,475000,-14912000,None,2279000,4841000,965000,3689000,None,None,None,None,None,None,None,None,None,None,None,None,None,None,None,None,None,None,None,None,None,10000000,USD,-375000,715000,-541000,9000,499000,4350000,2349000,-88000,-1953000,104000,-1659000,None,667000,None,1497000,-18000,924000,-1906000,639000,None,None,None,0.32,nan
17,2017-05-31,USD,2298000,4622000,909000,1488000,48574000,53435000,665000,0,49895000,-18030000,3098000,None,18352000,-1889000,287000,None,None,None,0,0,0,-3540000,31009000,0,53969000,53435000,None,USD,36267000,25017000,None,1587000,26369000,9898000,2027000,10001000,12000,-39392000,3139000,10048000,25350000,658000,16147000,7661000,7661000,380000,4807000,6110000,252000,-15119000,None,3095000,5056000,904000,3541000,None,None,None,None,None,None,None,None,None,None,None,None,None,None,None,None,None,None,None,None,None,10000000,USD,-280000,13000,-488000,3000,-2169000,2354000,2349000,-109000,-559000,-3214000,-2176000,None,615000,None,1487000,-251000,-1298000,-587000,464000,None,None,None,0.59,0.32
18,2017-02-28,USD,1852000,0,1694000,-53000,-8483000,-8999000,741000,0,-8483000,3606000,3012000,None,-3446000,381000,399000,None,None,None,0,0,0,516000,-4948000,0,-9088000,-8999000,None,USD,36272000,24183000,None,1330000,30557000,5715000,2373000,8600000,12000,-38833000,5068000,9557000,24260000,3872000,18123000,5469000,5469000,-526000,4584000,7428000,None,-18468000,79000,1546000,4993000,614000,4056000,None,None,None,None,None,None,None,None,None,None,None,None,None,None,None,None,None,None,None,None,None,9000000,USD,-180000,4310000,-414000,19000,1713000,3036000,2349000,-24000,-8999000,3021000,399000,None,592000,None,1323000,-215000,-308000,5043000,253000,None,None,None,0.8,0.59
19,2016-11-30,USD,1896000,17674000,1851000,-1260000,-11277000,-11113000,494000,0,-12660000,3606000,2324000,None,-11277000,1620000,751000,None,None,None,0,0,0,-1547000,-1383000,0,-11113000,-11113000,None,USD,33487000,24634000,None,1685000,22909000,10578000,1862000,4531000,12000,-31753000,2121000,9584000,24709000,891000,14576000,4822000,4822000,-1205000,4573000,4205000,None,-12137000,None,2135000,4350000,400000,4554000,None,None,None,None,None,None,None,None,None,None,None,None,None,None,None,None,None,None,None,None,None,None,USD,-111000,1830000,-1536000,-111000,635000,2123000,2349000,870000,-11113000,-3277000,-3783000,None,2923000,None,1488000,-101000,-54000,3607000,1425000,None,None,None,0.39,0.8
