,fiscalDateEnding,reportedCurrency_x,totalRevenue,totalOperatingExpense,costOfRevenue,grossProfit,ebit,netIncome_x,researchAndDevelopment,effectOfAccountingCharges,incomeBeforeTax,minorityInterest,sellingGeneralAdministrative,otherNonOperatingIncome,operatingIncome,otherOperatingExpense,interestExpense,taxProvision,interestIncome,netInterestIncome,extraordinaryItems,nonRecurring,otherItems,incomeTaxExpense,totalOtherIncomeExpense,discontinuedOperations,netIncomeFromContinuingOperations,netIncomeApplicableToCommonShares,preferredStockAndOtherAdjustments,reportedCurrency_y,totalAssets,intangibleAssets,earningAssets,otherCurrentAssets,totalLiabilities,totalShareholderEquity,deferredLongTermLiabilities,otherCurrentLiabilities,commonStock,retainedEarnings,otherLiabilities,goodwill,otherAssets,cash,totalCurrentLiabilities,shortTermDebt,currentLongTermDebt,otherShareholderEquity,propertyPlantEquipment,totalCurrentAssets,longTermInvestments,netTangibleAssets,shortTermInvestments,netReceivables,longTermDebt,inventory,accountsPayable,totalPermanentEquity,additionalPaidInCapital,commonStockTotalEquity,preferredStockTotalEquity,retainedEarningsTotalEquity,treasuryStock,accumulatedAmortization,otherNonCurrrentAssets,deferredLongTermAssetCharges,totalNonCurrentAssets,capitalLeaseObligations,totalLongTermDebt,otherNonCurrentLiabilities,totalNonCurrentLiabilities,negativeGoodwill,warrants,preferredStockRedeemable,capitalSurplus,liabilitiesAndShareholderEquity,cashAndShortTermInvestments,accumulatedDepreciation,commonStockSharesOutstanding,reportedCurrency,investments,changeInLiabilities,cashflowFromInvestment,otherCashflowFromInvestment,netBorrowings,cashflowFromFinancing,otherCashflowFromFinancing,changeInOperatingActivities,netIncome_y,changeInCash,operatingCashflow,otherOperatingCashflow,depreciation,dividendPayout,stockSaleAndPurchase,changeInInventory,changeInAccountReceivables,changeInNetIncome,capitalExpenditures,changeInReceivables,changeInExchangeRate,changeInCashAndCashEquivalents,clossingVal,nextClossingVal
0,2020-05-31,USD,681000,2955000,0,681000,-2074000,2284000,1925000,None,2284000,None,1030000,200000,-2274000,None,8000,0,200000,192000,None,None,None,None,-202000,None,2284000,2284000,None,USD,46155000,None,None,23655000,12043000,34112000,7629000,2735000,279000,-89618000,7851000,None,19000,9313000,4135000,None,None,None,22000,41303000,4724000,34112000,8335000,None,None,None,1400000,None,None,279000,None,-89618000,None,None,106000,None,4852000,89000,None,279000,7908000,None,None,None,123451000,46155000,17648000,None,23277039,USD,-10022000,-1738000,-13237000,-3215000,None,19979000,None,54000,-2284000,3385000,-3357000,295000,3000,None,19979000,None,None,367000,3000,None,None,3384000,3.14,
1,2020-02-29,USD,674000,4711000,0,674000,-3868000,3688000,3320000,None,3688000,None,1391000,169000,-4037000,None,2000,0,169000,167000,None,None,None,None,182000,None,3688000,3688000,None,USD,29881000,None,None,17851000,13791000,16090000,8309000,2735000,214000,-87334000,8569000,None,18000,5934000,5155000,None,None,None,25000,29489000,251000,16090000,5704000,None,None,None,2420000,None,None,214000,None,-87334000,None,None,116000,None,392000,99000,None,327000,8636000,None,None,None,103210000,29881000,11638000,None,23093978,USD,4075000,-859000,4075000,-4000,None,2316000,None,8000,-3688000,2762000,-3629000,539000,2000,None,2316000,None,None,377000,3000,None,1000,2763000,4.08,3.14
2,2019-11-30,USD,674000,3103000,None,674000,-2240000,-2543000,2022000,None,-2240000,None,1081000,189000,-2429000,None,20000,None,209000,189000,None,None,None,None,-303000,None,-2240000,-2543000,None,USD,31142000,None,None,24364000,13982000,17160000,8983000,2749000,209000,-83646000,9281000,None,17000,3171000,4641000,None,None,None,27000,30742000,251000,17160000,3207000,None,None,None,1892000,None,None,209000,None,-83646000,None,None,122000,None,400000,106000,None,358000,9341000,None,None,None,100597000,31142000,6378000,None,17400612,USD,2825000,-719000,2825000,3000,None,13000,None,428000,-2543000,-158000,-2996000,61000,0,None,13000,None,None,205000,3000,None,None,-158000,4.41,4.08
3,2019-08-31,USD,681000,3026000,0,681000,-2893000,-2280000,2200000,None,-2280000,None,826000,None,-2345000,None,-20000,0,239000,245000,None,None,None,None,-180000,None,-2280000,-2280000,None,USD,34663000,None,None,None,15270000,19393000,None,2800000,208000,-81103000,9962000,None,20000,3329000,5308000,None,None,None,24000,33324000,1295000,19393000,3701000,805000,None,None,1337000,None,None,None,None,None,None,None,1339000,None,1339000,None,None,271000,9962000,None,None,None,100288000,None,32282000,None,17000000,USD,2637000,-589000,2637000,-2000,None,0,None,-664000,-2280000,-617000,-3268000,None,4000,None,None,None,None,261000,1000,None,None,None,3.32,4.41
4,2019-05-31,USD,682000,4760000,0,682000,-3829000,-4072000,3861000,None,-4072000,None,899000,249000,-4078000,None,14000,0,263000,249000,None,None,None,None,-243000,None,-4072000,-4072000,None,USD,37432000,None,None,18419000,15875000,21557000,None,2703000,207000,-78823000,10659000,None,17000,3946000,5216000,None,None,None,27000,26588000,10800000,21557000,4223000,None,None,None,2513000,None,None,207000,None,-78823000,None,None,17000,None,10844000,None,None,10659000,10659000,None,None,None,100173000,37432000,8169000,None,17383359,USD,4183000,94000,4177000,8636000,None,0,None,538000,-4072000,520000,-3657000,118000,0,None,None,None,None,203000,6000,None,None,517000,3.0,3.32
5,2019-02-28,USD,666000,4179000,55000,611000,-3314000,-3701000,3114000,None,-3401000,None,1065000,254000,-3568000,None,19000,300000,273000,254000,None,None,None,300000,-87000,None,-3701000,-3701000,None,USD,41810000,None,None,20698000,16462000,25348000,None,2703000,207000,-74751000,11358000,None,17000,3429000,5104000,None,None,None,21000,29601000,12171000,25348000,5474000,None,None,None,2401000,None,None,207000,None,-74751000,None,None,17000,None,12209000,None,None,11358000,11358000,None,None,None,99892000,41810000,8903000,None,17380859,USD,1451000,-606000,1450000,-1000,None,0,None,-197000,-3701000,-434000,-1884000,2197000,2000,None,None,None,None,224000,6000,None,2000,-432000,3.2,3.0
6,2018-11-30,USD,674000,5279000,35000,639000,-4362000,-4302000,4347000,None,-4362000,None,932000,278000,-4640000,None,-8000,None,None,None,None,None,None,0,338000,None,-4362000,-4302000,None,USD,43593000,0,None,20647000,14735000,28858000,0,1131000,207000,-71050000,10571000,0,16000,3861000,4164000,None,None,None,23000,29651000,13903000,28858000,5143000,None,0,0,3033000,0,0,207000,0,-71050000,0,None,16000,None,13942000,None,None,10571000,10571000,None,None,None,99701000,43593000,9004000,None,17378359,USD,3003000,897000,2995000,-2751000,None,0,None,-185000,-4302000,-1136000,-4131000,-887000,2000,0,0,0,0,159000,8000,None,1000,-1135000,4.08,3.2
7,2018-08-31,USD,617000,3681000,3335000,531000,-2926000,-2926000,2734000,0,-2926000,0,1033000,224000,-3150000,-86000,-679000,None,None,None,0,0,0,0,224000,0,-2926000,-2926000,None,USD,47397000,0,None,21449000,16285000,31112000,11388000,2449000,207000,-69223000,11732000,0,17000,4996000,4553000,None,None,702000,17000,31037000,16327000,31112000,4592000,None,0,0,2104000,0,0,207000,0,-69223000,0,None,16000,None,16360000,None,None,344000,11732000,None,None,None,99426000,47397000,9588000,None,17369875,USD,-10550000,-1717000,-10553000,-1000,None,16493000,None,-381000,-2926000,1292000,-4648000,-365000,2000,0,16493000,0,0,358000,2000,None,31000,1323000,4.95,4.08
8,2018-05-31,USD,617000,5237000,-86000,703000,-4354000,-4354000,4194000,0,-4354000,0,1043000,180000,-4534000,0,-29000,None,None,None,0,0,0,0,180000,0,-4354000,-4354000,None,USD,34659000,0,None,16199000,18002000,16657000,12005000,2449000,172000,-66297000,12365000,0,8767000,3673000,5637000,None,None,198000,17000,23582000,11045000,16657000,3710000,None,0,0,3188000,0,0,172000,0,-66297000,0,None,15000,None,11077000,None,None,360000,12365000,None,None,None,82584000,34659000,7383000,None,14469163,USD,3900000,228000,3900000,-9501000,None,283000,None,-59000,-4354000,378000,-3805000,15000,1000,0,283000,0,0,305000,2000,None,None,378000,7.91,4.95
9,2018-02-28,USD,604000,3715000,3713000,604000,-2916000,-2916000,2724000,0,-2916000,0,991000,195000,-3111000,0,22000,None,None,None,0,0,0,0,-6000,0,-2916000,-2916000,None,USD,38254000,0,None,14603000,17774000,20480000,12622000,2449000,171000,-61943000,13056000,0,17109000,3295000,4718000,None,None,313000,18000,21127000,17094000,20480000,3229000,None,0,0,2269000,0,0,171000,0,-61943000,0,None,15000,None,17127000,None,None,434000,13056000,None,None,None,81939000,38254000,6524000,None,14405892,USD,4799000,-1029000,4795000,-1000,None,718000,None,-80000,-2916000,2037000,-3476000,-61000,2000,0,718000,0,0,528000,3000,None,None,2037000,7.25,7.91
10,2017-11-30,USD,611000,3343000,3342000,611000,-2531000,-2531000,2327000,0,-2531000,0,1016000,201000,-2732000,0,21000,None,None,None,0,0,0,0,201000,0,-2531000,-2531000,None,USD,41544000,0,None,15155000,18803000,22741000,13226000,2449000,170000,-59027000,13679000,0,22392000,1258000,5124000,None,None,727000,17000,19135000,22378000,22741000,2722000,None,0,0,2675000,0,0,170000,0,-59027000,0,None,14000,None,22409000,None,None,453000,13679000,None,None,None,80871000,41544000,3980000,None,14307890,USD,-5146000,-671000,-5146000,-3540000,None,5160000,None,-23000,-2531000,-2714000,-2728000,-4000,1000,0,5160000,0,0,477000,3000,None,3000,-2711000,9.14,7.25
11,2017-08-31,USD,3072000,14657000,374000,2698000,-11422000,-6626000,11776000,0,-11098000,0,2881000,537000,-11959000,0,36000,None,None,None,0,0,0,800000,691000,0,-11898000,-6626000,None,USD,38712000,0,None,13452000,19474000,19238000,13837000,2449000,163000,-56496000,14309000,0,18397000,3985000,5165000,None,None,401000,18000,20297000,18383000,19238000,2860000,None,0,0,2716000,0,0,163000,0,-56496000,0,None,14000,None,18415000,None,None,472000,14309000,None,None,None,75170000,38712000,6845000,None,13668530,USD,3017000,-508000,3014000,-1000,None,1266000,None,96000,-18264000,2232000,-2048000,-32000,1000,0,1266000,0,0,1187000,2000,None,4000,2236000,8.65,9.14
12,2017-05-31,USD,-617000,-2772000,2770000,-617000,1965000,1965000,-2267000,0,1965000,0,-505000,-190000,2155000,0,20000,None,None,None,0,0,0,0,0,0,1965000,1965000,None,USD,39792000,0,None,21527000,19982000,19810000,14455000,2449000,159000,-53800000,14946000,0,13427000,1749000,5036000,None,None,497000,17000,26348000,13414000,19810000,3072000,None,0,0,2587000,0,0,159000,0,-53800000,0,None,13000,None,13444000,None,None,491000,14946000,None,None,None,72954000,39792000,4821000,None,13319172,USD,2641000,-532000,2637000,-1000,None,320000,None,6000,13603000,281000,-2356000,24000,2000,0,0,0,0,115000,3000,None,None,281000,8.15,8.65
13,2017-02-28,USD,611000,3976000,3975000,611000,-3183000,-3183000,3125000,0,-3183000,0,851000,182000,-3365000,0,21000,None,None,None,0,0,0,-400000,0,0,-3183000,-3183000,None,USD,41836000,0,None,24705000,20514000,21322000,15072000,2449000,159000,-51835000,15581000,0,12040000,1468000,4933000,None,None,211000,16000,29780000,1023000,21322000,3607000,None,0,0,2484000,0,0,159000,0,-51835000,0,None,11017000,None,12056000,None,None,509000,15581000,None,None,None,72787000,41836000,5075000,None,13291612,USD,2090000,-428000,2087000,-1000,None,320000,None,279000,-3183000,-838000,-2925000,279000,1000,0,10594000,0,0,406000,2000,None,None,-838000,6.05,8.15
14,2016-11-30,USD,-610000,-2821000,-187000,-423000,2560000,-2636000,-2353000,0,2236000,0,-468000,162000,2398000,0,24000,None,None,None,0,0,0,-400000,0,0,2636000,-2636000,None,USD,44928000,0,None,24499000,20942000,23986000,15682000,2450000,158000,-48652000,16208000,0,14418000,2306000,4734000,None,None,43000,15000,30495000,14407000,23986000,3690000,None,0,0,2284000,0,0,158000,0,-48652000,0,None,11000,None,14433000,None,None,526000,16208000,None,None,None,72437000,44928000,5996000,None,13268226,USD,-3436000,4302000,-3436000,0,None,320000,None,None,-2636000,-1618000,1498000,-232000,1000,0,320000,0,0,63000,0,None,1000,-1617000,6.14,6.05
15,2016-08-31,USD,353000,3402000,490000,-137000,-3425000,-4760000,2783000,0,-3425000,0,619000,114000,-3539000,0,30000,None,None,None,0,0,0,1335000,381000,0,-4760000,-4760000,None,USD,42830000,0,None,24452000,16640000,26190000,12604000,2162000,157000,-46016000,13019000,0,11584000,3923000,3621000,None,None,106000,16000,31230000,11573000,26190000,2855000,None,0,0,1459000,0,0,157000,0,-46016000,0,None,11000,None,11600000,None,None,415000,13019000,None,None,None,71943000,42830000,6778000,None,13183425,USD,-6309000,11333000,-6310000,-1000,None,111000,None,322000,-4760000,604000,6803000,208000,1000,0,111000,0,0,21000,9000,None,1000,605000,7.21,6.14
16,2016-05-31,USD,163000,2273000,2272000,163000,-1996000,-1996000,1718000,0,-1996000,0,555000,114000,-2110000,0,23000,None,None,None,0,0,0,0,0,0,-1996000,-1996000,None,USD,36305000,0,None,18461000,5322000,30983000,3945000,650000,157000,-41256000,3984000,0,11146000,3318000,1338000,None,None,314000,17000,25142000,11136000,30983000,3363000,None,0,0,688000,0,0,157000,0,-41256000,0,None,10000,None,11163000,None,None,39000,3984000,None,None,None,71768000,36305000,6681000,None,13130914,USD,2250000,-345000,2242000,-1000,None,52000,None,None,-1996000,69000,-2225000,-4000,1000,0,52000,0,0,119000,7000,None,3000,72000,8.72,7.21
17,2016-02-29,USD,125000,2037000,2036000,125000,-1818000,-1818000,1307000,0,-1818000,0,730000,94000,-1912000,0,34000,None,None,None,0,0,0,0,0,0,-1818000,-1818000,None,USD,38372000,0,None,20708000,5667000,32705000,4109000,649000,157000,-39260000,4148000,0,12326000,3246000,1519000,None,None,230000,11000,26035000,12317000,32705000,2081000,None,0,0,870000,0,0,157000,0,-39260000,0,None,9000,None,12337000,None,None,39000,4148000,None,None,None,71578000,38372000,5327000,None,13109789,USD,-12760000,4325000,-12760000,0,None,11716000,None,None,-1818000,1280000,2324000,-305000,1000,0,11716000,0,0,121000,2000,None,1000,1281000,7.09,8.72
18,2015-11-30,USD,0,2449000,2448000,0,-2390000,-2390000,1901000,0,-2390000,0,548000,59000,-2449000,0,6000,None,None,None,0,0,0,0,0,0,-2390000,-2390000,None,USD,23883000,0,None,11239000,1342000,22541000,0,500000,138000,-37442000,38000,0,8683000,1965000,1304000,None,None,152000,12000,15188000,8674000,22541000,1984000,None,0,0,804000,0,0,138000,0,-37442000,0,None,9000,None,8695000,None,None,38000,38000,None,None,None,59693000,23883000,3949000,None,11602652,USD,820000,-184000,818000,0,None,164000,None,None,-2390000,-1265000,-2247000,15000,1000,0,164000,0,0,311000,2000,None,1000,-1264000,9.1,7.09
19,2015-08-31,USD,0,-9325000,0,0,9183000,9182000,-6304000,0,9183000,0,-3021000,-142000,9325000,0,-6000,None,None,None,0,0,0,1000,150000,0,9182000,9182000,None,USD,26354000,0,None,12055000,1526000,24828000,0,500000,138000,-35052000,37000,0,8971000,3229000,1489000,None,None,558000,11000,17372000,8962000,24828000,2088000,None,0,0,989000,0,0,138000,0,-35052000,0,None,9000,None,8982000,None,None,37000,37000,None,None,None,59184000,26354000,5317000,None,11563077,USD,-4485000,517000,-4485000,-1000,None,4880000,None,347000,-12348000,-634000,-1029000,213000,4000,0,4880000,0,0,357000,1000,None,None,-634000,5.62,9.1
