,fiscalDateEnding,reportedCurrency_x,totalRevenue,totalOperatingExpense,costOfRevenue,grossProfit,ebit,netIncome_x,researchAndDevelopment,effectOfAccountingCharges,incomeBeforeTax,minorityInterest,sellingGeneralAdministrative,otherNonOperatingIncome,operatingIncome,otherOperatingExpense,interestExpense,taxProvision,interestIncome,netInterestIncome,extraordinaryItems,nonRecurring,otherItems,incomeTaxExpense,totalOtherIncomeExpense,discontinuedOperations,netIncomeFromContinuingOperations,netIncomeApplicableToCommonShares,preferredStockAndOtherAdjustments,reportedCurrency_y,totalAssets,intangibleAssets,earningAssets,otherCurrentAssets,totalLiabilities,totalShareholderEquity,deferredLongTermLiabilities,otherCurrentLiabilities,commonStock,retainedEarnings,otherLiabilities,goodwill,otherAssets,cash,totalCurrentLiabilities,shortTermDebt,currentLongTermDebt,otherShareholderEquity,propertyPlantEquipment,totalCurrentAssets,longTermInvestments,netTangibleAssets,shortTermInvestments,netReceivables,longTermDebt,inventory,accountsPayable,totalPermanentEquity,additionalPaidInCapital,commonStockTotalEquity,preferredStockTotalEquity,retainedEarningsTotalEquity,treasuryStock,accumulatedAmortization,otherNonCurrrentAssets,deferredLongTermAssetCharges,totalNonCurrentAssets,capitalLeaseObligations,totalLongTermDebt,otherNonCurrentLiabilities,totalNonCurrentLiabilities,negativeGoodwill,warrants,preferredStockRedeemable,capitalSurplus,liabilitiesAndShareholderEquity,cashAndShortTermInvestments,accumulatedDepreciation,commonStockSharesOutstanding,reportedCurrency,investments,changeInLiabilities,cashflowFromInvestment,otherCashflowFromInvestment,netBorrowings,cashflowFromFinancing,otherCashflowFromFinancing,changeInOperatingActivities,netIncome_y,changeInCash,operatingCashflow,otherOperatingCashflow,depreciation,dividendPayout,stockSaleAndPurchase,changeInInventory,changeInAccountReceivables,changeInNetIncome,capitalExpenditures,changeInReceivables,changeInExchangeRate,changeInCashAndCashEquivalents,clossingVal,nextClossingVal
0,2020-06-30,USD,26091000,18431000,None,26091000,7660000,6359000,None,None,7660000,None,18431000,None,7660000,2485000,4224000,1301000,25022000,20798000,None,None,None,1301000,None,None,6359000,6359000,None,USD,2772796000,6160000,539424000,None,2547158000,225638000,None,2251731000,586000,42862000,25484000,18724000,2142951000,52290000,2288763000,None,None,-5114000,36976000,60472000,2507736000,200754000,483936000,8182000,234679000,None,37032000,None,None,586000,None,42862000,-922000,None,142728000,None,2712324000,None,234679000,23716000,258395000,None,None,None,188226000,2772796000,52290000,None,11209146,USD,84911000,437000,84728000,198000,14421000,-92002000,-104855000,437000,6359000,-4847000,2427000,2078000,-37000,-1905000,337000,None,-1485000,-4925000,381000,-1485000,None,-4847000,14.75,
1,2020-03-31,USD,24411000,18304000,None,24411000,6107000,5068000,None,None,6107000,None,18304000,None,6107000,1334000,5705000,1039000,23967000,18262000,None,None,None,1039000,None,None,5068000,5068000,None,USD,2387553000,6717000,526485000,None,2176983000,210570000,None,1897296000,586000,38408000,24695000,20142000,1762542000,57137000,1933023000,189065000,189065000,-15097000,37098000,63834000,2120744000,183711000,479599000,6697000,233027000,None,35727000,None,None,586000,None,38408000,-1170000,None,139018000,None,2323719000,None,233027000,10933000,243960000,None,None,None,187843000,2387553000,57137000,None,11196724,USD,-15731000,-352000,-15814000,361000,-5837000,12557000,21746000,-352000,5068000,1174000,4431000,-3405000,724000,-1906000,-1446000,None,-657000,3053000,83000,-657000,None,1174000,13.77,14.75
2,2019-12-31,USD,24907000,19645000,None,24907000,5262000,4234000,None,None,5262000,None,19645000,None,5262000,2307000,6151000,1028000,24405000,18254000,None,None,None,1028000,-1226000,None,4234000,4234000,None,USD,2383274000,7180000,546427000,34704000,2160025000,223249000,None,1875522000,584000,35246000,24153000,19925000,1728808000,56462000,2065111000,154869000,154869000,-480000,37524000,62502000,2120061000,196144000,490386000,6040000,94914000,197000,34720000,None,None,584000,None,35246000,-466000,None,136082000,None,2320772000,None,94914000,None,94914000,None,None,None,188365000,2383274000,56462000,None,11199874,USD,-68452000,327000,-68543000,-406000,118166000,68447000,-48041000,327000,4234000,5539000,5635000,1446000,624000,-1678000,-78000,None,506000,-1502000,315000,506000,None,5539000,22.62,13.77
3,2019-09-30,USD,26432000,17191000,None,26623000,8241000,6901000,None,None,8241000,None,12015000,None,8241000,1968000,6736000,1340000,24656000,17920000,None,None,None,1340000,-1191000,None,6901000,6901000,None,USD,2313677000,7654000,519180000,14156000,2090184000,223493000,None,1923454000,584000,32690000,23218000,19925000,1685318000,50923000,1961527000,36605000,36605000,2675000,53939000,57469000,481120000,195914000,481120000,6546000,94999000,642000,35126000,None,None,584000,None,32690000,-1038000,None,118572000,None,2256208000,None,31834000,None,94999000,None,None,None,188582000,2313677000,50923000,None,11000000,USD,24361000,0,24361000,-3574000,7136000,-88007000,-92125000,-4471000,6901000,-65956000,-2310000,-2839000,1604000,-1673000,-1400000,None,12000,-6356000,1737000,12000,None,-65956000,21.9,22.62
4,2019-06-30,USD,26111000,23314000,None,26111000,2797000,2687000,None,None,2797000,None,23314000,None,2797000,1915000,5935000,110000,24367000,18432000,None,None,None,110000,-7240000,None,2687000,2687000,None,USD,2399508000,8140000,595598000,13710000,2179640000,219868000,None,2015541000,584000,27462000,26965000,19621000,12460000,116879000,2064558000,9373000,9373000,3408000,41508000,123437000,2091292000,192107000,496930000,6558000,115082000,735000,39644000,None,None,584000,None,27462000,None,None,115510000,None,2276071000,None,115082000,None,115082000,None,None,None,188414000,2399508000,116879000,None,11223993,USD,71224000,1204000,100811000,30387000,-71693000,-66485000,6594000,1204000,2687000,39662000,5336000,-875000,3421000,-1386000,0,None,1143000,-2244000,800000,1143000,None,39662000,21.99,21.9
5,2019-03-31,USD,19516000,16182000,None,19516000,3334000,3102000,None,None,3334000,None,16182000,None,3334000,1530000,4877000,232000,19566000,14689000,None,None,None,232000,-1655000,None,3102000,3102000,None,USD,1973283000,3702000,560130000,11127000,1794116000,179167000,None,1620696000,494000,26161000,19192000,12592000,1331748000,77217000,1658950000,9579000,9579000,810000,38107000,83557000,1746264000,162873000,490221000,6340000,135166000,454000,28675000,None,None,494000,None,26161000,None,None,89061000,None,1889726000,None,135166000,None,135166000,None,None,None,151702000,1973283000,77217000,None,9484769,USD,-36978000,-2351000,-37667000,550000,-34642000,25640000,61637000,-2351000,3102000,-11598000,429000,-428000,1148000,-1413000,58000,None,-413000,-629000,689000,-413000,None,-11598000,18.59,21.99
6,2018-12-31,USD,19584000,18302000,4583000,19584000,1282000,1152000,0,0,1282000,0,18302000,None,1282000,1778000,4383000,None,None,None,0,0,0,130000,-3185000,0,1152000,1152000,None,USD,1934388000,3910000,None,21253000,1760955000,173433000,None,1558756000,491000,24472000,21520000,12592000,1306571000,88815000,1645646000,64069000,40382000,-2972000,38201000,94742000,1702827000,156931000,None,5927000,115309000,1133000,22821000,None,None,491000,None,24472000,-236000,None,82116000,None,1839646000,None,115309000,None,115309000,None,None,None,151678000,1934388000,88815000,None,9430224,USD,11181000,2742000,22028000,12560000,50480000,18413000,-30857000,2742000,1152000,47798000,7357000,1578000,1120000,-1209000,-1000,None,None,1299000,1713000,-534000,None,47798000,18.21,18.59
7,2018-09-30,USD,17996000,13336000,3722000,17996000,4660000,4016000,0,0,4660000,0,13336000,None,4660000,1551000,3522000,None,None,None,0,0,0,644000,-506000,0,4016000,4016000,None,USD,1720755000,2931000,None,10158000,1575198000,145557000,0,1429170000,437000,24529000,16544000,0,1137079000,41017000,1491655000,45353000,128896000,-5472000,35922000,535766000,1075894000,145557000,489356000,5393000,83543000,286000,17132000,0,0,437000,0,24529000,-197000,None,73173000,None,1184989000,None,83543000,None,83543000,None,None,None,126260000,1720755000,530373000,None,8385627,USD,-65253000,-5264000,-66470000,808000,-18578000,83721000,103304000,-5264000,4016000,18435000,1184000,552000,1260000,-1071000,66000,2671000,0,445000,2025000,175000,None,18435000,23.8,18.21
8,2018-06-30,USD,17658000,13272000,3171000,17658000,4386000,4012000,0,0,4386000,0,13272000,None,4386000,1530000,2971000,None,None,None,0,-66000,0,374000,-379000,0,4012000,4012000,None,USD,1644118000,2917000,None,11063000,1498981000,145137000,0,1325866000,438000,21584000,25187000,0,1119044000,22582000,1415346000,63838000,147473000,-2693000,34558000,477569000,1055941000,145137000,449419000,5568000,83635000,395000,25642000,0,0,438000,0,21584000,-594000,None,76050000,None,1166549000,None,83635000,None,83635000,None,None,None,126402000,1644118000,472001000,None,8400697,USD,-11747000,5259000,-11527000,1028000,-29982000,-5050000,26008000,5259000,4012000,-7590000,8987000,-270000,1298000,-1095000,19000,1435000,0,-646000,808000,-666000,None,-7590000,26.0,23.8
9,2018-03-31,USD,17186000,13069000,2791000,17186000,4117000,3625000,0,0,4117000,0,13069000,None,4117000,1322000,2591000,None,None,None,0,66000,0,492000,-191000,0,3625000,3625000,None,USD,1635906000,2883000,None,8561000,1493350000,142556000,0,1299514000,438000,18667000,16380000,0,535245000,30172000,1409625000,93731000,177456000,-2238000,34387000,489874000,1034773000,142556000,454800000,4902000,83725000,4988000,16380000,0,0,438000,0,18667000,-299000,None,76872000,None,1146032000,None,83725000,None,83725000,None,None,None,125988000,1635906000,484972000,None,8412314,USD,-82289000,-41000,-83427000,-893000,65000,78833000,79692000,-41000,3625000,365000,4959000,-2331000,1370000,-1000000,76000,2852000,146000,2190000,245000,146000,None,365000,24.15,26.0
10,2017-12-31,USD,15708000,12680000,3084000,15708000,3028000,6000,0,0,3028000,0,12680000,None,3028000,1176000,5627000,None,None,None,0,-249000,0,3022000,-1320000,0,6000,6000,None,USD,1558849000,2897000,None,12532000,1414084000,144765000,0,1219515000,435000,16042000,17178000,0,489967000,29807000,1330269000,93576000,365000,2845000,34809000,450163000,1003305000,144765000,415308000,5048000,83815000,7050000,17178000,0,0,435000,0,16042000,-15000,None,70572000,None,1108686000,None,83815000,None,83815000,None,None,None,125458000,1558849000,445115000,None,8347039,USD,-23407000,177000,-23384000,304000,21917000,23706000,2788000,2012000,6000,7333000,7011000,412000,1529000,-999000,0,0,0,5683000,281000,-796000,None,7333000,25.25,24.15
11,2017-09-30,USD,16237000,13087000,2117000,16237000,3150000,2774000,0,0,3150000,0,13087000,None,3150000,8195000,267000,None,None,None,0,1555000,0,376000,0,0,2774000,2774000,None,USD,1533586000,2880000,None,12469000,1389202000,144384000,0,1216727000,435000,17264000,17001000,0,497963000,22474000,1325299000,91571000,155474000,1580000,35225000,448181000,976666000,144384000,421455000,4252000,63903000,9475000,17001000,0,0,435000,0,17264000,-15000,None,73514000,None,1085405000,None,63903000,None,63903000,None,None,None,125120000,1533586000,443929000,None,8348036,USD,-76856000,1246000,-78278000,-548000,40921000,60954000,20791000,1246000,2774000,-15538000,1786000,-265000,1754000,-834000,76000,0,420000,-3938000,874000,215000,None,-15538000,24.9,25.25
12,2017-06-30,USD,16241000,12417000,1850000,16241000,3824000,3308000,0,0,3824000,0,12417000,None,3824000,-5314000,157000,None,None,None,0,-657000,0,516000,0,0,3308000,3308000,None,USD,1474930000,2848000,None,9649000,1331667000,143263000,0,1195936000,435000,15324000,21178000,0,474057000,38012000,1307676000,90562000,114553000,2857000,35036000,444383000,926813000,143263000,401904000,4467000,23991000,6194000,21178000,0,0,435000,0,15324000,-80000,None,68698000,None,1030547000,None,23991000,None,23991000,None,None,None,124727000,1474930000,439916000,None,8343908,USD,-1658000,645000,-2450000,48000,-2938000,8290000,12060000,645000,3308000,9461000,3621000,254000,1807000,-832000,0,0,205000,-2030000,840000,-363000,None,9461000,22.85,24.9
13,2017-03-31,USD,14572000,12146000,1593000,14572000,2426000,2002000,0,0,2426000,0,12146000,None,2426000,1326000,1593000,None,None,None,0,153000,0,424000,0,0,2002000,2002000,None,USD,1453946000,2791000,None,7453000,1316477000,137469000,0,1183876000,434000,12848000,15110000,0,497597000,28551000,1312400000,113414000,117491000,-98000,34767000,456256000,892012000,137469000,423601000,4104000,4077000,4368000,15110000,0,0,434000,0,12848000,-80000,None,70911000,None,997690000,None,4077000,None,4077000,None,None,None,124365000,1453946000,452152000,None,8332832,USD,-41333000,-56000,-41780000,220000,5464000,36126000,31424000,-56000,2002000,-1722000,3932000,-349000,2209000,-823000,61000,0,568000,-442000,667000,568000,None,-1722000,22.35,22.85
14,2016-12-31,USD,14679000,12476000,1365000,14679000,2203000,1928000,0,0,2203000,0,12476000,None,2203000,6603000,3997000,None,None,None,0,5366000,0,275000,-1014000,0,1928000,1928000,None,USD,1414504000,2835000,None,11811000,1279645000,134859000,0,1152452000,437000,11669000,15166000,0,475630000,30273000,1255482000,87864000,20000000,-1165000,34871000,435099000,873384000,134859000,400154000,4672000,24163000,3114000,15166000,0,0,437000,0,11669000,-1017000,None,71150000,None,979405000,None,24163000,None,24163000,None,None,None,124935000,1414504000,430427000,None,8285733,USD,-75075000,570000,-75919000,74000,44928000,63305000,19120000,561000,1928000,-7368000,5246000,-55000,2210000,-742000,-1000,3149000,0,1575000,918000,-982000,None,-7368000,22.4,22.35
15,2016-09-30,USD,13552000,11985000,1670000,13552000,1567000,1442000,0,0,1567000,0,11985000,None,1567000,470000,99000,None,None,None,0,-4017000,0,125000,0,0,1442000,1442000,None,USD,1354154000,122000,None,None,1214359000,139795000,0,1133332000,437000,10483000,13928000,0,443997000,37641000,1190112000,42852000,42852000,5136000,34630000,416233000,837167000,139673000,374902000,3690000,24247000,4675000,13928000,0,0,437000,0,10483000,-1196000,None,66002000,None,937921000,None,24247000,None,24247000,None,None,None,124935000,1354154000,412543000,None,8289739,USD,-71277000,-693000,-75035000,69000,-625000,44058000,45363000,325000,1442000,-26008000,4969000,325000,2001000,-746000,66000,3674000,155000,1825000,3827000,69000,None,-26008000,19.75,22.4
16,2016-06-30,USD,13488000,12558000,1321000,13488000,930000,678000,0,0,930000,0,12558000,None,930000,-180000,10000,None,None,None,0,320000,0,252000,0,0,678000,678000,None,USD,1311353000,132000,None,None,1170314000,141039000,0,1087969000,437000,9787000,14621000,0,390554000,63649000,1145983000,43393000,43393000,7421000,31379000,391948000,825120000,140907000,324540000,3759000,24331000,7278000,14621000,0,0,437000,0,9787000,-1413000,None,62774000,None,919405000,None,24331000,None,24331000,None,None,None,124807000,1311353000,388189000,None,8276866,USD,-20568000,1071000,-22633000,203000,-19382000,19079000,39593000,-8000,678000,-3266000,288000,-8000,1922000,-746000,-386000,185000,86000,-3198000,2268000,-177000,None,-3266000,18.05,19.75
17,2016-03-31,USD,14315000,11121000,1311000,14315000,3194000,2580000,0,0,3194000,0,11121000,None,3194000,51000,1311000,None,None,None,0,181000,0,614000,0,0,2580000,2580000,None,USD,1287279000,155000,None,None,1149032000,138247000,0,1048376000,437000,9855000,13550000,0,395325000,66915000,1124619000,62693000,62693000,4434000,29689000,398087000,794855000,138092000,327590000,3582000,24413000,3994000,13550000,0,0,437000,0,9855000,-1027000,None,64493000,None,889192000,None,24413000,None,24413000,None,None,None,124548000,1287279000,394505000,None,8288793,USD,50747000,-387000,44696000,305000,-26545000,-11205000,16209000,-1037000,2580000,38575000,5084000,-1037000,2113000,-664000,-205000,2798000,263000,1552000,6356000,263000,None,38575000,17.32,18.05
18,2015-12-31,USD,12804000,11219000,1246000,12804000,1585000,1449000,0,0,1585000,0,11219000,None,1585000,6527000,3129000,None,None,None,0,1440000,0,136000,-1021000,0,1449000,1449000,None,USD,1292816000,207000,None,11027000,1159755000,133061000,0,1032167000,435000,7939000,13937000,0,465744000,28340000,1135260000,89156000,113651000,1199000,23960000,426309000,774062000,132854000,394124000,3845000,24495000,6627000,13937000,0,0,435000,0,7939000,-829000,None,68278000,None,866507000,None,24495000,None,24495000,None,None,None,124317000,1292816000,422464000,None,8272591,USD,-27225000,1709000,-26998000,529000,34245000,17111000,-15811000,2017000,1449000,-5932000,3955000,1593000,2166000,-661000,-662000,0,0,-2654000,302000,-308000,None,-5932000,17.84,17.32
19,2015-09-30,USD,14147000,11224000,569000,14147000,2923000,2461000,0,0,2923000,0,11224000,None,2923000,0,202000,None,None,None,0,0,0,462000,0,0,2461000,2461000,None,USD,1274340000,258000,None,None,1139612000,134728000,0,1047978000,435000,7151000,12228000,0,461366000,34272000,1115037000,54831000,None,3207000,24242000,432060000,753438000,134470000,394251000,3537000,24575000,5139000,12228000,0,0,435000,0,7151000,-167000,None,64342000,None,842280000,None,24575000,None,24575000,None,None,None,124102000,1274340000,428523000,None,8312855,USD,-24943000,492000,-28716000,-3287000,-48525000,35908000,85124000,None,2461000,10478000,3286000,-1675000,2284000,-582000,-109000,0,0,-98000,486000,-178000,None,10478000,16.86,17.84
