,fiscalDateEnding,reportedCurrency_x,totalRevenue,totalOperatingExpense,costOfRevenue,grossProfit,ebit,netIncome_x,researchAndDevelopment,effectOfAccountingCharges,incomeBeforeTax,minorityInterest,sellingGeneralAdministrative,otherNonOperatingIncome,operatingIncome,otherOperatingExpense,interestExpense,taxProvision,interestIncome,netInterestIncome,extraordinaryItems,nonRecurring,otherItems,incomeTaxExpense,totalOtherIncomeExpense,discontinuedOperations,netIncomeFromContinuingOperations,netIncomeApplicableToCommonShares,preferredStockAndOtherAdjustments,reportedCurrency_y,totalAssets,intangibleAssets,earningAssets,otherCurrentAssets,totalLiabilities,totalShareholderEquity,deferredLongTermLiabilities,otherCurrentLiabilities,commonStock,retainedEarnings,otherLiabilities,goodwill,otherAssets,cash,totalCurrentLiabilities,shortTermDebt,currentLongTermDebt,otherShareholderEquity,propertyPlantEquipment,totalCurrentAssets,longTermInvestments,netTangibleAssets,shortTermInvestments,netReceivables,longTermDebt,inventory,accountsPayable,totalPermanentEquity,additionalPaidInCapital,commonStockTotalEquity,preferredStockTotalEquity,retainedEarningsTotalEquity,treasuryStock,accumulatedAmortization,otherNonCurrrentAssets,deferredLongTermAssetCharges,totalNonCurrentAssets,capitalLeaseObligations,totalLongTermDebt,otherNonCurrentLiabilities,totalNonCurrentLiabilities,negativeGoodwill,warrants,preferredStockRedeemable,capitalSurplus,liabilitiesAndShareholderEquity,cashAndShortTermInvestments,accumulatedDepreciation,commonStockSharesOutstanding,reportedCurrency,investments,changeInLiabilities,cashflowFromInvestment,otherCashflowFromInvestment,netBorrowings,cashflowFromFinancing,otherCashflowFromFinancing,changeInOperatingActivities,netIncome_y,changeInCash,operatingCashflow,otherOperatingCashflow,depreciation,dividendPayout,stockSaleAndPurchase,changeInInventory,changeInAccountReceivables,changeInNetIncome,capitalExpenditures,changeInReceivables,changeInExchangeRate,changeInCashAndCashEquivalents,clossingVal,nextClossingVal
0,2020-06-30,USD,276967000,248548000,175419000,101548000,35442000,13965000,12823000,None,18977000,None,60306000,None,28419000,None,4514000,5012000,None,-4514000,None,None,None,5012000,-4963000,None,13965000,13965000,None,USD,1268541000,128279000,None,30541000,696389000,572152000,None,115688000,572152000,474793000,99216000,310627000,83990000,76102000,330101000,None,59926000,-25194000,127936000,617709000,None,133246000,None,269840000,267072000,241226000,84940000,None,None,None,None,None,None,None,83990000,None,650832000,None,None,93370000,366288000,None,None,None,None,None,None,None,None,USD,-14340000,-24478000,-14340000,None,-36069000,-36196000,-88000,20320000,13965000,-24924000,23627000,None,11951000,None,0,-342000,-13126000,12938000,8921000,None,None,None,74.64,
1,2020-04-30,USD,276967000,248548000,175419000,101548000,35442000,13965000,12823000,None,18977000,None,60306000,None,28419000,None,4514000,5012000,None,-4514000,None,None,None,5012000,-4963000,None,13965000,13965000,None,USD,1268541000,128279000,None,30541000,696389000,572152000,None,115688000,122553000,474793000,79503000,310627000,56054000,76102000,330101000,None,59926000,-25194000,155872000,617709000,None,133246000,None,269840000,267072000,241226000,84940000,None,None,None,None,None,None,None,83990000,None,650832000,None,None,93370000,366288000,None,None,None,None,None,None,None,None,USD,-14340000,-24478000,-14340000,None,-36069000,-36196000,-88000,20320000,13965000,-24924000,23627000,None,11951000,None,0,-342000,-13126000,12938000,8921000,None,None,None,72.38,74.64
2,2020-03-31,USD,292883000,85482000,183776000,109107000,23625000,19558000,15358000,None,18919000,None,65576000,None,23625000,-292883000,4706000,-639000,-4706000,-4706000,None,4548000,None,-639000,-4548000,None,19558000,19558000,None,USD,1286594000,129471000,None,38522000,734318000,552276000,6881000,138685000,116872000,460828000,93579000,308639000,81596000,101026000,375962000,95903000,95903000,-25424000,128518000,638370000,None,114166000,None,257505000,264777000,241317000,141374000,None,None,116872000,None,460828000,None,None,81596000,None,648224000,None,264777000,86698000,358356000,None,None,None,None,1286594000,101026000,None,18010625,USD,-12730000,-2519000,-12730000,-8261000,3908000,-22668000,-4096000,531000,19558000,10528000,45926000,1288000,13184000,None,-22480000,11164000,-4490000,7741000,4469000,-4490000,None,10528000,68.92,72.38
3,2020-01-31,USD,292883000,264710000,183776000,109107000,34471000,19558000,15358000,None,18919000,None,65576000,None,28173000,None,4706000,-639000,None,-4706000,None,None,None,-639000,-4548000,None,19558000,19558000,None,USD,1286594000,129471000,None,38522000,734318000,552276000,None,109409000,552276000,460828000,93579000,308639000,81596000,101026000,375962000,None,95903000,-25424000,128518000,638370000,None,114166000,None,257505000,264777000,241317000,103797000,None,None,None,None,None,None,None,81596000,None,648224000,None,None,86698000,358356000,None,None,None,None,None,None,None,None,USD,-12730000,-1762000,-12730000,None,3908000,-22668000,-4045000,531000,19558000,5970000,45926000,None,10846000,None,-24781000,11164000,-4490000,7741000,9380000,None,None,None,86.54,68.92
4,2019-12-31,USD,305342000,77854000,194569000,110773000,32919000,20986000,14881000,None,28075000,None,63902000,None,32919000,-305342000,4844000,7089000,-4844000,-4844000,None,-929000,None,7089000,929000,None,20986000,20986000,None,USD,1301926000,127464000,None,43313000,744210000,557716000,7532000,147570000,133566000,441270000,78864000,309429000,60259000,95056000,383936000,91837000,91837000,-17120000,129588000,648289000,None,120823000,None,257385000,262326000,252535000,144529000,None,None,133566000,None,441270000,None,None,87156000,None,653637000,None,262326000,90416000,360274000,None,None,None,None,1301926000,95056000,None,18267574,USD,-7503000,9690000,-7503000,-1936000,-3984000,-18387000,-1871000,171000,20986000,8899000,34789000,-21627000,15760000,None,-12532000,15763000,-12515000,6732000,5567000,-12515000,None,8899000,100.74,86.54
5,2019-10-31,USD,305342000,273352000,194569000,110773000,46341000,20986000,14881000,None,28075000,None,63902000,None,31990000,None,4844000,7089000,None,-4844000,None,None,None,7089000,929000,None,20986000,20986000,None,USD,1301926000,127464000,None,43313000,744210000,557716000,None,108811000,133566000,441270000,78864000,309429000,60259000,95056000,383936000,None,91837000,-17120000,156485000,648289000,None,120823000,None,257385000,262326000,252535000,106344000,None,None,None,None,None,None,None,87156000,None,653637000,None,None,90416000,360274000,None,None,None,None,None,None,None,None,USD,-7503000,-12108000,-7503000,None,-3984000,-18387000,-1076000,171000,20986000,9914000,34789000,None,13422000,None,-13732000,15763000,-12515000,6732000,7332000,None,None,None,99.24,100.74
6,2019-09-30,USD,290852000,74324000,191641000,99211000,24887000,20743000,14246000,None,20151000,None,62177000,None,24887000,-290852000,4736000,-592000,-4736000,-4736000,None,-2099000,None,-592000,2099000,None,20743000,20743000,None,USD,1290102000,129633000,None,38140000,748538000,541564000,7832000,166165000,141049000,420284000,73079000,306713000,59478000,85142000,394702000,95801000,95801000,-19769000,128293000,637136000,None,105218000,None,245093000,260007000,268761000,132736000,None,None,141049000,None,420284000,None,None,88327000,None,652966000,None,260007000,85997000,353836000,None,None,None,None,1290102000,85142000,None,18357464,USD,-8114000,-8732000,-8114000,-2088000,6945000,-27479000,-26059000,-29598000,20743000,-10755000,24838000,-6599000,15847000,None,-8365000,4167000,-6940000,6352000,6026000,-6940000,None,-10755000,101.56,99.24
7,2019-07-31,USD,290852000,268064000,191641000,99211000,38426000,20743000,14246000,None,20151000,None,62177000,None,22788000,None,4736000,-592000,None,-4736000,None,None,None,-592000,2099000,None,20743000,20743000,None,USD,1290102000,129633000,None,38140000,748538000,541564000,None,122621000,141049000,420284000,73079000,306713000,59478000,85142000,394702000,None,95801000,-19769000,157142000,637136000,None,105218000,None,245093000,260007000,268761000,100942000,None,None,None,None,None,None,None,88327000,None,652966000,None,None,85997000,353836000,None,None,None,None,None,None,None,None,USD,-8114000,14267000,-8114000,None,6945000,-27479000,-144000,-29598000,20743000,-11174000,24838000,None,13539000,None,-13262000,4167000,-6940000,6352000,8114000,None,None,None,112.56,101.56
8,2019-06-30,USD,308377000,85331000,195356000,113021000,27683000,16661000,16256000,None,22627000,None,66402000,-7000,27690000,-308377000,26666000,5965000,-5057000,-5057000,None,2673000,None,5966000,-2680000,None,16661000,16661000,None,USD,1264864000,132954000,None,32432000,713137000,551727000,7979000,156183000,168913000,399541000,73377000,307108000,56518000,96316000,382008000,88804000,88804000,-16727000,127385000,640899000,None,111665000,None,238440000,257752000,273711000,137021000,None,None,168913000,None,399541000,None,None,56518000,None,623965000,None,257752000,65398000,331129000,None,None,None,None,1264864000,96316000,None,18167020,USD,-7653000,11070000,-7653000,-2803000,-36858000,-35051000,-1180000,7873000,16661000,-11336000,31368000,-16302000,16126000,None,2987000,23215000,-21239000,1837000,4850000,-21239000,None,-11336000,112.63,112.56
9,2019-04-30,USD,308377000,278014000,195356000,113021000,41516000,16661000,16256000,None,22626000,None,66402000,None,30363000,None,5057000,5965000,None,-5057000,None,None,None,None,-2680000,None,16661000,None,None,USD,1264864000,132954000,None,32432000,713137000,551727000,None,123486000,None,399541000,None,307108000,None,96316000,382008000,None,88804000,None,None,640899000,None,None,None,238440000,257752000,273711000,93500000,None,None,None,None,None,None,None,56518000,None,623965000,None,None,65398000,331129000,None,None,None,None,None,None,None,None,USD,-7653000,None,None,None,None,-35051000,None,None,16661000,-11333000,31368000,None,13833000,None,0,23215000,-21239000,None,7653000,None,None,None,90.13,112.63
10,2019-03-31,USD,304284000,79196000,192968000,111316000,32120000,19626000,13695000,None,26525000,None,67278000,None,32120000,-304284000,5595000,6899000,-5595000,-5595000,None,-1777000,None,6899000,1777000,None,19626000,19626000,None,USD,1284115000,136432000,None,35050000,758307000,525808000,15015000,173854000,160384000,382880000,77396000,307461000,56470000,107649000,425500000,125702000,125702000,-17456000,124916000,658836000,None,81915000,None,218433000,255411000,297704000,125944000,None,None,160384000,None,382880000,None,None,56470000,None,625279000,None,255411000,62381000,332807000,None,None,None,None,1284115000,107649000,None,18100841,USD,-9323000,-12027000,-9323000,-12000,-25445000,-26344000,-4255000,-1685000,19626000,11233000,46900000,-10175000,16382000,None,3356000,18497000,8019000,6578000,9311000,8019000,None,11233000,87.6,90.13
11,2018-12-31,USD,303205000,78637000,192861000,110344000,31707000,19107000,12805000,None,26087000,None,67097000,None,31707000,-303205000,5620000,None,None,None,None,-1265000,None,6980000,-4355000,None,19107000,19107000,None,USD,1297677000,140202000,None,43949000,801481000,496196000,14807000,184144000,151926000,363254000,78383000,305164000,49339000,95967000,469914000,151107000,2107000,-18984000,121270000,681202000,None,50830000,None,226086000,253184000,315200000,134663000,None,None,151926000,None,363254000,None,None,49839000,None,616475000,None,253184000,63576000,331567000,None,None,None,None,1297677000,95967000,None,18032374,USD,None,-21491000,-983000,-18259000,-17235000,-31558000,-1658000,902000,19107000,11124000,43665000,-683000,16385000,None,-12665000,26425000,-5285000,9207000,983000,-5285000,None,11124000,73.3,87.6
12,2018-09-30,USD,266249000,79656000,170336000,95913000,16257000,9402000,13753000,None,10925000,None,61707000,None,16257000,-266249000,5332000,None,None,None,None,4196000,None,1523000,-9744000,None,9402000,9402000,None,USD,1327928000,145230000,None,49468000,840626000,487302000,15052000,195064000,156760000,344147000,78671000,304717000,51994000,86411000,510997000,168326000,2326000,-13605000,119764000,702023000,None,37355000,0,222170000,250958000,343974000,147607000,0,0,156760000,0,344147000,0,None,56194000,None,625905000,None,250958000,63619000,329629000,None,None,None,None,1327928000,86411000,None,18032374,USD,None,-1821000,-30527000,-18259000,52819000,34639000,-12625000,-20911000,9402000,1291000,-2821000,8496000,16367000,0,-5555000,-28690000,-8701000,2126000,12268000,-8701000,None,1291000,76.31,73.3
13,2018-06-30,USD,287326000,90542000,186160000,101166000,10705000,5114000,15067000,0,5726000,0,64001000,81000,10624000,-1777000,4979000,None,None,None,0,11474000,0,612000,-16135000,0,5114000,5114000,None,USD,1255691000,142001000,None,41587000,766255000,489436000,15002000,125236000,169475000,334745000,73953000,292213000,47356000,84814000,443322000,115262000,2262000,-14784000,115524000,650697000,None,55222000,0,210744000,248980000,313552000,202824000,0,0,169475000,0,334745000,0,None,55256000,None,604994000,None,248980000,58951000,322933000,None,None,None,None,1255691000,84814000,None,18032374,USD,None,-4194000,-7578000,-609000,-115241000,-118491000,-290000,33401000,5114000,-108724000,17345000,21285000,16592000,0,-2960000,-10518000,4209000,-15143000,6969000,4209000,None,-109134000,77.33,76.31
14,2018-03-31,USD,267299000,89842000,169714000,97585000,7901000,2553000,15934000,0,3118000,0,59846000,158000,7743000,0,4783000,None,None,None,0,14062000,0,565000,-18687000,0,2553000,2553000,None,USD,1396031000,147057000,None,61362000,913645000,482386000,41642000,121295000,166633000,329631000,108135000,300716000,46655000,194001000,558481000,230252000,2252000,-13878000,113667000,776336000,None,34613000,0,216680000,247029000,304293000,206934000,0,0,166633000,0,329631000,0,None,55921000,2334000,619695000,None,247029000,66493000,355164000,None,None,None,None,1396031000,194001000,None,18065430,USD,None,49038000,-24353000,-18748000,32647000,-25077000,-820000,-5690000,2553000,-18367000,31063000,-15848000,15876000,0,-56904000,-27003000,-4923000,11370000,5605000,-4923000,395000,-17972000,65.27,77.33
15,2017-12-31,USD,277528000,83483000,175898000,101630000,18147000,-46951000,15088000,0,12865000,0,60098000,None,18147000,0,5282000,None,None,None,0,8297000,0,59816000,-13579000,0,-46951000,-46951000,None,USD,1346759000,139104000,None,31051000,816685000,530074000,38381000,98304000,218343000,327078000,61943000,285880000,470978000,211973000,471180000,197279000,2279000,-15347000,143270000,732511000,None,105090000,0,208454000,245181000,281033000,175597000,0,0,218343000,0,327078000,0,None,43584000,2410000,614248000,None,245181000,61943000,345505000,None,None,None,None,1346759000,211973000,None,18978031,USD,None,31791000,-8983000,-804000,-19402000,-20244000,-952000,17082000,-46951000,20367000,49594000,1947000,23445000,0,110000,-11602000,12054000,55142000,8179000,-4178000,-422000,19945000,64.38,65.27
16,2017-09-30,USD,257133000,71877000,165862000,91271000,19394000,10157000,15100000,0,15145000,0,55647000,None,19394000,0,4249000,None,None,None,0,1130000,0,4988000,0,0,10157000,10157000,None,USD,1351524000,145036000,None,34425000,780144000,571380000,20323000,93224000,212931000,374029000,55054000,282656000,499524000,192028000,461351000,216286000,2286000,-15580000,151170000,700830000,None,143688000,0,203068000,243416000,271309000,151841000,0,0,212931000,0,374029000,0,None,42127000,29705000,650694000,None,243416000,55054000,318793000,None,None,None,None,1351524000,192028000,None,18958834,USD,None,-6760000,-108530000,-83632000,110448000,95364000,-18802000,-18082000,10157000,21941000,35107000,-8220000,22473000,0,3718000,-10098000,16232000,11323000,24898000,16232000,437000,22378000,91.37,64.38
17,2017-06-30,USD,252402000,83985000,165611000,86791000,712000,1547000,11140000,0,-1107000,0,48032000,None,2806000,0,1819000,None,None,None,0,24813000,0,-2654000,-54239000,0,1547000,1547000,None,USD,1230087000,118450000,None,28314000,660874000,569213000,20681000,92062000,222529000,363872000,52309000,242129000,435548000,169650000,346134000,105396000,2396000,-17188000,141539000,653000000,None,208634000,0,206526000,241750000,248510000,148676000,0,0,222529000,0,363872000,0,None,40072000,34897000,577087000,None,241750000,52309000,314740000,None,None,None,None,1230087000,169650000,None,18689568,USD,None,-7267000,-6230000,7646000,8919000,6461000,-162000,-12414000,21076000,10839000,10608000,-7903000,21258000,0,-2296000,4398000,-44462000,2831000,6230000,-23785000,339000,11178000,75.15,91.37
18,2017-03-31,USD,245146000,66334000,159118000,86028000,21788000,14019000,14395000,0,19205000,0,49431000,2094000,19694000,0,2583000,None,None,None,0,2508000,0,5186000,0,0,14019000,14019000,None,USD,1235737000,120575000,None,47066000,681425000,554312000,28600000,97792000,216220000,358517000,64581000,241727000,418089000,158472000,348226000,95410000,95410000,-20425000,161081000,656567000,None,192010000,0,183838000,240018000,267191000,155024000,0,0,216220000,0,358517000,0,None,38812000,16975000,579170000,None,240018000,64581000,333199000,None,None,None,None,1235737000,158472000,None,18676162,USD,None,-12888000,1620000,10569000,22745000,-15752000,-907000,11084000,14019000,19774000,33906000,20030000,17646000,0,-37590000,12194000,0,5051000,8949000,-8127000,450000,20224000,72.99,75.15
19,2016-12-31,USD,242548000,73902000,159953000,82595000,8693000,4833000,12938000,0,6712000,0,51544000,None,8693000,0,1981000,None,None,None,0,9420000,0,1879000,0,0,4833000,4833000,None,USD,1258005000,126282000,None,52179000,713899000,544106000,29503000,100004000,221745000,344498000,67853000,242951000,438671000,138248000,611622000,351565000,351565000,-22137000,166759000,652575000,None,174873000,0,178360000,4921000,283788000,160053000,0,0,221745000,0,344498000,0,None,35421000,None,34017000,None,4921000,67853000,102277000,None,None,None,None,1258005000,138248000,None,19091700,USD,None,193000,-4530000,-2153000,9274000,252000,-8725000,-2129000,4833000,15845000,20123000,-7195000,16749000,0,-297000,3315000,0,8199000,2377000,-1138000,-563000,15282000,76.12,72.99
