,fiscalDateEnding,reportedCurrency_x,totalRevenue,totalOperatingExpense,costOfRevenue,grossProfit,ebit,netIncome_x,researchAndDevelopment,effectOfAccountingCharges,incomeBeforeTax,minorityInterest,sellingGeneralAdministrative,otherNonOperatingIncome,operatingIncome,otherOperatingExpense,interestExpense,taxProvision,interestIncome,netInterestIncome,extraordinaryItems,nonRecurring,otherItems,incomeTaxExpense,totalOtherIncomeExpense,discontinuedOperations,netIncomeFromContinuingOperations,netIncomeApplicableToCommonShares,preferredStockAndOtherAdjustments,reportedCurrency_y,totalAssets,intangibleAssets,earningAssets,otherCurrentAssets,totalLiabilities,totalShareholderEquity,deferredLongTermLiabilities,otherCurrentLiabilities,commonStock,retainedEarnings,otherLiabilities,goodwill,otherAssets,cash,totalCurrentLiabilities,shortTermDebt,currentLongTermDebt,otherShareholderEquity,propertyPlantEquipment,totalCurrentAssets,longTermInvestments,netTangibleAssets,shortTermInvestments,netReceivables,longTermDebt,inventory,accountsPayable,totalPermanentEquity,additionalPaidInCapital,commonStockTotalEquity,preferredStockTotalEquity,retainedEarningsTotalEquity,treasuryStock,accumulatedAmortization,otherNonCurrrentAssets,deferredLongTermAssetCharges,totalNonCurrentAssets,capitalLeaseObligations,totalLongTermDebt,otherNonCurrentLiabilities,totalNonCurrentLiabilities,negativeGoodwill,warrants,preferredStockRedeemable,capitalSurplus,liabilitiesAndShareholderEquity,cashAndShortTermInvestments,accumulatedDepreciation,commonStockSharesOutstanding,reportedCurrency,investments,changeInLiabilities,cashflowFromInvestment,otherCashflowFromInvestment,netBorrowings,cashflowFromFinancing,otherCashflowFromFinancing,changeInOperatingActivities,netIncome_y,changeInCash,operatingCashflow,otherOperatingCashflow,depreciation,dividendPayout,stockSaleAndPurchase,changeInInventory,changeInAccountReceivables,changeInNetIncome,capitalExpenditures,changeInReceivables,changeInExchangeRate,changeInCashAndCashEquivalents,clossingVal,nextClossingVal
0,2020-06-30,USD,29259000,39320000,11995000,17264000,-7658000,-10494000,6924000,None,-9185000,None,20401000,216000,-10061000,None,None,1309000,None,None,None,None,None,1309000,876000,None,-10494000,-10494000,None,USD,420827000,15221000,None,5054000,39070000,381757000,712000,560000,381757000,-100355000,3219000,35244000,2819000,173874000,30588000,None,None,-17282000,40357000,317964000,9222000,331292000,82666000,25918000,None,27707000,9057000,None,None,None,None,-100355000,None,None,2819000,None,102863000,6911000,None,2507000,8482000,None,None,None,499394000,420827000,256540000,None,71408000,USD,-1001000,3020000,-1001000,None,-179000,94731000,-179000,1117000,-10494000,90509000,-4683000,-116000,2403000,None,-656000,-4941000,688000,3524000,3442000,688000,None,89047000,11.63,
1,2020-03-31,USD,31596000,38532000,15465000,16131000,-4739000,-7328000,5644000,None,-6616000,None,17423000,1430000,-6936000,-24000,None,712000,693000,None,None,None,None,712000,320000,None,-7328000,-7328000,None,USD,325072000,15746000,None,3878000,34920000,290152000,760000,1220000,290152000,-89861000,3401000,34544000,2955000,83365000,26339000,None,None,-21799000,38312000,223445000,10070000,239862000,82735000,27861000,None,22694000,6881000,None,None,None,None,-89861000,None,None,2955000,None,101627000,6767000,1281000,2641000,8581000,None,None,None,401812000,325072000,166100000,None,62026000,USD,14147000,-2314000,14147000,126000,-175000,-4557000,-3004000,-668000,-7328000,7650000,2499000,1339000,2197000,None,-1408000,248000,8623000,1741000,4845000,8623000,None,12089000,10.76,11.63
2,2019-12-31,USD,49668000,45404000,19829000,29839000,6462000,2438000,6104000,None,4562000,None,19471000,None,4264000,-58000,None,2124000,-464000,None,None,None,None,2124000,298000,None,2438000,2438000,None,USD,349295000,14674000,None,5676000,42150000,307145000,None,3500000,307145000,-82533000,3859000,36201000,3164000,75715000,32713000,None,None,-12136000,37286000,224550000,33420000,256270000,80623000,36948000,None,23155000,9567000,None,None,None,None,None,None,None,3164000,None,124745000,7223000,1372000,2960000,9437000,None,None,None,401814000,None,156338000,None,62000000,USD,-9897000,-1140000,-9897000,126000,-189000,-163000,-3004000,1399000,2438000,-9750000,-1034000,None,2198000,None,-1000,1931000,-7940000,471000,1353000,None,None,None,8.03,10.76
3,2019-09-30,USD,35989000,35473000,14343000,21646000,2438000,13078000,4619000,None,14247000,None,16511000,1195000,516000,-85000,None,1169000,50000,None,None,None,None,1169000,13731000,None,13078000,13078000,None,USD,339221000,11577000,None,4966000,37856000,301365000,1078000,3039000,301365000,-84971000,5038000,28935000,3971000,85465000,28936000,None,None,-14678000,33895000,223280000,37563000,260853000,78215000,27764000,None,25040000,9783000,None,None,None,None,-84971000,None,None,3971000,None,115941000,5082000,829000,3960000,8920000,None,None,None,401014000,339221000,163680000,None,62000000,USD,8523000,-1076000,8523000,126000,-129000,-136000,-3004000,2435000,13078000,12898000,6177000,863000,1922000,None,-7000,-957000,-445000,-8780000,2448000,-445000,None,14564000,7.47,8.03
4,2019-06-30,USD,38826000,33292000,13808000,25018000,7418000,4398000,4535000,None,5809000,None,14949000,524000,5534000,-85000,None,1411000,-317000,None,None,None,None,1411000,275000,None,4398000,4398000,None,USD,327465000,12472000,None,5057000,39244000,288221000,910000,5249000,None,-98049000,5097000,29280000,3960000,72567000,29951000,None,None,-13315000,27793000,209258000,39555000,246469000,74446000,29390000,None,25670000,10956000,None,None,None,None,-98049000,None,None,3960000,None,118207000,5390000,930000,4187000,9293000,None,None,None,399585000,327465000,147013000,None,61725000,USD,-2209000,1115000,-2209000,39000,-89000,-51000,-89000,997000,4398000,3051000,4133000,-135000,1884000,None,-109000,619000,-4366000,618000,2885000,-4366000,None,1873000,9.28,7.47
5,2019-03-31,USD,30122000,21891000,12042000,18080000,-3287000,-3258000,4371000,None,-3287000,None,17520000,524000,-3811000,-120000,None,-29000,-609000,None,None,None,None,-29000,-771000,None,-3258000,-3258000,None,USD,318925000,12929000,None,7226000,38418000,280507000,1274000,8986000,280507000,-102447000,6735000,28903000,3935000,69516000,27308000,721000,721000,-15977000,25970000,205338000,36585000,238675000,77474000,24909000,3445000,26213000,18322000,None,None,None,None,-102447000,None,None,9200000,None,113587000,5489000,930000,9836000,11110000,None,None,None,398931000,318925000,146990000,None,61667000,USD,-330000,-9317000,-16214000,-13256000,-724000,-4332000,-35000,-8648000,-3258000,-20018000,528000,1081000,1726000,None,-3573000,-2917000,10541000,2672000,2628000,10541000,None,-20018000,11.15,9.28
6,2018-12-31,USD,50246000,22194000,15540000,34706000,14141000,10298000,4059000,0,14141000,0,18135000,1629000,12512000,-156000,0,None,None,None,17724000,0,0,3843000,-5370000,0,10298000,10298000,None,USD,315571000,5137000,None,5010000,32193000,283378000,901000,3521000,283378000,-99189000,4213000,18521000,3550000,88438000,27980000,None,None,-18706000,24299000,219312000,44752000,259720000,68134000,34842000,None,22888000,24459000,None,None,None,None,-99189000,None,None,3550000,None,96259000,None,None,3312000,4213000,None,None,None,401273000,315571000,156572000,None,63000000,USD,471000,6383000,65000,-11083000,-759000,-394000,None,3015000,10298000,13954000,14283000,289000,863000,None,-394000,-3208000,-2197000,1855000,406000,-2197000,None,13954000,11.68,11.15
7,2018-09-30,USD,45885000,17688000,17340000,28545000,11367000,8096000,3855000,0,11367000,0,13833000,510000,10857000,-220000,0,None,None,None,0,0,0,3271000,1642000,0,8096000,8096000,None,USD,304307000,6053000,None,4376000,27553000,276754000,1484000,3106000,0,-109487000,6133000,19568000,4606000,78146000,21420000,None,None,-12715000,24395000,207897000,41788000,251133000,72192000,33284000,0,19899000,18314000,0,0,0,0,-109487000,0,None,4606000,None,96410000,None,None,4649000,6133000,None,None,None,398956000,304307000,150338000,None,61237000,USD,-3563000,-1647000,-5017000,0,-759000,473000,None,665000,8096000,6335000,10879000,1814000,1842000,0,473000,780000,-1334000,1328000,1454000,-1334000,None,6335000,15.45,11.68
8,2018-06-30,USD,43625000,20337000,17730000,25895000,6294000,4121000,4261000,0,6294000,0,16076000,736000,5558000,-795000,0,None,None,None,0,0,0,2173000,2828000,0,4121000,4121000,None,USD,292362000,6622000,None,4637000,27191000,265171000,1600000,1621000,0,-117583000,6074000,19231000,4513000,71069000,21117000,None,None,-14464000,23946000,202222000,35828000,239318000,74269000,31648000,0,20599000,19496000,0,0,0,0,-117583000,0,None,4513000,None,90140000,None,None,4474000,6074000,None,None,None,397218000,292362000,145338000,None,61174000,USD,3881000,-130000,1294000,0,-759000,35000,None,-344000,4121000,7621000,6292000,540000,1878000,0,35000,232000,-4040000,3691000,2587000,-4040000,None,8287000,16.47,15.45
9,2018-03-31,USD,41987000,24965000,17520000,24467000,-86000,-2119000,4075000,0,-86000,0,20890000,412000,-498000,-529000,0,None,None,None,0,0,0,2033000,2014000,0,-2119000,-2119000,None,USD,285923000,7390000,None,4139000,27205000,258718000,1761000,1799000,0,-121705000,6019000,19584000,4340000,64065000,21186000,None,None,-13006000,22975000,196754000,34880000,231744000,79446000,28197000,0,20907000,19387000,0,0,0,0,-121705000,0,None,4340000,None,89169000,None,None,4258000,6019000,None,None,None,393429000,285923000,143511000,None,61053000,USD,-11872000,-11704000,-13769000,0,None,-2005000,None,-11008000,-2119000,-8138000,7636000,2000,1868000,0,-2005000,-1661000,14206000,7044000,1897000,14206000,-666000,-8804000,16.89,16.47
10,2017-12-31,USD,52028000,18364000,23503000,28525000,10279000,7316000,3829000,0,10279000,0,14535000,118000,10161000,-1587000,0,None,None,None,0,0,0,2963000,13294000,0,7316000,7316000,None,USD,296201000,8223000,None,4144000,38120000,258081000,1951000,1314000,258081000,-119510000,3932000,20083000,52924000,72869000,32237000,None,None,-10340000,21372000,221905000,20690000,229775000,83028000,42521000,0,19343000,30923000,0,0,0,0,-119510000,0,None,3928000,None,74296000,None,None,3932000,5883000,None,None,None,387931000,296201000,155897000,None,60662000,USD,-2452000,5668000,-3327000,0,None,267000,None,8794000,7316000,-5265000,-2205000,-2000000,1813000,0,267000,-2505000,-22116000,1913000,875000,-14410000,-476000,-5741000,18.86,16.89
11,2017-09-30,USD,42314000,17325000,17670000,24644000,7432000,5763000,3228000,0,7432000,0,14097000,113000,7319000,2116000,0,None,None,None,0,0,0,1669000,0,0,5763000,5763000,None,USD,282259000,8972000,None,2395000,32745000,249514000,2194000,1186000,0,-126826000,3928000,20257000,51428000,78610000,26623000,None,None,-9638000,21496000,209335000,18290000,220285000,83372000,28099000,0,16859000,25437000,0,0,0,0,-126826000,0,None,3909000,None,72924000,None,None,3928000,6122000,None,None,None,385978000,282259000,161982000,None,60631000,USD,-45916000,3039000,-47811000,0,None,10363000,None,3571000,5763000,-28791000,8657000,91000,1698000,0,10363000,-2206000,7706000,1055000,1895000,-783000,698000,-28093000,22.5,18.86
12,2017-06-30,USD,40176000,18590000,14699000,25477000,6983000,5428000,3338000,0,6983000,0,15252000,96000,6887000,-529000,0,None,None,None,0,0,0,1555000,0,0,5428000,5428000,None,USD,258351000,9343000,None,2363000,28939000,229412000,2209000,1477000,0,-132589000,3538000,19482000,32361000,106703000,23192000,None,None,-11963000,20291000,205699000,None,200587000,55354000,26731000,0,14548000,21715000,0,0,0,0,-132589000,0,None,3536000,None,52652000,None,None,3538000,5747000,None,None,None,373964000,258351000,162057000,None,59330000,USD,-36134000,4623000,-36823000,0,None,11239000,None,2356000,5428000,-16499000,9085000,40000,1452000,0,11239000,-1787000,6923000,2109000,689000,-2780000,520000,-15979000,17.26,22.5
13,2017-03-31,USD,32546000,4439000,12236000,20310000,16338000,12441000,2970000,0,16338000,0,13969000,467000,15871000,0,0,None,None,None,0,-12500000,0,3897000,0,0,12441000,12441000,None,USD,232592000,9779000,None,2365000,23767000,208825000,2330000,1306000,0,-138017000,3160000,18971000,31923000,122682000,18277000,None,None,-13770000,20134000,180535000,None,180075000,18776000,24005000,0,12707000,16971000,0,0,0,0,-138017000,0,None,3173000,None,52057000,None,None,3160000,5490000,None,None,None,360612000,232592000,141458000,None,57664000,USD,-7514000,912000,-8392000,0,None,8566000,None,1505000,12441000,12793000,12619000,1485000,1439000,0,8566000,-893000,4143000,1378000,878000,-4143000,99000,12892000,12.93,17.26
14,2016-12-31,USD,35499000,16881000,11545000,23954000,7165000,7196000,1207000,0,7165000,0,15674000,92000,7073000,0,0,None,None,None,0,0,0,-31000,5494000,0,7196000,7196000,None,USD,207935000,10337000,None,3865000,22085000,185850000,2446000,1388000,0,-150458000,2304000,18793000,31461000,109790000,17335000,None,None,-14220000,20033000,156441000,None,156720000,11160000,19827000,0,11799000,15947000,0,0,0,0,-150458000,0,None,2331000,None,51494000,None,None,2304000,4750000,None,None,None,350528000,207935000,120950000,None,56001000,USD,-3712000,-4594000,-4553000,0,None,1629000,-367000,1014000,7196000,-3527000,-603000,-1877000,1506000,0,1629000,240000,-576000,1320000,841000,-4394000,-240000,-3767000,8.78,12.93
15,2016-09-30,USD,32251000,16531000,9576000,22675000,6642000,6242000,3196000,0,6642000,0,13335000,498000,6144000,0,0,None,None,None,0,0,0,400000,0,0,6242000,6242000,None,USD,203558000,11205000,None,2024000,27076000,176482000,2836000,7911000,0,-157654000,2289000,19243000,32770000,113536000,21951000,None,None,-13138000,20069000,150719000,None,146034000,7618000,15471000,0,12070000,14040000,0,0,0,0,-157654000,0,None,2322000,None,52839000,None,None,2289000,5125000,None,None,None,347274000,203558000,121154000,None,55723000,USD,-3712000,-3893000,-783000,0,-367000,318000,None,-641000,6242000,6164000,6629000,-701000,1394000,0,685000,-713000,3818000,1295000,783000,2925000,-139000,6025000,7.97,8.78
16,2016-06-30,USD,31359000,16736000,10274000,21085000,4009000,3836000,2985000,0,4009000,0,13751000,-340000,4349000,0,0,None,None,None,0,0,0,173000,0,0,3836000,3836000,None,USD,199920000,12020000,None,3136000,31132000,168788000,3043000,13822000,0,-163896000,2018000,19541000,33345000,105701000,26071000,None,None,-12409000,20200000,146375000,None,137227000,7736000,18436000,0,11366000,12249000,0,0,0,0,-163896000,0,None,1784000,None,53545000,None,None,2018000,5061000,None,None,None,345093000,199920000,113437000,None,55601000,USD,-3712000,5966000,-1136000,0,None,85000,None,-9000,3836000,10946000,11997000,-9000,1445000,0,85000,959000,893000,1438000,1136000,-1596000,197000,11143000,5.91,7.97
17,2016-03-31,USD,29089000,17614000,8776000,20313000,2507000,2446000,2366000,0,2507000,0,15248000,-192000,2699000,0,0,None,None,None,0,0,0,61000,0,0,2446000,2446000,None,USD,188479000,12616000,None,3029000,25464000,163015000,3050000,7236000,0,-167732000,2070000,19422000,33940000,94558000,20344000,None,None,-12772000,20204000,134335000,None,130977000,7689000,16734000,0,12325000,13108000,0,0,0,0,-167732000,0,None,1902000,None,54144000,None,None,2070000,5120000,None,None,None,343519000,188479000,102247000,None,55482000,USD,-3712000,-4117000,-1593000,0,None,-3187000,None,26000,2446000,-36000,4744000,26000,1373000,0,-3187000,990000,2489000,1575000,1593000,2489000,500000,464000,7.23,5.91
18,2015-12-31,USD,32382000,17838000,10452000,21930000,4471000,4616000,2693000,0,4471000,0,15145000,379000,4092000,0,0,None,None,None,0,0,0,-145000,774000,0,4616000,4616000,None,USD,189321000,12591000,None,2888000,29885000,159436000,2883000,9735000,0,-170178000,1768000,18250000,32524000,94094000,25234000,None,None,-15639000,20083000,136714000,None,128595000,7225000,19265000,0,13242000,15499000,0,0,0,0,-170178000,0,None,1683000,None,52607000,None,None,1768000,4651000,None,None,None,345253000,189321000,101319000,None,55705000,USD,-2961000,-5591000,-1859000,0,None,-4927000,-367000,-2407000,4616000,-6118000,668000,-801000,1437000,0,-4927000,1715000,-3739000,1459000,1859000,-2167000,-465000,-6583000,6.44,7.23
19,2015-09-30,USD,29861000,19133000,9192000,20669000,1617000,1470000,2525000,0,1617000,0,16608000,81000,1536000,0,0,None,None,None,0,0,0,147000,0,0,1470000,1470000,None,USD,193846000,13661000,None,1559000,33847000,159999000,3010000,13302000,0,-174794000,1142000,18974000,34224000,100677000,29695000,None,None,-13884000,17800000,141822000,None,127364000,7512000,17089000,0,14985000,16393000,0,0,0,0,-174794000,0,None,1589000,None,52024000,None,None,1142000,4152000,None,None,None,348677000,193846000,108189000,None,56482000,USD,None,15117000,-740000,0,None,-759000,None,None,1470000,17786000,18526000,-572000,1410000,0,0,598000,1572000,1551000,740000,-1048000,-512000,17274000,4.44,6.44
