,fiscalDateEnding,reportedCurrency_x,totalRevenue,totalOperatingExpense,costOfRevenue,grossProfit,ebit,netIncome_x,researchAndDevelopment,effectOfAccountingCharges,incomeBeforeTax,minorityInterest,sellingGeneralAdministrative,otherNonOperatingIncome,operatingIncome,otherOperatingExpense,interestExpense,taxProvision,interestIncome,netInterestIncome,extraordinaryItems,nonRecurring,otherItems,incomeTaxExpense,totalOtherIncomeExpense,discontinuedOperations,netIncomeFromContinuingOperations,netIncomeApplicableToCommonShares,preferredStockAndOtherAdjustments,reportedCurrency_y,totalAssets,intangibleAssets,earningAssets,otherCurrentAssets,totalLiabilities,totalShareholderEquity,deferredLongTermLiabilities,otherCurrentLiabilities,commonStock,retainedEarnings,otherLiabilities,goodwill,otherAssets,cash,totalCurrentLiabilities,shortTermDebt,currentLongTermDebt,otherShareholderEquity,propertyPlantEquipment,totalCurrentAssets,longTermInvestments,netTangibleAssets,shortTermInvestments,netReceivables,longTermDebt,inventory,accountsPayable,totalPermanentEquity,additionalPaidInCapital,commonStockTotalEquity,preferredStockTotalEquity,retainedEarningsTotalEquity,treasuryStock,accumulatedAmortization,otherNonCurrrentAssets,deferredLongTermAssetCharges,totalNonCurrentAssets,capitalLeaseObligations,totalLongTermDebt,otherNonCurrentLiabilities,totalNonCurrentLiabilities,negativeGoodwill,warrants,preferredStockRedeemable,capitalSurplus,liabilitiesAndShareholderEquity,cashAndShortTermInvestments,accumulatedDepreciation,commonStockSharesOutstanding,reportedCurrency,investments,changeInLiabilities,cashflowFromInvestment,otherCashflowFromInvestment,netBorrowings,cashflowFromFinancing,otherCashflowFromFinancing,changeInOperatingActivities,netIncome_y,changeInCash,operatingCashflow,otherOperatingCashflow,depreciation,dividendPayout,stockSaleAndPurchase,changeInInventory,changeInAccountReceivables,changeInNetIncome,capitalExpenditures,changeInReceivables,changeInExchangeRate,changeInCashAndCashEquivalents,clossingVal,nextClossingVal
0,2020-06-30,USD,826612000,474718000,260695000,565917000,98989000,26392000,100766000,None,58460000,31000,215456000,7790000,91199000,82647000,40529000,32037000,1602000,-40529000,None,75849000,None,32037000,-68059000,None,26423000,26392000,None,USD,10234822000,1612564000,None,166006000,6228113000,4005390000,148738000,876289000,1851777000,2159396000,522404000,4672356000,1035077000,1692850000,1904233000,610000000,610000000,17825000,244555000,2386399000,29620000,-2279530000,None,527543000,3584311000,None,417944000,None,None,1851777000,None,2159396000,-23608000,None,377763000,None,911565000,281236000,3584311000,590831000,4323880000,None,None,None,None,10234822000,1692850000,None,271863354,USD,-20487000,72398000,-20487000,-2783000,-6136000,-39978000,-3636000,-2279000,26423000,219785000,280250000,7975000,143496000,-47335000,13493000,None,-1689000,31647000,17704000,-1689000,None,219785000,42.48,
1,2020-04-30,USD,None,None,None,None,None,None,None,None,None,1319000,None,None,None,None,None,None,None,None,None,None,None,32037000,None,None,None,26392000,None,USD,None,None,None,None,None,None,43029000,None,1851777000,2159396000,522404000,None,1035077000,None,None,None,None,17825000,386995000,None,None,-2344959000,None,None,None,None,None,None,None,None,None,None,None,None,None,None,None,None,None,None,None,None,None,None,None,None,None,None,None,USD,-20487000,59902000,-20487000,-2783000,-2500000,-39978000,-3636000,-2279000,26392000,239667000,280250000,None,179230000,-47335000,0,None,-1689000,31678000,17704000,None,None,None,37.95,42.48
2,2020-03-31,USD,814679000,437415000,282187000,532492000,76154000,25965000,108184000,None,34891000,35000,235062000,-18923000,95077000,84763000,41263000,8891000,2743000,-41263000,None,9406000,None,8891000,-28329000,None,26000000,25965000,None,USD,10162072000,1731781000,None,139130000,6163895000,3996889000,158805000,888144000,1839150000,2180339000,517677000,4678686000,1138124000,1452570000,1854745000,610000000,610000000,9466000,258892000,2110978000,31149000,-2413578000,None,519278000,3585684000,None,356601000,None,None,1839150000,None,2180339000,-32066000,None,428943000,None,921643000,274660000,3585684000,564661000,4309150000,None,None,None,None,10162072000,1452570000,None,271634149,USD,-184389000,-42745000,-184389000,-167596000,665430000,648141000,-75718000,-4156000,26000000,793353000,329601000,89211000,149391000,-47279000,29990000,None,83590000,24154000,16793000,83590000,None,793353000,34.92,37.95
3,2020-01-31,USD,None,None,None,None,None,None,None,None,None,1288000,None,None,None,None,None,None,None,None,None,None,None,8891000,None,None,None,25965000,None,USD,None,None,None,None,None,None,39702000,None,1839150000,2180339000,517677000,None,1138124000,None,None,None,None,9466000,502503000,None,None,-2413578000,None,None,None,None,None,None,None,None,None,None,None,None,None,None,None,None,None,None,None,None,None,None,None,None,None,None,None,USD,-184389000,93345000,-184389000,-5803000,693869000,648141000,-75718000,-4156000,25965000,777364000,329601000,None,148164000,-47279000,0,None,83590000,24189000,16793000,None,None,None,44.99,34.92
4,2019-12-31,USD,771557000,354432000,232385000,539172000,186712000,107467000,80283000,None,154336000,51000,191905000,1972000,184740000,72172000,32376000,46818000,3474000,-32376000,None,10072000,None,46818000,-8100000,None,107518000,107467000,None,USD,9498233000,1808072000,None,127756000,5499001000,3997940000,165457000,785440000,1803663000,2201653000,511954000,4656492000,1083328000,675403000,2167980000,913631000,913631000,24690000,273448000,1353794000,46151000,-2466624000,None,550635000,2600386000,None,468909000,None,None,1803663000,None,2201653000,-32066000,None,429420000,None,930856000,285260000,2600386000,565178000,3331021000,None,None,None,None,9498233000,675403000,None,270608627,USD,-1243891000,21800000,-1243891000,-1224293000,746521000,711429000,-979000,-4385000,107518000,-325224000,207238000,-17767000,115620000,-47092000,12000000,None,-55833000,35900000,19598000,-55833000,None,-325224000,44.07,44.99
5,2019-10-31,USD,None,None,None,None,None,None,None,None,None,1292000,None,None,None,None,None,None,None,None,None,None,None,46818000,None,None,None,107467000,None,USD,None,None,None,None,None,None,37692000,None,1803663000,2201653000,511954000,None,1083328000,None,None,None,None,24690000,456221000,None,None,-2537238000,None,None,None,None,None,None,None,None,None,None,None,None,None,None,None,None,None,None,None,None,None,None,None,None,None,None,None,USD,-1243891000,26820000,-1243891000,-3505000,747500000,711429000,-979000,-4385000,107467000,-321584000,207238000,None,114471000,-47092000,0,None,-55833000,35951000,19598000,None,None,None,40.26,44.07
6,2019-09-30,USD,696888000,335867000,228508000,468380000,129728000,74401000,81178000,None,97518000,26000,180153000,-2785000,132513000,69435000,32210000,23091000,-33194000,-32210000,None,5101000,None,23091000,-7886000,None,74427000,74401000,None,USD,8019507000,1057151000,None,111957000,4111393000,3906873000,52728000,644880000,1791689000,2141278000,378438000,3765898000,1133141000,999298000,951853000,10000000,10000000,15096000,248613000,1543290000,40939000,-916176000,None,432035000,2603506000,None,296973000,None,None,1791689000,None,2141278000,-41190000,None,368354000,None,995262000,238283000,2603506000,503306000,3159540000,None,None,None,None,8019507000,999298000,None,270189544,USD,-20650000,-55926000,-20650000,-2036000,-2500000,-50813000,-979000,4136000,74427000,65984000,137447000,-64234000,110860000,-47006000,-1307000,None,58431000,13889000,18614000,58431000,None,65984000,40.81,40.26
7,2019-07-31,USD,None,None,None,None,None,None,None,None,None,1241000,None,None,None,None,None,None,None,None,None,None,None,23091000,None,None,None,74401000,None,USD,None,None,None,None,None,None,35046000,None,1791689000,2141278000,378438000,None,1133141000,None,None,None,None,15096000,382620000,None,None,-985498000,None,None,None,None,None,None,None,None,None,None,None,None,None,None,None,None,None,None,None,None,None,None,None,None,None,None,None,USD,-20650000,-124148000,-20650000,-2036000,-2500000,-50813000,-979000,4136000,74401000,58273000,137447000,None,109733000,-47006000,-12424000,None,58431000,13915000,18614000,None,None,None,42.63,40.81
8,2019-06-30,USD,747221000,352510000,236737000,510484000,161165000,71983000,83708000,None,128324000,32000,192370000,3191000,157974000,74200000,32841000,56309000,-30031000,-32841000,None,2232000,None,56309000,959000,None,72015000,71983000,None,USD,7933975000,1146504000,None,118194000,4049305000,3883455000,55872000,641656000,1774214000,2113883000,429710000,3769908000,1139780000,941009000,1014717000,10000000,10000000,24124000,249453000,1561328000,37969000,-1032957000,None,502125000,2604878000,None,363061000,None,None,1774214000,None,2113883000,-28766000,None,164363000,None,1004450000,None,2604878000,373838000,3034588000,None,None,None,None,7933975000,941009000,None,269834442,USD,-22167000,15197000,-22167000,-8762000,-2500000,-33666000,-979000,-4628000,72015000,173944000,229777000,-39340000,118242000,-46958000,15792000,None,22731000,40932000,13405000,22731000,None,173944000,41.2,42.63
9,2019-03-31,USD,719146000,343638000,239631000,479515000,140942000,72762000,84905000,None,105335000,31000,184077000,5065000,135877000,73860000,35607000,32542000,-30785000,-35607000,None,796000,None,32542000,4269000,None,72793000,72762000,None,USD,7864637000,1233136000,None,115785000,4026265000,3837189000,52944000,664208000,1751811000,2088858000,404901000,3772112000,1114531000,765224000,1015081000,10000000,10000000,25418000,241974000,1398314000,32667000,-1168059000,None,517305000,2606283000,None,340873000,None,None,1751811000,None,2088858000,-28898000,None,150953000,None,1035481000,None,2606283000,351957000,3011184000,None,None,None,None,7864637000,765224000,None,269274185,USD,-88958000,2786000,-88958000,-78363000,-2500000,-27389000,-905000,-13646000,72793000,169650000,285997000,64167000,119533000,-40735000,15846000,None,19229000,7489000,16968000,19229000,None,169650000,38.43,41.2
10,2018-12-31,USD,735231000,333277000,228022000,507209000,174310000,104432000,75753000,None,140697000,29000,178391000,378000,173932000,69753000,33613000,None,None,None,None,9380000,None,36236000,-42615000,None,104461000,104432000,None,USD,7729403000,1284299000,None,95795000,3943391000,3784860000,87753000,572915000,1731299000,2056831000,424220000,3732669000,1202268000,595069000,911465000,10000000,10000000,25971000,246726000,1212541000,31678000,-1232108000,None,521677000,2607706000,None,328550000,None,None,1731299000,None,2056831000,-29241000,None,136218000,None,1085272000,None,2607706000,336467000,3031926000,None,None,None,None,7729403000,595069000,None,268569471,USD,-5369000,15016000,-325623000,-311285000,-2500000,-49856000,-40700000,5275000,104461000,-186376000,189103000,-14527000,119198000,-40700000,-6656000,None,-48381000,5282000,8969000,-40327000,None,-186376000,32.6,38.43
11,2018-09-30,USD,667157000,341617000,226313000,440844000,100749000,36324000,77470000,None,66218000,44000,171106000,1522000,99227000,69730000,34531000,None,None,None,None,23311000,None,29850000,-56320000,None,36368000,36324000,None,USD,7619048000,1203284000,None,89391000,3892018000,3725907000,74328000,582139000,1730933000,1993099000,407618000,3578641000,1218408000,787919000,875273000,10000000,10000000,32256000,246500000,1325106000,30563000,-1056018000,None,447796000,2609127000,None,283134000,None,None,1730933000,None,1993099000,-30381000,None,128577000,None,1106377000,None,2609127000,333290000,3016745000,None,None,None,None,7619048000,787919000,None,268331579,USD,-1004000,-27440000,-27778000,-2279000,-2822000,-37463000,-905000,12176000,36368000,106160000,171401000,-50573000,118285000,-40466000,5825000,None,68529000,20886000,24495000,73875000,None,106160000,38.04,32.6
12,2018-06-30,USD,754270000,360053000,244868000,509402000,140411000,61723000,82006000,0,105075000,170000,200026000,-8938000,149349000,70200000,35336000,None,None,None,0,7821000,0,43182000,-52095000,0,61893000,61723000,None,USD,7765029000,1296637000,None,101059000,4047771000,3716221000,82665000,644211000,1707073000,1994235000,442649000,3580129000,1246843000,682942000,994599000,10000000,10000000,33645000,264205000,1327580000,24482000,-1160545000,0,543579000,2610523000,0,340388000,3717258000,1707073000,1707073000,0,1994235000,-18732000,None,111267000,38000000,1122729000,None,2610523000,359984000,3053172000,None,None,None,None,7765029000,682942000,None,267651084,USD,-6855000,-83331000,-29204000,-69000,-48175000,-78921000,-4375000,8028000,61893000,97334000,205459000,43657000,119555000,-40617000,9871000,0,33132000,30521000,22280000,33132000,-19889000,77445000,35.19,38.04
13,2018-03-31,USD,685879000,340825000,242731000,443148000,113463000,58794000,83522000,0,78929000,6000,184804000,11140000,102323000,69855000,34534000,None,None,None,0,2644000,0,20129000,-26038000,0,58800000,58794000,None,USD,7820877000,1391413000,None,105657000,4123897000,3696113000,150918000,689189000,1689997000,1973129000,437776000,3592598000,1266185000,605497000,1300799000,282760000,282760000,51810000,264859000,1269046000,21696000,-1287898000,0,557892000,2385322000,0,328850000,3696980000,0,1689997000,0,1973129000,-18823000,None,99732000,39148000,1142385000,None,2385322000,286858000,2823098000,None,None,None,None,7820877000,605497000,None,267226442,USD,-3118000,80120000,-50685000,-20466000,-101940000,-100666000,-4375000,-6349000,58800000,119326000,270677000,-6349000,119402000,-35168000,36442000,0,-6240000,24941000,27101000,-6240000,10157000,129483000,34.8,35.19
14,2017-12-31,USD,734405000,327485000,240312000,494093000,172155000,85111000,80304000,0,138063000,-194000,178127000,5547000,166608000,68339000,34092000,None,None,None,0,715000,0,53146000,-29260000,0,84917000,85111000,None,USD,7739221000,1468378000,None,101063000,4110369000,3627991000,150121000,557873000,1650217000,1949503000,358753000,3578976000,6365418000,476014000,1288725000,382760000,382760000,47521000,260896000,1112907000,23412000,-1419363000,0,535830000,2385709000,0,348092000,3628852000,0,1650217000,0,1949503000,-19250000,None,96612000,39204000,1158836000,None,2385709000,285814000,2821644000,None,None,None,None,7739221000,476014000,None,265625515,USD,-3855000,-25954000,-37853000,-8510000,-1940000,-28954000,-4375000,-1617000,84917000,99840000,166647000,-1617000,117818000,-34811000,7797000,0,-54620000,46103000,25488000,-54620000,-216000,99624000,35.67,34.8
15,2017-09-30,USD,640687000,330064000,223500000,417187000,97347000,36596000,77629000,0,64059000,94000,171737000,10224000,87123000,62667000,33288000,None,None,None,0,18031000,0,27369000,0,0,36690000,36596000,None,USD,7696420000,1560370000,None,98526000,4131484000,3563881000,165641000,567475000,1642502000,1899203000,349015000,3576224000,6492396000,376390000,1304020000,382760000,382760000,49518000,245378000,958646000,5865000,-1572713000,0,483730000,2386415000,0,353785000,3564936000,0,1642502000,0,1899203000,-27342000,None,94718000,40588000,1214631000,None,2386415000,275408000,2827464000,None,None,None,None,7696420000,376390000,None,265288304,USD,-4206000,-93808000,-326699000,-292044000,198060000,184868000,-4375000,-5035000,36690000,-74729000,67102000,-5035000,109042000,-35017000,21825000,0,5162000,15051000,30449000,5162000,7762000,-66967000,32.29,35.67
16,2017-06-30,USD,663554000,337586000,219516000,444038000,117630000,46137000,81301000,0,85258000,121000,177040000,11178000,106452000,59784000,32372000,None,None,None,0,19461000,0,39000000,-166999000,0,46258000,46137000,None,USD,7480562000,1472542000,None,81625000,3947243000,3532358000,161685000,570328000,1439850000,1897624000,338419000,3416749000,6249667000,443357000,1127043000,182760000,182760000,48800000,227418000,1003477000,8557000,-1356933000,0,478495000,2387057000,0,373955000,3533319000,173604000,1439850000,0,1897624000,-27520000,None,93763000,42344000,1215712000,None,2387057000,271458000,2820200000,None,None,None,173604000,7480562000,443357000,None,264059567,USD,-2924000,30283000,-32445000,-5937000,428895000,-82998000,-52000,-30565000,46258000,-12963000,102480000,-17696000,104164000,-34628000,589413000,0,-126784000,29159000,29521000,-89689000,7320000,-5643000,31.54,32.29
17,2017-03-31,USD,593130000,317380000,210489000,382641000,66685000,21616000,77086000,0,34951000,96000,162326000,1424000,65261000,57382000,31734000,None,None,None,0,20586000,0,13239000,0,0,21712000,21616000,None,USD,7433224000,1558424000,None,79318000,3929625000,3502923000,162156000,573258000,1431801000,1886115000,312678000,3407526000,6326761000,449000000,1131038000,232760000,232760000,43281000,195124000,911339000,9700000,-1463027000,2698000,380323000,2388805000,0,325020000,3503599000,0,1431801000,0,1886115000,-23909000,None,72041000,56684000,1222386000,None,2388805000,247626000,2798587000,None,None,None,165635000,7433224000,451698000,None,263750312,USD,-2450000,106365000,-1642641000,-1622394000,-3985000,202133000,1044000,-8144000,21712000,-1284205000,156303000,-19334000,99940000,-30303000,11722000,0,0,-14876000,17797000,-37551000,10714000,-1273491000,34.01,31.54
18,2016-12-31,USD,542709000,267519000,168033000,374676000,103599000,45022000,64721000,0,75856000,12000,142565000,-3558000,107157000,49116000,27743000,None,None,None,0,11117000,0,30822000,0,0,45034000,45022000,None,USD,6882191000,772534000,None,58129000,3392015000,3489596000,126060000,364872000,1416644000,1894802000,286920000,2597685000,4584495000,1722491000,643148000,8000000,8000000,39884000,179044000,2118652000,9225000,119377000,3238000,334794000,2389826000,0,270276000,3490176000,0,1416644000,0,1894802000,-20709000,None,66905000,59598000,1078548000,None,2389826000,232981000,2748867000,None,None,None,158975000,6882191000,1725729000,None,263000896,USD,-440000,-27870000,-14708000,-2659000,-4825000,816215000,537000,253000,45034000,908526000,107019000,13094000,77441000,-27859000,5391000,0,456000,15004000,11609000,-15713000,-20979000,887547000,61.81,34.01
