,fiscalDateEnding,reportedCurrency_x,totalRevenue,totalOperatingExpense,costOfRevenue,grossProfit,ebit,netIncome_x,researchAndDevelopment,effectOfAccountingCharges,incomeBeforeTax,minorityInterest,sellingGeneralAdministrative,otherNonOperatingIncome,operatingIncome,otherOperatingExpense,interestExpense,taxProvision,interestIncome,netInterestIncome,extraordinaryItems,nonRecurring,otherItems,incomeTaxExpense,totalOtherIncomeExpense,discontinuedOperations,netIncomeFromContinuingOperations,netIncomeApplicableToCommonShares,preferredStockAndOtherAdjustments,reportedCurrency_y,totalAssets,intangibleAssets,earningAssets,otherCurrentAssets,totalLiabilities,totalShareholderEquity,deferredLongTermLiabilities,otherCurrentLiabilities,commonStock,retainedEarnings,otherLiabilities,goodwill,otherAssets,cash,totalCurrentLiabilities,shortTermDebt,currentLongTermDebt,otherShareholderEquity,propertyPlantEquipment,totalCurrentAssets,longTermInvestments,netTangibleAssets,shortTermInvestments,netReceivables,longTermDebt,inventory,accountsPayable,totalPermanentEquity,additionalPaidInCapital,commonStockTotalEquity,preferredStockTotalEquity,retainedEarningsTotalEquity,treasuryStock,accumulatedAmortization,otherNonCurrrentAssets,deferredLongTermAssetCharges,totalNonCurrentAssets,capitalLeaseObligations,totalLongTermDebt,otherNonCurrentLiabilities,totalNonCurrentLiabilities,negativeGoodwill,warrants,preferredStockRedeemable,capitalSurplus,liabilitiesAndShareholderEquity,cashAndShortTermInvestments,accumulatedDepreciation,commonStockSharesOutstanding,reportedCurrency,investments,changeInLiabilities,cashflowFromInvestment,otherCashflowFromInvestment,netBorrowings,cashflowFromFinancing,otherCashflowFromFinancing,changeInOperatingActivities,netIncome_y,changeInCash,operatingCashflow,otherOperatingCashflow,depreciation,dividendPayout,stockSaleAndPurchase,changeInInventory,changeInAccountReceivables,changeInNetIncome,capitalExpenditures,changeInReceivables,changeInExchangeRate,changeInCashAndCashEquivalents,clossingVal,nextClossingVal
0,2020-06-30,USD,0,11774882,None,None,-5720103,-3014867,8488143,None,-6286024,None,3286739,None,-11774882,None,443624,-3271157,None,-443624,None,None,None,-3271157,5932482,None,-3014867,-3014867,None,USD,30242960,None,None,None,19277518,10965442,None,None,1263601,-279798290,181098,None,1433198,23953080,18453940,None,4034631,None,574384,28235378,None,10965442,None,None,544924,None,5008923,None,None,None,None,None,None,None,533198,None,2007582,4275071,None,None,823578,None,None,None,None,None,None,None,None,USD,-900000,-128706,-900000,None,873780,26155651,None,859678,-3014867,19300157,-5955494,None,122297,None,None,None,None,-3793896,0,None,None,None,1.29,
1,2020-04-30,USD,0,11774882,None,None,-5720103,-3014867,8488143,None,-6286024,None,3286739,None,-11774882,None,443624,-3271157,None,-443624,None,None,None,-3271157,5932482,None,-3014867,-3014867,None,USD,30242960,None,None,None,19277518,10965442,None,None,1263601,-279798290,181098,None,1433198,23953080,18453940,None,4034631,None,574384,28235378,None,10965442,None,None,544924,None,5008923,None,None,None,None,None,None,None,533198,None,2007582,4275071,None,None,823578,None,None,None,None,None,None,None,None,USD,-900000,-128706,-900000,None,873780,26155651,None,859678,-3014867,19300157,-5955494,None,122297,None,None,None,None,-3793896,0,None,None,None,0.6749,1.29
2,2020-03-31,USD,0,6340389,None,None,-4827634,-5700067,4383214,None,-5700067,None,1957175,None,-6340389,None,696151,None,-696150,-696151,None,None,None,None,1336473,None,-5700067,-17459591,None,USD,13169855,None,None,None,33694537,-20524682,None,None,897512,-276783423,6521061,None,540834,4652923,23705639,7185990,10847857,None,3143009,9486012,None,-20524682,None,None,25709,None,3306553,None,None,None,None,None,None,None,540834,None,3683843,3670832,9839560,None,9988898,None,None,None,255361230,None,4652920,None,48000000,USD,0,738558,-900000,None,-135600,10402422,None,-1385962,-5700067,3319364,-7083058,None,176282,None,10596300,None,None,-911869,0,None,None,None,0.6012,0.6749
3,2020-01-31,USD,0,6340389,None,None,-4827634,-5700067,4383214,None,-5700067,None,1957175,None,-6340389,None,696151,None,None,-696151,None,None,None,None,1336473,None,-5700067,-17459591,None,USD,13169855,None,None,None,33694537,-20524682,None,None,897512,-276783423,6521061,None,540834,4652923,23705639,None,10847857,None,3143009,9486012,None,-20524682,None,None,25709,None,3306553,None,None,None,None,None,None,None,540834,None,3683843,7609826,None,None,9988898,None,None,None,None,None,None,None,None,USD,0,738558,-900000,None,-135600,10402422,None,-1385962,-5700067,3319364,-7083058,None,176282,None,None,None,None,-911869,0,None,None,None,0.9244,0.6012
4,2019-12-31,USD,0,8184026,5847302,-5847302,-15829942,-16602948,5847302,None,-16602948,None,2336724,None,-8184026,None,597665,None,-597670,-597665,None,None,None,None,-7821257,None,-16602948,-18477684,None,USD,10423095,None,None,500000,35829819,-25406724,None,1859434,384309,-271083356,12204775,None,562748,1333559,20100399,7065930,10727364,None,3319291,6541056,None,-30932261,None,None,38011,None,2567995,None,None,None,None,None,None,None,562748,None,3882039,3829471,11609020,3923913,15729420,None,None,None,239766790,None,1333560,None,30000000,USD,0,290178,-900000,None,-66571,-8293,None,1267297,-16602948,-6681969,-6673676,None,175341,None,58280,None,None,8196456,0,None,None,None,0.59,0.9244
5,2019-10-31,USD,0,8184026,None,None,-15829942,-16602948,5847302,None,-16602948,None,2336724,None,-8184026,None,597665,None,None,-597665,None,None,None,None,-7821257,None,-16602948,-18477684,None,USD,10423095,None,None,None,35829819,-25406724,None,None,384309,-271083356,12204775,None,562748,1333559,20100399,None,10727364,None,3319291,6541056,None,-30932261,None,None,38011,None,2567995,None,None,None,None,None,None,None,562748,None,3882039,3829471,None,3923913,15729420,None,None,None,None,None,None,None,None,USD,0,290178,-900000,None,-66571,-8293,None,1267297,-16602948,-6681969,-6673676,None,175341,None,None,None,None,8196456,0,None,None,None,1.31,0.59
6,2019-09-30,USD,5853537,7275373,7493241,-1639704,-11630713,-10096263,4493241,None,-12729764,None,2782132,None,-1421836,None,210183,-2633501,-210180,-210183,None,None,None,-2633501,-11097745,None,-10096263,-10258344,None,USD,17134997,None,None,500000,27904954,-10769957,None,1859434,286100,-254480408,4198682,None,457476,8015528,20290197,6699000,11337668,None,3175960,13501561,None,-16129361,None,1200000,50285,None,2277817,None,None,None,None,None,None,None,457476,None,3633436,3558080,3416080,3942948,7614757,None,None,None,238064950,None,8015530,None,18000000,USD,-1,-5268709,-1,None,-68847,-68846,None,216160,-10096263,-6011304,-5916389,None,888868,None,45969170,None,None,8340250,1,None,None,None,1.49,1.31
7,2019-07-31,USD,5853537,7275373,None,None,-11630713,-10096263,4493241,None,-12729764,None,2782132,None,-1421836,None,210183,-2633501,None,-210183,None,None,None,-2633501,-11097745,None,-10096263,-10258344,None,USD,17134997,None,None,None,27904954,-10769957,None,None,286100,-254480408,4198682,None,457476,8015528,20290197,None,11337668,None,3175960,13501561,None,-16129361,None,None,50285,None,2277817,None,None,None,None,None,None,None,457476,None,3633436,3558080,None,3942948,7614757,None,None,None,None,None,None,None,None,USD,-1,-5268709,-1,None,-68847,-68846,None,216160,-10096263,-6011304,-5916389,None,888868,None,None,None,None,8340250,1,None,None,None,2.33,1.49
8,2019-06-30,USD,583848,6228011,4393466,-3809618,-3303218,-4440884,4393466,None,-5218384,None,1834545,None,-5644163,None,1081779,-777500,-1081780,-1081779,None,None,None,-777500,1507558,None,-4440884,-4599012,None,USD,33214095,None,None,None,34572358,-1358263,None,4191521,282330,-244384145,7944585,None,483353,14026832,23217892,6699000,11360185,None,13921160,18809582,None,-6555586,None,None,62856,None,2987622,None,None,None,None,None,None,None,483353,None,14404513,3552438,3409880,3983341,11354466,None,None,None,237546230,None,14026830,None,23000000,USD,-150737,-2748885,-150737,None,-1832015,24328838,None,-2890943,-4440884,13871364,-10316156,None,833387,None,45969170,None,None,-1068831,150737,None,None,None,2.08,2.33
9,2019-04-30,USD,583848,6228011,None,None,-3303218,-4440884,4393466,None,-5218384,None,1834545,None,-5644163,None,1081779,-777500,None,-1081779,None,None,None,None,1507558,None,-4440884,None,None,USD,33214095,None,None,None,34572358,-1358263,None,None,None,-244384145,None,None,None,14026832,23217892,None,11360185,None,None,18809582,None,None,None,None,62856,None,2987622,None,None,None,None,None,None,None,483353,None,14404513,3552438,None,3983341,11354466,None,None,None,None,None,None,None,None,USD,-150737,None,None,None,None,24328838,None,None,-4440884,13871364,-10316156,None,833387,None,None,None,None,None,150737,None,None,None,1.26,2.08
10,2019-03-31,USD,641140,8346777,5897619,-5256479,-8374378,-10244800,6497619,None,-10244800,None,1849160,None,-7889190,None,1053877,0,-1053880,-1053877,None,None,None,None,-1485282,None,-10244796,-11289960,None,USD,17172190,None,None,None,40219150,-23046970,None,4593593,117600,-239943260,9762787,None,440340,155468,26992210,7617420,12282633,None,14601720,2130130,None,-28086162,None,None,75070,None,5112803,None,None,None,None,None,None,None,440339,None,15042055,3607036,3464160,3286451,13226947,None,None,None,211739500,None,155470,None,12000000,USD,-50136,-147033,-286570,None,-1685177,14765440,None,556236,-19986640,-1561920,-16040790,None,1639620,None,19808320,None,None,2759633,286570,None,None,None,7.4,1.26
11,2018-12-31,USD,1067598,11324913,8420925,-7353327,-10257315,-9741844,23805251,None,-9741844,None,2903988,None,-10257315,None,-1120849,None,None,None,None,None,None,0,515471,None,-9741844,-9892352,None,USD,18709699,None,None,None,40179039,-26354264,None,4623793,850918,-229698465,9156148,None,462326,227716,27535821,13727161,13727161,None,15941866,2305507,None,-26354264,None,None,86947,None,4696258,None,None,None,None,None,None,None,None,None,None,None,3487070,None,None,None,None,None,202493280,None,227720,None,10000000,USD,None,-1313050,-236433,None,-3357700,8528133,None,-1607622,-9741844,-1489675,-9803686,None,823077,None,11885830,None,None,2035753,236433,None,None,None,0.5,7.4
12,2018-09-30,USD,771890,13185536,7149254,-6377364,-12413646,-12199659,4393466,0,-12697159,0,6036282,None,-12413646,0,-1105126,None,None,None,0,0,0,-497500,-283513,0,-12199659,-12649761,None,USD,22283495,None,None,1185000,43094001,-25544922,None,3989803,722204,-216307363,7500225,None,491039,1717391,32042033,17858429,17858429,None,18489976,3302480,None,-25544922,None,None,98487,None,3609607,None,None,None,4734000,None,None,None,None,None,None,None,None,None,None,None,None,None,None,None,None,None,5000000,USD,None,516047,-1262776,None,-261349,-422317,-1089158,-668545,-12199659,-10079277,-8394184,None,824405,None,None,None,None,3629568,1262776,None,None,None,0.98,0.5
13,2018-06-30,USD,771890,7991782,5795993,-5024103,-7219892,-8431922,6497000,0,-8431922,0,2195789,None,-7219892,0,-1147371,None,None,None,0,0,0,0,-1212030,0,-8431922,-9084534,None,USD,34086042,None,None,1335000,43350675,-13199600,None,5212095,721985,-204107704,7468579,None,669315,11796668,32263344,17538327,17538327,None,20284405,13132322,None,-13199600,None,None,111541,None,3351211,None,None,None,3935000,None,None,None,None,None,None,None,None,None,None,None,None,None,None,None,None,None,4000000,USD,None,-1834453,-168020,None,-292203,14563885,None,380009,-8431922,5860553,-8535312,None,822059,None,None,None,None,528995,168020,None,None,None,0.8449,0.98
14,2018-03-31,USD,771890,7602891,5156386,-4384496,-6831001,-7539879,5156000,0,-7539879,0,2446505,None,-6831001,0,-920870,None,None,None,0,0,0,3150716,-708878,0,-7539879,-8558238,None,USD,27786656,None,None,982000,43056963,-36227061,None,5028232,257405,-195675782,7666066,None,692104,5936115,31752299,17222775,17222775,None,20176847,6917705,None,-36227061,None,None,127787,None,3607776,None,None,None,20957000,None,None,None,None,None,None,None,None,None,None,None,None,None,None,None,None,None,3000000,USD,None,-731542,-275186,None,-187528,-187528,None,222709,-7539879,-7901664,-7438950,None,731264,None,None,None,None,-121502,275186,None,None,None,0.89,0.8449
15,2017-12-31,USD,772000,3951654,3275000,369488,-3179764,-1920501,403000,0,-5071217,0,3549252,None,-3179764,0,718000,None,None,None,0,0,0,-3150716,-1891453,0,-1920501,-17726321,None,USD,32277000,None,None,1512000,40175000,-27750276,None,8189000,255000,-188135903,8787000,None,621000,13838000,31202000,16922926,16922926,None,16306000,15349623,None,-27750276,None,None,186000,None,3630000,None,None,None,19852000,None,None,None,None,None,None,None,None,None,None,None,None,None,None,None,None,None,3000000,USD,None,-7721750,-1075143,None,-249562,20398000,-1089158,-3348426,-1920501,10652260,-8671077,None,676624,None,None,None,None,3642976,1075000,None,None,None,1.3,0.89
16,2017-09-30,USD,2903000,39691782,5143000,-19998230,-35880263,-38849127,2305000,0,-38347627,0,15882033,None,-35880263,0,2148000,None,None,None,0,0,0,497000,-2467364,0,-38849127,-40025870,None,USD,20734000,None,None,719000,51461000,-33650975,None,10425000,249000,-186215402,9312000,None,740000,3186000,28738000,4665100,4665100,None,16089000,3904606,None,-33650975,None,400000,13411000,None,10954000,None,None,None,2924000,None,None,None,None,None,None,None,None,None,None,None,None,None,None,None,None,None,3000000,USD,None,6621000,-292086,None,11331201,16631000,177000,3749395,-38849127,833632,-15505054,None,2692100,None,None,None,None,9489461,292000,None,None,None,1.37,1.3
17,2017-06-30,USD,303000,0,6968000,0,0,0,4158000,0,0,0,0,None,0,0,1745000,None,None,None,0,0,0,0,0,0,0,0,None,USD,17127000,None,None,1048000,46069000,None,None,8835000,246000,None,6601000,None,801000,140000,39268000,None,None,None,15138000,None,None,None,None,None,200000,None,11792000,None,None,None,None,None,None,None,None,None,None,None,None,None,None,None,None,None,None,None,None,None,3000000,USD,None,8058000,None,None,None,13641000,176000,None,None,None,None,None,None,None,None,None,None,None,268000,None,None,None,1.0,1.37
18,2017-03-31,USD,303000,0,7460000,0,0,0,4119000,0,0,0,0,None,0,0,1244000,None,None,None,0,0,0,-4000,0,0,0,0,None,USD,17460000,None,None,774000,44314000,None,None,8632000,241000,None,9315000,None,819000,81000,34778000,None,None,None,15786000,None,None,None,None,None,221000,None,12152000,None,None,None,None,None,None,None,None,None,None,None,None,None,None,None,None,None,None,None,None,None,3000000,USD,None,8167000,None,None,None,7873000,176000,None,None,None,None,None,None,None,None,None,None,None,192000,None,None,None,2.68,1.0
19,2016-12-31,USD,303000,0,17429000,0,0,0,13228000,0,0,0,0,None,0,0,489000,None,None,None,0,0,0,4000,0,0,0,0,None,USD,20446000,None,None,1096000,42278000,None,None,8553000,236000,None,9845000,None,831000,2079000,32129000,None,None,None,16440000,None,None,None,None,None,304000,None,11049000,None,None,None,None,None,None,None,None,None,None,None,None,None,None,None,None,None,None,None,None,None,3000000,USD,None,7118000,None,None,None,5717000,176000,None,None,None,None,None,None,None,None,None,None,None,148000,None,None,None,3.01,2.68
