,fiscalDateEnding,reportedCurrency_x,totalRevenue,totalOperatingExpense,costOfRevenue,grossProfit,ebit,netIncome_x,researchAndDevelopment,effectOfAccountingCharges,incomeBeforeTax,minorityInterest,sellingGeneralAdministrative,otherNonOperatingIncome,operatingIncome,otherOperatingExpense,interestExpense,taxProvision,interestIncome,netInterestIncome,extraordinaryItems,nonRecurring,otherItems,incomeTaxExpense,totalOtherIncomeExpense,discontinuedOperations,netIncomeFromContinuingOperations,netIncomeApplicableToCommonShares,preferredStockAndOtherAdjustments,reportedCurrency_y,totalAssets,intangibleAssets,earningAssets,otherCurrentAssets,totalLiabilities,totalShareholderEquity,deferredLongTermLiabilities,otherCurrentLiabilities,commonStock,retainedEarnings,otherLiabilities,goodwill,otherAssets,cash,totalCurrentLiabilities,shortTermDebt,currentLongTermDebt,otherShareholderEquity,propertyPlantEquipment,totalCurrentAssets,longTermInvestments,netTangibleAssets,shortTermInvestments,netReceivables,longTermDebt,inventory,accountsPayable,totalPermanentEquity,additionalPaidInCapital,commonStockTotalEquity,preferredStockTotalEquity,retainedEarningsTotalEquity,treasuryStock,accumulatedAmortization,otherNonCurrrentAssets,deferredLongTermAssetCharges,totalNonCurrentAssets,capitalLeaseObligations,totalLongTermDebt,otherNonCurrentLiabilities,totalNonCurrentLiabilities,negativeGoodwill,warrants,preferredStockRedeemable,capitalSurplus,liabilitiesAndShareholderEquity,cashAndShortTermInvestments,accumulatedDepreciation,commonStockSharesOutstanding,reportedCurrency,investments,changeInLiabilities,cashflowFromInvestment,otherCashflowFromInvestment,netBorrowings,cashflowFromFinancing,otherCashflowFromFinancing,changeInOperatingActivities,netIncome_y,changeInCash,operatingCashflow,otherOperatingCashflow,depreciation,dividendPayout,stockSaleAndPurchase,changeInInventory,changeInAccountReceivables,changeInNetIncome,capitalExpenditures,changeInReceivables,changeInExchangeRate,changeInCashAndCashEquivalents,clossingVal,nextClossingVal
0,2020-06-30,USD,12437000,9602000,None,12437000,2835000,2263000,None,None,2835000,None,9602000,None,2835000,1490000,1604000,572000,11335000,9731000,None,None,None,572000,None,None,2263000,2263000,None,USD,1102995000,140000,None,2323000,971174000,131821000,None,911847000,5447000,88006000,None,7319000,866042000,68251000,931609000,None,None,2915000,21436000,70574000,953144000,124362000,114987000,3537000,38610000,None,19762000,None,None,5447000,None,88006000,-15712000,None,49737000,None,1031776000,955000,38610000,955000,39565000,None,None,None,51165000,1102995000,68251000,None,None,USD,-59349000,0,-64104000,-3976000,-2349000,62622000,65976000,None,2263000,1580000,3062000,None,None,-1005000,None,None,None,782000,779000,None,None,1580000,22.55,
1,2020-03-31,USD,10600000,7519000,None,10600000,3081000,1002000,None,None,1081000,None,9519000,None,3081000,1464000,1781000,79000,11719000,9938000,None,-2000000,None,79000,None,None,1002000,1002000,None,USD,1035841000,157000,184513000,2360000,905345000,130496000,None,845879000,5447000,86748000,None,7319000,804378000,66671000,863388000,None,None,2848000,20970000,69031000,893006000,123020000,112191000,2650000,40959000,None,17509000,None,None,5447000,None,86748000,-15712000,None,45358000,None,966810000,998000,40959000,998000,41957000,None,None,None,51165000,1035841000,66671000,None,5000000,USD,-7482000,0,-9384000,147000,-1532000,21880000,24417000,None,1002000,14315000,1819000,None,None,-1005000,None,None,None,800000,2049000,None,None,14315000,29.98,22.55
2,2019-12-31,USD,14611000,10401000,None,14611000,4210000,3498000,None,None,4210000,None,10401000,None,4210000,1271000,1869000,712000,12170000,10301000,None,None,None,712000,1058493,None,3498000,3498000,None,USD,1013272000,174000,166761000,2360000,885093000,128179000,None,821471000,5447000,86751000,None,7319000,804320000,52356000,841549000,7322000,7322000,528000,19217000,54716000,886417000,120686000,105318000,2564000,42491000,540000,20078000,None,None,5447000,None,86751000,-15712000,None,45429000,None,958556000,1053000,42491000,1053000,43544000,None,None,None,51165000,1013272000,52356000,None,5000000,USD,15477000,2376000,13974000,-99000,-806000,-37262000,-35801000,3904000,9907000,-18106000,5182000,-9695000,1630000,-1004000,349000,None,None,10461000,1404000,74000,None,-18106000,39.62,29.98
3,2019-09-30,USD,12733000,9649000,None,12289000,2551000,2137000,None,None,2551000,None,6824000,None,2640000,1493000,1895000,414000,12430000,10535000,None,None,None,414000,-89000,None,2137000,2137000,None,USD,1045958000,290000,192105000,2360000,920757000,125201000,None,857282000,5437000,84257000,None,7371000,812593000,72822000,878954000,2615000,2615000,393000,19001000,76611000,124727000,117540000,111242000,2733000,43298000,146000,19057000,None,None,5437000,None,84257000,-15712000,None,46234000,None,973136000,1120000,11266000,1120000,44418000,None,None,None,50826000,1045958000,70462000,None,5000000,USD,-11592000,0,-11592000,-500000,-1884000,7259000,9799000,3904000,2137000,216000,4549000,None,27000,-1001000,1058000,None,None,2385000,1411000,None,None,216000,36.49,39.62
4,2019-06-30,USD,12656000,9631000,None,13462000,3671000,3079000,None,None,3671000,None,6888000,None,3831000,1456000,1830000,592000,12379000,10549000,None,None,None,592000,-160000,None,3079000,3079000,None,USD,1034975000,318000,189320000,2115000,911055000,123920000,None,847496000,5427000,83121000,None,7371000,471000,72361000,868173000,3489000,3489000,592000,18404000,75755000,120629000,116231000,107053000,2720000,45181000,203000,17188000,None,None,5427000,None,83121000,-15712000,None,45637000,None,962614000,1190000,12275000,1190000,46371000,None,None,None,50492000,1034975000,70246000,None,5000000,USD,9437000,0,-2465000,952000,-896000,-15752000,-1446000,3904000,3079000,-2651000,3664000,None,31000,-1000000,713000,None,None,554000,2171000,None,None,-2651000,38.57,36.49
5,2019-03-31,USD,10856000,9568000,None,10856000,1288000,1193000,None,None,1288000,None,9568000,None,1288000,1288000,1671000,95000,12945000,11274000,None,None,None,95000,-140000,None,1193000,1193000,None,USD,1044873000,349000,195211000,2065000,924521000,120352000,None,861704000,5418000,81042000,None,7371000,810648000,72897000,877230000,5688000,5688000,-558000,15535000,74962000,901310000,112632000,110281000,2808000,46077000,470000,15526000,None,None,5418000,None,81042000,-15712000,None,45346000,None,969911000,1214000,46077000,1214000,47291000,None,None,None,50162000,1044873000,72897000,None,5000000,USD,-10656000,0,-11902000,-500000,-2136000,12261000,15017000,3904000,1193000,1717000,1358000,None,31000,-995000,375000,None,None,134000,1246000,None,None,1717000,36.15,38.57
6,2018-12-31,USD,12866000,8183000,900000,12866000,4683000,3856000,0,0,4683000,0,8183000,None,4683000,1140000,1556000,None,None,None,0,0,0,827000,-189000,0,3856000,3856000,None,USD,1030493000,379000,None,2065000,912619000,117874000,None,846704000,5400000,80844000,17702000,7371000,808230000,71180000,864406000,7308000,7308000,-2135000,14855000,73245000,890942000,110124000,2065000,None,48213000,430000,17702000,None,None,5400000,None,80844000,-15712000,None,43701000,None,957248000,None,48213000,None,48213000,None,None,None,49477000,1030493000,71180000,None,5000000,USD,9817000,1946000,8851000,322000,-802000,-7692000,-6172000,3942000,11944000,6061000,4902000,1829000,1591000,-994000,276000,None,None,966000,1288000,-135000,None,6061000,35.39,36.15
7,2018-09-30,USD,11728000,9761000,2380000,11728000,1967000,1746000,0,0,1967000,0,9761000,None,1967000,1361000,1418000,None,None,None,0,0,0,221000,-197000,0,1746000,1746000,None,USD,1033516000,410000,None,2310000,919677000,113839000,0,852895000,5393000,77982000,17768000,7371000,812795000,65119000,870663000,1699000,1699000,-3032000,13856000,67429000,899020000,106058000,2310000,None,49014000,1332000,17768000,0,0,5393000,0,77982000,-15712000,None,45430000,None,966087000,None,49014000,None,49014000,None,None,None,49208000,1033516000,65119000,None,5000000,USD,-6644000,0,-6916000,190000,-928000,4938000,6579000,3942000,1746000,1928000,3906000,None,33000,-994000,281000,0,0,2127000,462000,None,None,1928000,36.65,35.39
8,2018-06-30,USD,13201000,9674000,1275000,13201000,3527000,2976000,0,0,3527000,0,9674000,None,3527000,1393000,1298000,None,None,None,0,0,0,551000,-206000,0,2976000,2976000,None,USD,1025364000,442000,None,1820000,912136000,113228000,0,846335000,5387000,77230000,15858000,7371000,812127000,63191000,862193000,2628000,2628000,-2610000,13694000,65011000,894367000,105415000,1820000,None,49943000,1328000,15858000,0,0,5387000,0,77230000,-15712000,None,44479000,None,960353000,None,49943000,None,49943000,None,None,None,48933000,1025364000,63191000,None,5000000,USD,-9459000,0,-9690000,271000,-1160000,-74946000,-73149000,3942000,2976000,-80971000,3665000,None,36000,-992000,355000,0,0,653000,502000,None,None,-80971000,52.45,36.65
9,2018-03-31,USD,13830000,9808000,1955000,13830000,4022000,3366000,0,0,4022000,0,9808000,None,4022000,1297000,1199000,None,None,None,0,0,0,656000,-234000,0,3366000,3366000,None,USD,1096421000,478000,None,1820000,985210000,111211000,0,919508000,5379000,75073000,14599000,7371000,175552000,144162000,934107000,4054000,4054000,-2115000,13475000,145982000,885431000,103362000,1820000,2552000,51103000,1343000,14599000,0,0,5379000,0,75073000,-15712000,None,43684000,None,950439000,None,51103000,None,51103000,None,None,None,48586000,1096421000,144162000,None,5000000,USD,-4847000,0,-4971000,349000,6654000,68892000,62812000,None,3366000,69589000,5668000,None,36000,-987000,413000,0,0,2266000,473000,None,None,69589000,41.85,52.45
10,2017-12-31,USD,11814000,8136000,1778000,11814000,3678000,898000,0,0,3678000,0,8136000,None,3678000,6200000,2926000,None,None,None,0,-102000,0,2780000,-1159000,0,898000,898000,None,USD,1026290000,514000,None,1820000,916929000,109361000,0,856724000,5362000,72694000,15756000,7371000,173222000,74573000,872480000,5516000,5516000,-878000,13281000,177518000,781904000,101476000,101125000,2503000,44449000,1574000,15756000,0,0,5362000,0,72694000,-15712000,None,45702000,None,848772000,None,44449000,None,44449000,None,None,None,47895000,1026290000,175698000,None,5000000,USD,12967000,1681000,9119000,-3368000,-825000,6482000,7577000,2028000,7509000,24171000,8570000,-45000,1882000,-985000,715000,265000,0,3657000,480000,-188000,None,24171000,40.4,41.85
11,2017-09-30,USD,10949000,9222000,2650000,10949000,1727000,1653000,0,0,1727000,0,9222000,None,1727000,-1172000,131000,None,None,None,0,249000,0,74000,0,0,1653000,1653000,None,USD,1019614000,550000,None,1820000,909652000,109962000,0,849181000,5352000,72781000,15196000,7371000,181324000,50402000,864377000,1937000,1937000,-11000,13205000,158767000,791344000,102041000,106545000,2532000,45275000,2219000,15196000,0,0,5352000,0,72781000,-15712000,None,48377000,None,860847000,None,45275000,None,45275000,None,None,None,47552000,1019614000,156947000,None,5000000,USD,-25688000,0,-22194000,3744000,-3881000,36162000,41027000,2028000,1653000,14916000,948000,None,0,-984000,0,0,0,-743000,250000,None,None,14916000,36.4,40.4
12,2017-06-30,USD,12008000,9876000,1093000,12008000,2132000,1741000,0,0,2132000,0,9876000,None,2132000,215000,45000,None,None,None,0,-135000,0,391000,0,0,1741000,1741000,None,USD,980156000,588000,None,1820000,871169000,108987000,0,808192000,5343000,72112000,13822000,7371000,177228000,35486000,822014000,49155000,49155000,-24000,13233000,140003000,770822000,101028000,102697000,2264000,49155000,2436000,13822000,0,0,5343000,0,72112000,-15712000,None,48139000,None,840153000,None,49155000,None,49155000,None,None,None,47268000,980156000,138183000,None,5000000,USD,-18149000,0,-17994000,193000,1370000,-59278000,-59665000,2028000,1741000,-76431000,841000,None,0,-983000,0,0,0,-941000,38000,None,None,-76431000,36.05,36.4
13,2017-03-31,USD,13833000,9375000,1018000,13833000,4458000,3217000,0,0,4458000,0,9375000,None,4458000,186000,873000,None,None,None,0,27000,0,1241000,0,0,3217000,3217000,None,USD,1036732000,629000,None,1425000,929081000,107651000,0,867903000,5341000,71354000,13393000,7371000,176327000,111917000,881296000,39285000,39285000,-533000,13468000,216514000,752672000,99651000,103172000,2299000,47785000,2049000,13393000,0,0,5341000,0,71354000,-15712000,None,46078000,None,820218000,None,47785000,None,47785000,None,None,None,47201000,1036732000,215089000,None,5000000,USD,-11201000,0,-11111000,1049000,2200000,78725000,77505000,2028000,3217000,71751000,4137000,None,0,-980000,0,0,0,879000,959000,None,None,71751000,28.4515,36.05
14,2016-12-31,USD,10987000,8329000,1304000,10390000,2061000,2024000,0,0,2658000,0,8329000,None,2061000,-1394000,2183000,None,None,None,0,-1086000,0,634000,-1810000,0,2024000,2024000,None,USD,954640000,670000,None,1670000,850112000,104528000,0,790452000,5326000,69117000,14075000,7801000,170690000,40166000,804527000,45585000,45585000,-991000,12783000,138326000,748182000,96057000,96490000,2315000,45585000,2129000,14075000,0,0,5326000,0,69117000,-15712000,None,46878000,None,816314000,None,45585000,None,45585000,None,None,None,46788000,954640000,136656000,None,4000000,USD,-8935000,1461000,-10092000,-107000,1420000,-15232000,-15672000,3178000,6920000,-21719000,3605000,1440000,1680000,-980000,0,227000,0,2361000,1050000,-496000,None,-21719000,27.2,28.4515
15,2016-09-30,USD,8970000,8828000,-597000,9567000,739000,358000,0,0,142000,0,8828000,None,739000,8047000,-190000,None,None,None,0,3017000,0,-216000,0,0,358000,358000,None,USD,970230000,7052000,None,1670000,864442000,105788000,0,805783000,5326000,68073000,14494000,7052000,177525000,61885000,820277000,35665000,35665000,1313000,12484000,890002000,735948000,98736000,104860000,721587000,44165000,2616000,14494000,0,0,5326000,0,68073000,-15712000,None,46331000,None,801815000,None,44165000,None,44165000,None,None,None,46788000,970230000,166745000,None,4000000,USD,-11992000,None,-9803000,2384000,4253000,11636000,8253000,None,358000,4418000,2585000,None,0,-870000,0,0,0,None,195000,None,None,4418000,22.2,27.2
16,2016-06-30,USD,9926000,7773000,848000,9926000,2153000,1706000,0,0,2153000,0,7773000,None,2153000,-2733000,1377000,None,None,None,0,-1228000,0,447000,0,0,1706000,1706000,None,USD,826449000,1267000,None,1715000,731653000,94796000,0,678315000,4802000,68585000,13427000,1267000,158871000,57467000,691742000,31411000,31411000,1254000,10348000,756524000,617165000,93529000,94406000,602936000,39911000,2046000,13427000,0,0,4802000,0,68585000,-15712000,None,44081000,None,672861000,None,39911000,None,39911000,None,None,None,35867000,826449000,151873000,None,4000000,USD,-23352000,None,-23388000,181000,3279000,-60281000,-62690000,None,1706000,-81837000,1832000,None,0,-870000,0,0,0,None,217000,None,None,-81837000,21.86,22.2
17,2016-03-31,USD,11856000,7969000,1149000,11856000,3887000,2832000,0,0,3887000,0,7969000,None,3887000,479000,0,None,None,None,0,227000,0,1055000,0,0,2832000,2832000,None,USD,883517000,1267000,None,1470000,789886000,93631000,0,741005000,4802000,67749000,12248000,1267000,151293000,139304000,753253000,28133000,28133000,924000,10372000,228753000,600183000,92364000,87979000,1778000,36633000,2179000,12248000,0,0,4802000,0,67749000,-15712000,None,42942000,None,654764000,None,36633000,None,36633000,None,None,None,35868000,883517000,227283000,None,4000000,USD,4865000,None,4849000,205000,4187000,83581000,80259000,None,2832000,93774000,5344000,None,0,-865000,0,0,0,None,221000,None,None,93774000,21.75,21.86
18,2015-12-31,USD,9358000,6911000,1074000,9358000,2447000,1898000,0,0,2447000,0,6911000,None,2447000,4174000,2839000,None,None,None,0,930000,0,549000,-930000,0,1898000,1898000,None,USD,796285000,1267000,None,1715000,705815000,90470000,0,660746000,4777000,65782000,12623000,1267000,157174000,52106000,673369000,32446000,32446000,305000,10404000,145472000,600826000,89203000,91651000,1819000,32446000,2358000,12623000,0,0,4777000,0,65782000,-15712000,None,38316000,None,650813000,None,32446000,None,32446000,None,None,None,35318000,796285000,143757000,None,4000000,USD,-4989000,473000,-8550000,-3029000,-311000,-11893000,-10718000,-205000,8574000,-18630000,1813000,-777000,1397000,-864000,0,242000,0,744000,532000,-13000,None,-18630000,24.55,21.75
19,2015-09-30,USD,9880000,7727000,720000,9880000,2153000,1642000,0,0,2153000,0,7727000,None,2153000,0,0,None,None,None,0,0,0,511000,0,0,1642000,1642000,None,USD,808466000,1267000,None,1715000,718511000,89955000,0,671464000,4777000,65572000,14290000,1267000,152589000,70736000,685754000,None,None,824000,10112000,160342000,601595000,88688000,87891000,None,32757000,1624000,14290000,0,0,4777000,0,64748000,-15712000,None,35150000,None,648124000,None,32757000,None,32757000,None,None,None,35318000,808466000,158627000,None,4000000,USD,4361000,None,4141000,487000,-197000,4114000,5176000,None,1642000,12080000,3825000,None,0,-865000,0,0,0,None,220000,None,None,12080000,24.25,24.55
