,fiscalDateEnding,reportedCurrency_x,totalRevenue,totalOperatingExpense,costOfRevenue,grossProfit,ebit,netIncome_x,researchAndDevelopment,effectOfAccountingCharges,incomeBeforeTax,minorityInterest,sellingGeneralAdministrative,otherNonOperatingIncome,operatingIncome,otherOperatingExpense,interestExpense,taxProvision,interestIncome,netInterestIncome,extraordinaryItems,nonRecurring,otherItems,incomeTaxExpense,totalOtherIncomeExpense,discontinuedOperations,netIncomeFromContinuingOperations,netIncomeApplicableToCommonShares,preferredStockAndOtherAdjustments,reportedCurrency_y,totalAssets,intangibleAssets,earningAssets,otherCurrentAssets,totalLiabilities,totalShareholderEquity,deferredLongTermLiabilities,otherCurrentLiabilities,commonStock,retainedEarnings,otherLiabilities,goodwill,otherAssets,cash,totalCurrentLiabilities,shortTermDebt,currentLongTermDebt,otherShareholderEquity,propertyPlantEquipment,totalCurrentAssets,longTermInvestments,netTangibleAssets,shortTermInvestments,netReceivables,longTermDebt,inventory,accountsPayable,totalPermanentEquity,additionalPaidInCapital,commonStockTotalEquity,preferredStockTotalEquity,retainedEarningsTotalEquity,treasuryStock,accumulatedAmortization,otherNonCurrrentAssets,deferredLongTermAssetCharges,totalNonCurrentAssets,capitalLeaseObligations,totalLongTermDebt,otherNonCurrentLiabilities,totalNonCurrentLiabilities,negativeGoodwill,warrants,preferredStockRedeemable,capitalSurplus,liabilitiesAndShareholderEquity,cashAndShortTermInvestments,accumulatedDepreciation,commonStockSharesOutstanding,reportedCurrency,investments,changeInLiabilities,cashflowFromInvestment,otherCashflowFromInvestment,netBorrowings,cashflowFromFinancing,otherCashflowFromFinancing,changeInOperatingActivities,netIncome_y,changeInCash,operatingCashflow,otherOperatingCashflow,depreciation,dividendPayout,stockSaleAndPurchase,changeInInventory,changeInAccountReceivables,changeInNetIncome,capitalExpenditures,changeInReceivables,changeInExchangeRate,changeInCashAndCashEquivalents,clossingVal,nextClossingVal
0,2020-03-31,USD,None,None,None,None,None,-364000.0,None,None,-364000.0,None,246000.0,None,-38000.0,None,None,None,-326000,None,None,None,None,None,None,None,None,-364000,None,USD,9048000.0,None,None,None,1361000.0,7687000.0,None,None,6000,-24589000,None,None,2343000,5068000.0,None,None,None,None,292000,None,None,None,None,None,600000,None,None,None,None,None,None,None,None,None,None,None,None,None,600000,None,None,None,None,None,32270000,None,None,None,None,USD,None,None,-601000,-600000,None,None,None,None,-364000.0,-605000,-4000,None,2000.0,None,None,None,None,None,1000.0,None,None,None,0.04,
1,2019-12-31,USD,None,None,None,None,None,61000.0,None,None,61000.0,None,259000.0,None,56000.0,None,None,None,5000,None,None,None,None,None,None,None,None,61000,None,USD,9495000.0,None,None,None,1452000.0,8043000.0,None,None,6000,-24225000,None,None,2054000,5962000.0,None,None,None,None,142000,None,None,None,None,None,600000,None,None,None,None,None,None,None,None,None,None,None,None,None,600000,None,None,None,None,None,32262000,None,None,None,None,USD,None,None,488000,489000,None,600000,None,None,-305000.0,-3283000,-4371000,None,10000.0,None,None,None,None,None,1000.0,None,None,None,0.0122,0.04
2,2019-09-30,USD,None,None,None,None,None,-15000.0,None,None,-15000.0,None,264000.0,None,-32000.0,None,None,None,17000,None,None,None,None,None,None,None,None,-15000,None,USD,9790000.0,None,None,None,1817000.0,7973000.0,None,None,6000,-24286000,None,None,1915000,6137000.0,None,None,None,None,151000,None,None,None,None,None,600000,None,None,None,None,None,None,None,None,None,None,None,None,None,600000,None,None,None,None,None,32253000,None,None,None,None,USD,None,None,592000,592000,None,600000,None,None,-366000.0,-3247000,-4439000,None,7000.0,None,None,None,None,None,0.0,None,None,None,nan,0.0122
3,2019-06-30,USD,None,None,None,None,None,-205000.0,None,None,-205000.0,None,280000.0,None,-157000.0,None,None,None,-48000,None,None,None,None,None,None,None,None,-205000,None,USD,9989000.0,None,None,None,2010000.0,7979000.0,None,None,6000,-24271000,None,None,1751000,6274000.0,None,None,None,None,159000,None,None,None,None,None,600000,None,None,None,None,None,None,None,None,None,None,None,None,None,600000,None,None,None,None,None,32244000,None,None,None,None,USD,None,None,592000,592000,None,600000,None,None,-351000.0,-3274000,-4466000,None,5000.0,None,None,None,None,None,0.0,None,None,None,nan,nan
4,2019-03-31,USD,None,None,None,None,None,-147000.0,None,None,-147000.0,None,264000.0,None,-198000.0,None,None,None,51000,None,None,None,None,None,None,None,None,-147000,None,USD,8559000.0,None,None,None,385000.0,8174000.0,None,None,6000,-24067000,None,None,148000,7894000.0,None,None,None,None,171000,None,None,None,None,None,None,None,None,None,None,None,None,None,None,None,None,None,None,None,None,None,None,None,None,None,32235000,None,None,None,None,USD,None,None,993000,993000,None,None,None,None,-147000.0,-3257000,-4250000,None,2000.0,None,None,None,None,None,0.0,None,None,None,0.04,nan
5,2018-12-31,USD,15520000,0,0,0,0,17205000.0,0,0,15205000.0,0,301000.0,None,-6407000.0,0,0,None,None,None,0,0,0,0,0,0,0,-6455000,None,USD,12561000.0,None,None,None,4247000.0,8314000.0,None,None,6000,-23920000,None,None,3225000,8074000.0,None,None,None,2000,18000,None,None,None,None,None,None,None,None,None,None,None,None,None,None,None,None,None,None,None,None,None,None,None,None,None,32226000,None,None,None,None,USD,None,None,5045000,5045000,None,2000000,None,None,-5749000.0,412000,-6633000,None,18000.0,None,None,None,None,None,0.0,None,None,None,0.0015,0.04
6,2018-09-30,None,16671000,0,0,0,0,-24070000.0,0,0,-24070000.0,0,0.0,None,0.0,0,0,None,None,None,0,0,0,0,0,0,0,0,None,None,0.0,0,None,None,0.0,13919000.0,0,None,0,0,None,0,0,0.0,0,None,None,None,0,0,None,None,0,None,0,0,0,0,0,0,0,0,0,None,None,None,None,None,None,None,None,None,None,None,None,None,None,None,None,None,None,None,2403000,0,None,-3152000,None,None,-22954000.0,None,-10689000,None,0.0,0,0,0,0,None,6000.0,None,None,None,nan,0.0015
7,2018-06-30,None,1023000,0,0,0,0,-154000.0,0,0,1116000.0,0,0.0,None,0.0,0,0,None,None,None,0,0,0,0,0,0,0,0,None,None,0.0,0,None,None,0.0,37630000.0,0,None,0,0,None,0,0,0.0,0,None,None,None,0,0,None,None,0,None,0,0,0,0,0,0,0,0,0,None,None,None,None,None,None,None,None,None,None,None,None,None,None,None,None,None,None,None,-4322000,0,None,-2074000,None,None,1116000.0,None,2968000,None,0.0,0,0,0,0,None,6000.0,None,None,None,0.06,nan
8,2018-03-31,USD,1085.98,3078.52,75.55,1010.43,-1992.54,-1992.54,0,0,-1992.54,0,3002.97,0,-1992.54,0,0,None,None,None,0,0,0,0,0,0,-1992.54,-211000,0,USD,199537.28,377.73,None,101912.27,69833.33,129703.95,0,7837.95,6000,-18382000,376000,0,0,6619.76,66282.64,0,0,-20000,30000,143557.30,55318.95,13735000,0,33825.96,0,0,58444.69,0,0,0,0,0,0,0,0,0,0,0,0,0,0,0,0,0,0,0,0,0,0,USD,2417.49,477000,256000,0,0,0,0,-552000,-1992.54,5429.91,319000,0,56.66,0,0,0,2039.76,383000,0.0,0,0,0,nan,0.06
9,2017-12-31,USD,1917.36,2130.40,79.89,1837.47,-213.04,-213.04,0,0,-213.04,0,2050.51,0,-213.04,0,0,None,None,None,0,0,0,0,0,0,-213.04,-24000,0,USD,189898.36,426.08,None,61018.15,66353.02,123545.34,0,0,6000,-18149000,386000,0,0,35968.22,62926.63,0,0,-39000,36000,131729.62,57423.11,13918000,0,33713.55,0,0,62926.63,0,0,0,0,0,0,0,0,0,0,0,0,0,0,0,0,0,0,0,0,0,0,USD,20096.76,-420000,17636000,15372000,0,0,0,-15407000,-213.04,17886.47,-15621000,0,53.26,0,0,0,790.02,135000,0.0,0,0,0,0.1,nan
10,2017-09-30,USD,171418.44,374974.50,371693.34,-200274.91,-203556.07,-203556.07,0,0,-203556.07,0,3281.16,0,-203556.07,0,0,None,None,None,0,0,0,0,0,0,-203556.07,-22954000,0,USD,365494.61,505.48,None,228084.96,242060.92,123433.69,0,0,6000,-18125000,0,0,0,22764.16,242060.92,0,0,-30000,42000,286179.22,78437.46,13919000,0,34469.92,0,0,242060.92,0,0,0,0,0,0,0,0,0,0,0,0,0,0,0,0,0,0,0,0,0,0,USD,59637.30,-13157000,14725000,8000000,0,-9559.70,0,14065000,-203556.07,-88.68,-13657000,0,62.08,-6101.18,0,0,72939.30,157000,0.0,0,0,0,0.22,0.1
11,2017-06-30,USD,23660.79,13730.20,10259.83,13400.96,9930.59,9930.59,0,0,9930.59,0,3470.37,0,9930.59,0,0,None,None,None,0,0,0,0,0,0,9930.59,1116000,0,USD,545452.93,4778.43,None,283965.12,210606.87,334846.06,0,116648.87,6000,5517000,1467000,0,0,3541.56,197552.95,0,0,-319000,49000,403150.03,137088.45,37630000,0,114299.70,0,0,80904.08,0,0,0,0,0,0,0,0,0,0,0,0,0,0,0,0,0,0,0,0,0,0,USD,-7777.18,13495000,-11505000,-10625000,0,-9174.23,0,-1193000,9930.59,-85246.49,2956000,0,53.39,-6211.07,0,0,-93210.54,7000,53.39,0,0,0,0.5,0.22
12,2017-03-31,USD,1531000,0,0,0,0,1043000.0,0,0,0.0,0,0.0,None,0.0,0,0,None,None,None,0,0,0,0,0,0,0,0,None,USD,0.0,0,None,None,0.0,37661000.0,0,None,0,0,None,0,0,8614000.0,0,None,None,None,0,0,None,None,0,None,0,0,0,0,0,0,0,0,0,None,None,None,None,None,None,None,None,None,None,None,None,None,None,None,None,USD,None,None,-1868000,0,None,-727000,None,None,1043000.0,None,2625000,None,0.0,0,0,0,0,None,0.0,None,None,None,0.6452,0.5
13,2016-12-31,USD,18961000,0,0,0,0,1253000.0,0,0,0.0,0,0.0,None,0.0,0,0,None,None,None,0,0,0,0,0,0,0,0,None,USD,51000000.0,0,None,None,13837000.0,36708000.0,0,None,0,4534000,None,0,0,5317000.0,0,None,None,None,54000,0,None,None,0,None,0,0,0,0,0,0,0,0,0,None,None,None,None,None,None,None,None,None,None,None,None,None,None,None,None,USD,None,None,6869000,0,None,-3627000,None,None,2581000.0,None,416000,None,0.0,0,0,0,0,None,11000.0,None,None,None,0.325,0.6452
14,2016-09-30,USD,1964000,0,0,0,0,-329000.0,0,0,0.0,0,0.0,None,0.0,0,0,None,None,None,0,0,0,0,0,0,0,0,None,USD,0.0,0,None,None,0.0,36708000.0,0,None,0,0,None,0,0,695000.0,0,None,None,None,0,0,None,None,0,None,0,0,0,0,0,0,0,0,0,None,None,None,None,None,None,None,None,None,None,None,None,None,None,None,None,USD,None,None,0,0,None,0,None,None,2985000.0,None,0,None,0.0,0,0,0,0,None,0.0,None,None,None,0.45,0.325
15,2016-06-30,USD,2065000,0,0,0,0,1657000.0,0,0,0.0,0,0.0,None,0.0,0,0,None,None,None,0,0,0,0,0,0,0,0,None,USD,0.0,0,None,None,0.0,36708000.0,0,None,0,0,None,0,0,5317000.0,0,None,None,None,0,0,None,None,0,None,0,0,0,0,0,0,0,0,0,None,None,None,None,None,None,None,None,None,None,None,None,None,None,None,None,USD,None,None,0,0,None,0,None,None,1657000.0,None,0,None,0.0,0,0,0,0,None,0.0,None,None,None,0.45,0.45
16,2015-09-30,USD,885000,0,0,0,0,-915000.0,0,0,0.0,0,0.0,None,0.0,0,0,None,None,None,0,0,0,0,0,0,0,0,None,USD,53981000.0,0,None,None,17379000.0,36602000.0,0,None,0,5192000,None,0,0,6408000.0,0,None,None,None,59000,0,None,None,0,None,0,0,0,0,0,0,0,0,0,None,None,None,None,None,None,None,None,None,None,None,None,None,None,None,None,USD,None,None,-2437000,0,None,-2182000,None,None,4229000.0,None,5710000,None,0.0,0,0,0,0,None,25000.0,None,None,None,0.7,0.45
17,2015-06-30,USD,202000,0,0,0,0,-173000.0,0,0,0.0,0,0.0,None,0.0,0,0,None,None,None,0,0,0,0,0,0,0,0,None,USD,56282000.0,0,None,None,19218000.0,37064000.0,0,None,0,5177000,None,0,0,20176000.0,0,None,None,None,64000,0,None,None,0,None,0,0,0,0,0,0,0,0,0,None,None,None,None,None,None,None,None,None,None,None,None,None,None,None,None,USD,None,None,14579000,0,None,-1455000,None,None,3487000.0,None,1735000,None,0.0,0,0,0,0,None,25000.0,None,None,None,0.89,0.7
18,2015-03-31,USD,2267000,0,0,0,0,1830000.0,0,0,0.0,0,0.0,None,0.0,0,0,None,None,None,0,0,0,0,0,0,0,0,None,USD,49482000.0,0,None,None,12001000.0,37481000.0,0,None,0,4248000,None,0,0,3806000.0,0,None,None,None,47000,0,None,None,0,None,0,0,0,0,0,0,0,0,0,None,None,None,None,None,None,None,None,None,None,None,None,None,None,None,None,USD,None,None,-3143000,0,None,-727000,None,None,1830000.0,None,2359000,None,0.0,0,0,0,0,None,5000.0,None,None,None,1.15,0.89
