,fiscalDateEnding,reportedCurrency_x,totalRevenue,totalOperatingExpense,costOfRevenue,grossProfit,ebit,netIncome_x,researchAndDevelopment,effectOfAccountingCharges,incomeBeforeTax,minorityInterest,sellingGeneralAdministrative,otherNonOperatingIncome,operatingIncome,otherOperatingExpense,interestExpense,taxProvision,interestIncome,netInterestIncome,extraordinaryItems,nonRecurring,otherItems,incomeTaxExpense,totalOtherIncomeExpense,discontinuedOperations,netIncomeFromContinuingOperations,netIncomeApplicableToCommonShares,preferredStockAndOtherAdjustments,reportedCurrency_y,totalAssets,intangibleAssets,earningAssets,otherCurrentAssets,totalLiabilities,totalShareholderEquity,deferredLongTermLiabilities,otherCurrentLiabilities,commonStock,retainedEarnings,otherLiabilities,goodwill,otherAssets,cash,totalCurrentLiabilities,shortTermDebt,currentLongTermDebt,otherShareholderEquity,propertyPlantEquipment,totalCurrentAssets,longTermInvestments,netTangibleAssets,shortTermInvestments,netReceivables,longTermDebt,inventory,accountsPayable,totalPermanentEquity,additionalPaidInCapital,commonStockTotalEquity,preferredStockTotalEquity,retainedEarningsTotalEquity,treasuryStock,accumulatedAmortization,otherNonCurrrentAssets,deferredLongTermAssetCharges,totalNonCurrentAssets,capitalLeaseObligations,totalLongTermDebt,otherNonCurrentLiabilities,totalNonCurrentLiabilities,negativeGoodwill,warrants,preferredStockRedeemable,capitalSurplus,liabilitiesAndShareholderEquity,cashAndShortTermInvestments,accumulatedDepreciation,commonStockSharesOutstanding,reportedCurrency,investments,changeInLiabilities,cashflowFromInvestment,otherCashflowFromInvestment,netBorrowings,cashflowFromFinancing,otherCashflowFromFinancing,changeInOperatingActivities,netIncome_y,changeInCash,operatingCashflow,otherOperatingCashflow,depreciation,dividendPayout,stockSaleAndPurchase,changeInInventory,changeInAccountReceivables,changeInNetIncome,capitalExpenditures,changeInReceivables,changeInExchangeRate,changeInCashAndCashEquivalents,clossingVal,nextClossingVal
0,2020-06-30,USD,21563094,None,None,None,None,20555569,None,None,20555569,None,839244,None,None,None,1906442,None,4873382,2966940,None,None,None,None,None,None,20555569,20555569,None,USD,292750528,None,None,None,117423919,175326609,None,None,495895,-282979608,None,None,776759,20061813,None,None,None,None,None,None,270821669,175326609,None,None,None,None,9224079,None,None,None,None,None,None,None,None,None,None,None,None,None,None,None,None,None,None,None,None,None,None,USD,None,0,None,None,None,None,-3374826,-325505,20555569,12235993,22203504,None,None,-9967511,None,None,None,1357821,0,None,None,None,2.8,
1,2020-03-31,USD,-78310494,1047519,3404680,7420010,None,-79358013,None,None,-79358013,None,847171,None,6367280,None,2173468,None,5654255,3480787,None,None,None,None,None,None,-79358013,-79358013,None,USD,273381724,None,None,None,108643173,164738551,None,None,495895,-293567666,None,None,490255,7825820,None,None,None,None,None,None,263498825,164738551,None,None,106442520,None,481498,None,None,None,None,None,None,None,None,None,None,None,106442520,None,None,None,None,None,457810320,None,7825820,None,49000000,USD,None,0,None,None,-28090601,-31992580,-51779,-712194,-79358013,-8635118,23357461,None,None,-9723218,5873020,None,None,101365325,0,None,None,None,2.55,2.8
2,2019-12-31,USD,-3772896,1127819,3903630,9525690,10820850,-4900715,None,None,-4900715,None,679177,None,8381800,None,2422975,None,6304748,3881773,None,None,None,None,-15721565,None,-4900715,-4900715,None,USD,385266593,None,None,2050452,137268051,247998542,None,None,484489,-204325249,None,None,523626,14410486,2884062,None,None,None,None,19940974,364801993,247998542,None,3480036,134383990,None,632235,None,None,None,None,None,None,None,None,None,None,None,134383990,None,None,None,None,None,451839300,None,14410490,None,48000000,USD,None,0,None,None,-19755859,-48376240,-59391,153577,-4900715,4987599,30805509,None,None,-9659566,0,None,1810059,33573099,0,None,None,None,5.44,2.55
3,2019-09-30,USD,-32216204,894260,4251600,9831450,11459638,-33110464,None,None,-33110464,None,699226,None,8931680,None,2522451,None,7114678,4592227,None,None,None,None,-44570102,None,-33110464,-33110464,None,USD,415771992,None,None,2533069,156812194,258959798,None,None,477900,-199324543,None,None,633466,8940270,2840325,None,None,None,None,16763434,398375092,258959798,None,5290095,153971870,None,666353,None,None,None,None,None,None,None,None,None,None,None,153971870,None,None,None,None,None,457806440,None,8940270,None,48000000,USD,None,0,None,None,-5023349,-22558330,2788802,-3010450,-33110464,-1130610,12655291,None,None,-9448657,0,None,-803305,49419935,0,None,None,None,6.23,5.44
4,2019-06-30,USD,-6432822,1103868,7029720,13883180,15585468,-7536690,None,None,-7536690,None,908893,None,12742330,None,2806159,None,7432376,4626217,None,None,None,None,-23122158,None,-7536690,-7536690,None,USD,465306937,None,None,2267372,164477463,300829474,None,None,476510,-156617595,None,None,2267370,10336577,5638481,None,None,None,None,17090739,447795026,300829474,None,4486790,158838980,None,972028,None,None,None,None,None,None,None,None,None,None,None,158838980,None,None,None,None,None,456970560,None,10336580,None,48000000,USD,None,0,None,None,20241007,-8772430,-1645550,2074546,-7536690,120075,-8883435,None,None,-9577843,0,None,82560,-3715009,0,None,None,None,6.4,6.23
5,2019-03-31,USD,14225110,928696,4932430,9292680,10513829,12749950,None,None,12749950,None,928700,None,8349880,None,2149841,None,4400070,4998640,None,None,None,None,2236123,None,12749952,12749950,None,USD,466118490,None,None,2402254,148174480,317944010,None,None,476510,-139503060,None,None,2402250,10081620,8128012,4433880,None,None,None,17053224,448603182,317944007,None,4569350,140046470,None,4773282,None,None,None,None,None,None,None,None,None,None,None,140046470,None,None,None,None,None,456970560,None,10081620,None,48000000,USD,None,0,None,None,-8259851,-17790040,14106,-697987,12749950,-4596990,13193050,None,None,-9530190,0,None,113385,908813,0,None,None,None,6.5,6.4
6,2018-12-31,USD,15193294,4164855,5773290,15193294,11028439,-34117656,0,0,-34117656,0,4164855,None,11028439,0,-2545832,None,None,None,0,0,0,0,-45206847,0,-34117656,-34117656,None,USD,467145213,None,None,3175805,152420966,314724247,None,None,476509,-142722822,None,None,392784,13905059,4233534,None,None,None,None,21763599,444988830,314724247,None,4682735,148187432,None,None,None,None,None,None,None,None,None,None,None,None,None,148187430,None,None,None,None,None,456970560,None,13905060,None,50000000,USD,None,0,None,None,-2023835,-21462403,-13056,-44386,-34117656,4993600,26456003,None,None,-9530192,-25000000,None,24247,60487089,0,None,None,None,6.47,6.5
7,2018-09-30,USD,15218452,4347545,4347000,15218452,10870907,6512309,0,0,6512309,0,4347545,None,10870907,0,-2258403,None,None,None,0,0,0,0,-4358598,0,6512309,6512309,None,USD,522718393,None,None,3450325,154450978,368267415,None,928000,491463,-146440451,None,None,508139,8636939,4333364,None,None,None,None,16794246,505416008,368267415,3450000,4706982,150117614,None,3405000,None,None,None,None,None,None,None,None,None,None,None,None,None,None,None,None,None,None,None,None,None,49000000,USD,None,0,None,None,-7489875,-19128226,14267,1200218,6512309,-114007518,-94879292,None,None,-9829253,None,None,-949706,-101750481,0,None,None,None,7.12,6.47
8,2018-06-30,USD,12518722,3580017,3580000,12518722,8938705,6901911,0,0,6901911,0,3580017,None,8938705,0,-1250694,None,None,None,0,0,0,0,-2036794,0,6901911,6901911,None,USD,583544600,None,None,1856479,210136876,373407724,None,710000,494076,-143123507,None,None,758301,124238303,52652021,157484855,157484855,None,None,129852058,452934241,373407724,1857000,3757276,157484855,None,49359978,None,None,None,None,None,None,None,None,None,None,None,None,None,None,None,None,None,None,None,None,None,50000000,USD,None,0,None,None,95193113,77677670,-212046,-183769,6901911,77289342,-388328,None,None,-9969575,None,None,-987445,-6202583,0,None,None,None,6.9,7.12
9,2018-03-31,USD,13346800,3497624,3498000,13346800,9849176,11490063,0,0,11490063,0,3497624,None,9849176,0,-1126080,None,None,None,0,0,0,0,1640887,0,11490063,11490063,None,USD,468052181,None,None,None,84242971,383809210,None,532000,504891,-140055843,None,None,574128,48805440,21822748,62420223,62420223,-113554672,None,53232016,414246037,383809210,None,4426576,62420223,None,18611209,None,None,None,None,None,None,None,None,None,None,None,None,None,None,None,None,None,None,None,None,None,51000000,USD,None,0,None,None,95193113,-16099495,-212046,-200383,11490063,18791598,34891093,None,-118169,-10152005,-5947490,None,2315663,21205680,0,None,None,None,6.11,6.9
10,2017-12-31,USD,13441000,23436883,4049000,68192399,41738531,16422000,0,0,16422000,0,18560228,None,9392000,0,1764000,None,None,None,0,256956,0,0,-5856686,0,43775485,16422000,None,USD,454121000,None,None,155000,65702000,388419000,None,657000,515000,-141393901,3363000,None,418867000,30014000,3362455,62340159,62340159,-116321639,None,35099336,418442226,388418642,155000,5085494,62339000,None,2706000,None,None,None,None,None,None,None,None,None,None,None,None,None,None,None,None,None,None,None,None,None,58000000,USD,None,0,3452000,3451636,-155877705,-196175826,885406,-2885686,16422000,18300508,217626000,None,-65215,-41184000,None,None,4597000,168217300,0,None,None,None,nan,6.11
11,2017-09-30,USD,14497000,-10482322,4029000,1714919,21248196,6016000,0,0,6016000,0,4147643,None,10468000,0,3701000,None,None,None,0,256956,0,0,17256932,0,14824208,6016000,None,USD,550360000,None,None,739000,168067000,382293000,None,3725000,515000,-177044710,None,None,423247000,119601000,105809132,94497384,94497384,-128391077,None,127852590,421730553,382292727,None,7512096,62258000,None,7586000,None,None,None,None,None,None,None,None,None,None,None,None,None,None,None,None,None,None,None,None,None,60000000,USD,None,0,3452000,61134714,-70501614,-80800559,-3065,219236,6016000,30849616,202375000,None,-892289,-30888000,-5947490,None,5121000,42669354,0,None,None,None,nan,nan
12,2017-06-30,USD,17013000,4836911,4837000,-21241528,-35129394,9118000,0,0,9118000,0,-9793054,None,12176000,0,4129000,None,None,None,0,-513912,0,0,-15595507,0,-27043981,9118000,None,USD,623161000,None,None,61873714,236588000,386573000,None,2598000,515000,-172764849,None,None,456245000,88752000,8946651,227641213,227641213,-123966414,None,167655362,454756392,386572588,61135000,17029770,133273000,None,6348000,None,None,None,None,None,None,None,None,None,None,None,None,None,None,None,None,None,None,None,None,None,51000000,USD,None,0,-43919232,-43919232,33348974,20792222,-2260868,-1971843,9118000,22703425,151860000,None,940864,-20592000,-5947490,None,2862000,36496696,0,None,None,None,nan,nan
13,2017-03-31,USD,16465000,0,4876000,12751227,15768212,12054000,0,0,12054000,0,4876655,None,11589000,0,3305000,None,None,None,0,256956,0,0,4179387,0,12053959,12054000,None,USD,594523000,None,None,None,206772000,387751000,None,4351000,515000,-46044426,None,None,498350000,66049000,None,None,None,-125542435,None,None,501800695,387750576,17215000,8203006,101895000,None,6284000,None,None,None,None,None,None,None,None,None,None,None,None,None,None,None,None,None,None,None,None,None,60000000,USD,None,1181000,-13763846,-13763846,-24183065,-34478946,None,-124882,12054000,57786755,106030000,None,343763,-10296000,None,None,1480000,91096123,0,None,None,None,nan,nan
14,2016-12-31,USD,18869000,25298902,5471000,69280046,43981144,36299000,0,0,36299000,0,25298902,None,13398000,0,4003000,None,None,None,0,159573,0,0,66380619,0,110361763,36299000,None,USD,612457000,None,None,3451636,226465000,385992000,None,2820000,515000,-176573018,6493000,None,591053000,8262000,6493535,219970473,219970473,-132949901,None,21403412,589923076,385992498,3452000,9690078,125855000,None,3673000,None,None,None,None,None,None,None,None,None,None,None,None,None,None,None,None,None,None,None,None,None,62000000,USD,None,0,14514000,14513596,-129803033,-212347782,2759227,-4146467,36299000,-29433575,185673000,None,-520115,-59716000,-25587862,None,2586000,73474297,0,None,None,None,nan,nan
15,2016-09-30,USD,18096000,0,7149000,0,0,42913000,0,0,42913000,0,0,None,10947000,0,4407000,None,None,None,0,0,0,0,0,0,0,42913000,None,USD,695090000,None,None,None,330468000,364622000,None,7249000,515000,None,None,None,592003000,34717000,None,None,None,None,None,None,None,None,23996000,None,313446000,None,9773000,None,None,None,None,None,None,None,None,None,None,None,None,None,None,None,None,None,None,None,None,None,62000000,USD,None,688000,None,None,None,None,None,None,42913000,None,123495000,None,None,-44787000,None,None,2120000,None,0,None,None,None,nan,nan
16,2016-06-30,USD,17047000,0,6605000,0,0,48264000,0,0,48264000,0,0,None,10442000,0,4434000,None,None,None,0,0,0,0,0,0,0,48264000,None,USD,696256000,None,None,None,359617000,336639000,None,4751000,515000,None,None,None,630984000,13512000,None,None,None,None,None,None,None,None,39618000,None,348450000,None,6416000,None,None,None,None,None,None,None,None,None,None,None,None,None,None,None,None,None,None,None,None,None,62000000,USD,None,None,None,None,None,None,None,None,48264000,None,67429000,None,None,-29858000,None,None,153000,None,0,None,None,None,nan,nan
17,2016-03-31,USD,15268000,0,6865000,0,0,0,0,0,0,0,0,None,8403000,0,4359000,None,None,None,0,0,0,0,0,0,0,0,None,USD,666643000,None,None,215000,363339000,303304000,None,6774000,515000,None,None,None,620072000,23972000,None,None,None,None,None,None,None,None,11702000,None,348100000,None,8465000,None,None,None,None,None,None,None,None,None,None,None,None,None,None,None,None,None,None,None,None,None,63000000,USD,None,436000,6264000,None,None,None,None,None,None,None,35044000,None,None,-14929000,None,None,1587000,None,0,None,None,None,nan,nan
18,2015-12-31,USD,18809000,27945960,8334000,87462939,59516979,-66133649,0,0,-66133649,0,27945960,None,10475000,0,4919000,None,None,None,0,68679,0,0,-125650628,0,-66133649,-66133649,None,USD,722068000,None,None,321000,361133000,360935000,None,5418000,564000,-233676273,9614000,None,660485000,23182000,9614354,347749142,347749142,-203495294,None,61261612,656715551,360934711,17965000,20114703,351519000,None,4196000,None,None,None,None,None,None,None,None,None,None,None,None,None,None,None,None,None,None,None,None,None,70000000,USD,None,204000,2611000,2611018,-150000000,-243744701,2759227,-398030,-66133649,2676354,243810000,None,-2569050,-67647000,-26097710,None,-826708,309871811,0,None,None,None,nan,nan
19,2015-09-30,USD,23134000,0,7227000,0,0,-10036000,0,0,-10036000,0,0,None,15907000,0,5031000,None,None,None,0,0,0,0,0,0,0,-10036000,None,USD,984552000,None,None,309000,515993000,468559000,None,5905000,600000,None,None,None,931782000,21216000,None,None,None,None,None,None,None,None,18637000,None,501407000,None,8681000,None,None,None,None,None,None,None,None,None,None,None,None,None,None,None,None,None,None,None,None,None,70000000,USD,None,2326000,1939000,None,None,None,None,None,None,None,52148000,None,None,-50990000,None,None,None,None,0,None,None,None,nan,nan
