,fiscalDateEnding,reportedCurrency_x,totalRevenue,totalOperatingExpense,costOfRevenue,grossProfit,ebit,netIncome_x,researchAndDevelopment,effectOfAccountingCharges,incomeBeforeTax,minorityInterest,sellingGeneralAdministrative,otherNonOperatingIncome,operatingIncome,otherOperatingExpense,interestExpense,taxProvision,interestIncome,netInterestIncome,extraordinaryItems,nonRecurring,otherItems,incomeTaxExpense,totalOtherIncomeExpense,discontinuedOperations,netIncomeFromContinuingOperations,netIncomeApplicableToCommonShares,preferredStockAndOtherAdjustments,reportedCurrency_y,totalAssets,intangibleAssets,earningAssets,otherCurrentAssets,totalLiabilities,totalShareholderEquity,deferredLongTermLiabilities,otherCurrentLiabilities,commonStock,retainedEarnings,otherLiabilities,goodwill,otherAssets,cash,totalCurrentLiabilities,shortTermDebt,currentLongTermDebt,otherShareholderEquity,propertyPlantEquipment,totalCurrentAssets,longTermInvestments,netTangibleAssets,shortTermInvestments,netReceivables,longTermDebt,inventory,accountsPayable,totalPermanentEquity,additionalPaidInCapital,commonStockTotalEquity,preferredStockTotalEquity,retainedEarningsTotalEquity,treasuryStock,accumulatedAmortization,otherNonCurrrentAssets,deferredLongTermAssetCharges,totalNonCurrentAssets,capitalLeaseObligations,totalLongTermDebt,otherNonCurrentLiabilities,totalNonCurrentLiabilities,negativeGoodwill,warrants,preferredStockRedeemable,capitalSurplus,liabilitiesAndShareholderEquity,cashAndShortTermInvestments,accumulatedDepreciation,commonStockSharesOutstanding,reportedCurrency,investments,changeInLiabilities,cashflowFromInvestment,otherCashflowFromInvestment,netBorrowings,cashflowFromFinancing,otherCashflowFromFinancing,changeInOperatingActivities,netIncome_y,changeInCash,operatingCashflow,otherOperatingCashflow,depreciation,dividendPayout,stockSaleAndPurchase,changeInInventory,changeInAccountReceivables,changeInNetIncome,capitalExpenditures,changeInReceivables,changeInExchangeRate,changeInCashAndCashEquivalents,clossingVal,nextClossingVal
0,2020-06-30,USD,237182000,None,None,None,None,50266000,None,None,65205000,3100000,64780000,None,None,35083000,50541000,14948000,267134000,216593000,None,None,None,14948000,None,None,50257000,50266000,None,USD,26380409000,18377000,3350686000,None,22266643000,4110666000,None,None,1293000,1788329000,68298000,660789000,19870756000,1646070000,None,None,None,63177000,732674000,None,3299944000,3431500000,3299944000,82729000,1247744000,None,217726000,None,None,None,None,None,None,None,None,None,None,None,1247744000,None,None,None,None,None,2257867000,None,None,None,None,USD,-1591745000,0,-1591745000,9320000,-142201000,1737292000,1914408000,1782000,50266000,298341000,152794000,None,10834000,-34915000,0,None,98000,89814000,15564000,None,None,None,23.47,
1,2020-03-31,USD,236295000,None,None,None,None,11866000,None,None,16367000,3109000,67902000,None,None,34919000,62198000,4509000,271973000,209775000,None,None,None,4509000,None,None,11858000,11866000,None,USD,24565810000,20958000,2867170000,None,20479551000,4083150000,None,None,1293000,1772978000,77672000,660789000,18842350000,1347729000,None,None,None,54888000,723371000,None,2816556000,3401403000,2816556000,82827000,1395167000,None,193701000,None,None,None,None,None,None,None,None,None,None,None,1395167000,None,None,None,None,None,2253991000,None,None,None,129000000,USD,-1242427000,0,-1242427000,-24682000,692538000,992134000,334931000,-28838000,11866000,-148028000,102265000,None,10792000,-33527000,-1853000,None,-7619000,116064000,16793000,None,None,None,16.7,23.47
2,2019-12-31,USD,244120000,104406000,None,237456000,None,100806000,None,None,136039000,3117000,70288000,None,133050000,35680000,65985000,35240000,280962000,214977000,None,None,None,35240000,2989000,None,100799000,100806000,None,USD,23555728000,23753000,2299244000,75208000,19402260000,4150351000,None,18000000,1289000,1869983000,None,660789000,18270340000,1495757000,19001283000,None,None,27255000,711541000,1590061000,2277389000,3465809000,2277389000,75208000,694966000,19096000,221786000,None,None,None,None,None,None,None,None,None,None,None,694966000,None,None,None,None,None,2251824000,None,None,None,129000000,USD,321882000,0,321882000,15047000,49059000,51269000,34181000,-34799000,100806000,465811000,92660000,None,10670000,-32237000,0,None,1011000,-18031000,20318000,None,None,None,30.51,16.7
3,2019-09-30,USD,243949000,100914000,None,237167000,None,103891000,None,None,136458000,3124000,64954000,None,136253000,35646000,70737000,32574000,289517000,218780000,None,None,None,32574000,205000,None,103884000,103891000,None,USD,23402679000,26608000,2428378000,76218000,19321231000,4078324000,None,None,1289000,1801414000,None,660789000,18459910000,1029946000,18676468000,None,None,27648000,687511000,1139483000,2414722000,3390927000,2414722000,76218000,644763000,33319000,224234000,None,None,None,None,None,None,None,None,None,None,None,644763000,None,None,None,None,None,2247973000,None,None,None,129000000,USD,-157895000,0,-157895000,18456000,101213000,324327000,253863000,16684000,103891000,291380000,124948000,None,10612000,-30963000,-28000,None,4734000,-10973000,27528000,None,None,None,27.27,30.51
4,2019-06-30,USD,250040000,99131000,None,244370000,None,110503000,None,None,145239000,3131000,65281000,None,145239000,35315000,72283000,34726000,296819000,224536000,None,None,None,34726000,None,None,110513000,110503000,None,USD,22960731000,29515000,2560096000,81003000,18964353000,3993247000,None,None,1289000,1728486000,None,660789000,18195213000,738566000,18419792000,None,None,19693000,662082000,853036000,2548489000,3302943000,2548489000,81003000,544561000,33467000,222668000,None,None,None,None,None,None,None,None,None,None,None,544561000,None,None,None,None,None,2243779000,None,None,None,129000000,USD,197793000,0,-43356000,7489000,185358000,-134448000,238145000,-62345000,110503000,130868000,67523000,None,10607000,-29643000,0,None,4542000,4216000,23285000,None,None,None,30.09,27.27
5,2019-03-31,USD,247989000,96678000,0,243279000,0,110706000,None,None,146601000,3121000,63028000,None,146601000,35377000,69355000,35889000,295243000,225888000,None,None,None,35889000,0,None,110712000,110706000,None,USD,23005652000,32527000,2781691000,85545000,19119888000,3882643000,None,None,1289000,1647626000,None,660789000,18176274000,607698000,18775528000,None,None,-5676000,647032000,707339000,2769602000,3189327000,2769602000,85545000,344360000,14096000,273143000,None,None,None,None,None,None,None,None,None,None,None,344360000,None,None,None,None,None,2239404000,None,None,None,129000000,USD,-241149000,0,-241149000,24012000,-90250000,418662000,538453000,89353000,110706000,317026000,139513000,None,10620000,-28281000,-1647000,None,-3577000,-67589000,27560000,None,None,None,28.98,30.09
6,2018-12-31,USD,245471000,94893000,70958000,245471000,0,115031000,0,0,153778000,3035000,57337000,None,150578000,37556000,209387000,38750000,292069000,228383000,0,0,0,38750000,3200000,0,115028000,115031000,None,USD,22388030000,35672000,2888281000,81968000,18614665000,3770330000,None,None,1286000,1565201000,216355000,660789000,17813688000,290672000,18270334000,None,None,-34105000,567189000,422411000,2888281000,3073869000,None,33600000,344331000,16171000,17938415000,None,None,None,None,None,None,None,None,None,None,None,439331000,None,None,None,None,None,2237948000,None,None,None,129000000,USD,-154283000,0,-597347000,4205000,63637000,152191000,115500000,33226000,115031000,-97094000,348062000,None,8823000,-27008000,5741000,None,None,10176000,34570000,None,None,None,22.83,28.98
7,2018-09-30,USD,202786000,98027000,98931000,202786000,0,74180000,0,0,99844000,3038000,62812000,None,104759000,35215000,0,None,None,None,0,0,0,25665000,-4915000,0,74179000,74180000,None,USD,22086539000,38817000,None,76091000,18429905000,3653596000,None,None,1286000,1477178000,210968000,660789000,17659927000,387766000,18085774000,396022000,396022000,-59251000,538523000,482327000,2706156000,2953990000,None,None,344131000,18470000,17822915000,None,None,None,None,None,None,None,None,None,None,None,None,None,None,None,None,None,None,None,None,None,129000000,USD,-114795000,0,-102787000,15483000,-127997000,-227798000,-74170000,1672000,74180000,-197586000,132999000,None,8758000,-25723000,None,8313000,None,52652000,19859000,None,None,None,37.96,22.83
8,2018-06-30,USD,242437000,89107000,58613000,242437000,0,114751000,0,0,153330000,3039000,57269000,None,153330000,31838000,0,None,None,None,0,0,0,38589000,0,0,114741000,114751000,None,USD,22220380000,41962000,None,71828000,18603438000,3613903000,None,None,1286000,1428721000,182571000,660789000,17680930000,585352000,18259507000,523782000,523782000,-46913000,540998000,677842000,2617859000,2911152000,None,None,343931000,20662000,17897085000,None,None,None,None,None,None,None,None,None,None,None,None,None,None,None,None,None,None,None,None,None,129000000,USD,-26352000,0,-218172000,-10236000,30600000,69157000,63414000,-30654000,114751000,-47521000,101494000,None,8903000,-25079000,None,8313000,None,11196000,14262000,None,None,None,45.04,37.96
9,2018-03-31,USD,240916000,93810000,45283000,240916000,0,113144000,0,0,147106000,3049000,59649000,None,172311000,32830000,0,None,None,None,0,0,0,33973000,0,0,113133000,113144000,None,USD,22039439000,705896000,None,69126000,18509785000,3526605000,None,None,1286000,1298141000,183165000,660789000,4341373000,632873000,18165912000,492948000,492948000,-40908000,532263000,723930000,2612961000,2820709000,None,None,343873000,21931000,17833672000,None,None,None,None,None,None,None,None,None,None,None,None,None,None,None,None,None,None,None,None,None,129000000,USD,-30163000,0,-608153000,-17662000,59366000,677879000,641326000,-896000,113144000,192485000,122759000,None,8956000,-24408000,5325000,8313000,None,6073000,18061000,None,None,None,48.27,45.04
10,2017-12-31,USD,678103000,-7481000,43547000,678103000,0,146164000,0,0,149587000,3020000,51891000,None,175226000,2944000,161162000,None,None,None,0,0,0,3433000,-12180000,0,55810000,146164000,None,USD,21275647000,709040000,None,64608000,17811859000,3460728000,None,None,1283000,1237601000,186164000,660789000,4341182000,440388000,17447840000,20773000,20773000,-12712000,519811000,755253000,2622796000,2751688000,None,224900000,364019000,25357000,17192345000,None,None,None,None,None,None,None,None,None,None,None,None,None,None,None,None,None,None,None,None,None,126000000,USD,-1144659000,0,-2630397000,-17586000,-15362000,1819945000,1617467000,-869000,146164000,-425972000,384480000,None,34070000,-88732000,None,12095000,None,163711000,38864000,None,None,None,48.45,48.27
11,2017-09-30,USD,234692000,340153000,39622000,234692000,0,96007000,0,0,150293000,40000,48926000,None,177220000,118347000,-45998000,None,None,None,0,0,0,54246000,0,0,366127000,96007000,None,USD,20768493000,712185000,None,48947000,17430683000,3334740000,None,None,1282000,1118828000,153293000,660789000,3473758000,1057312000,17046817000,454031000,454031000,-5626000,517561000,1134275000,1975102000,2622555000,None,None,383866000,28016000,16823359000,None,None,None,None,None,None,None,None,None,None,None,None,None,None,None,None,None,None,None,None,None,128000000,USD,120641000,0,-416472000,26401000,1581000,1491519000,1248478000,3935000,96007000,233259000,288653000,None,8545000,-65019000,1415000,11857000,2972000,-10817000,31315000,None,None,None,48.05,48.45
12,2017-06-30,USD,0,511508000,32155000,0,0,90532000,0,0,144015000,-23000,52829000,None,166541000,169562000,-2270000,None,None,None,0,0,0,53490000,0,0,540160000,90532000,None,USD,20064589000,715330000,None,None,16801436000,3260123000,None,None,1282000,1046539000,107783000,660789000,3587978000,None,None,None,None,None,516536000,None,None,None,None,None,383711000,34000000,16241440000,None,None,None,None,None,None,None,None,None,None,None,None,None,None,None,None,None,None,None,None,None,124000000,USD,None,None,None,16358000,None,929691000,666562000,None,90532000,None,200750000,None,None,-41935000,None,9442000,12739000,None,23148000,None,None,None,46.87,48.05
13,2017-03-31,USD,214896000,78268000,27932000,214896000,136628000,89188000,0,0,136628000,23000,78268000,None,136628000,-169562000,2270000,None,None,None,0,0,0,47417000,0,0,89211000,89188000,None,USD,19152212000,718475000,None,None,16275608000,2873317000,0,15713427000,1216000,982275000,98290000,660789000,2961330000,928765000,15713427000,None,None,-18067000,506520000,2436864000,14718698000,2154842000,1470568000,37531000,160671000,36899000,15713427000,2876604000,1907893000,1216000,0,982275000,-6857000,None,771655000,None,16715348000,None,160671000,401510000,562181000,None,None,None,1907893000,19152212000,2399333000,None,122000000,USD,-536428000,24036000,-214574000,329319000,15887000,134948000,138549000,None,89211000,62405000,142031000,-18571000,11223000,-20659000,1171000,7819000,14388000,21744000,7465000,14388000,None,62405000,52.01,46.87
14,2016-12-31,USD,215515000,78359000,30584000,215515000,137156000,87787000,0,0,137156000,59000,78359000,None,137156000,84781000,41844000,None,None,None,0,0,0,49310000,0,0,87846000,87787000,None,USD,18890142000,720950000,None,51919000,16095271000,2791607000,0,15574878000,1213000,914434000,72622000,660119000,2989420000,866360000,15574878000,20304000,20304000,-25920000,504086000,2389891000,14486574000,2070657000,1471612000,51919000,160145000,43702000,15574878000,0,1901880000,1213000,0,914434000,-6857000,None,788641000,None,16500251000,None,160145000,360248000,520393000,None,None,None,1901880000,18890142000,2337972000,None,105000000,USD,-1032230000,-5144000,-614550000,428396000,-5606000,429700000,450387000,-8006000,87845000,-103162000,81688000,-12820000,11478000,-19988000,4907000,0,0,19226000,10716000,-18897000,None,-103162000,52.59,52.01
15,2016-09-30,USD,197295000,78781000,26292000,197295000,118514000,76030000,0,0,118514000,14000,78781000,None,118514000,0,7315000,None,None,None,0,0,0,42470000,0,0,76044000,76030000,None,USD,18451783000,722153000,None,None,15692232000,2756346000,0,15123804000,1211000,846636000,115288000,657806000,2844986000,969522000,15123804000,None,None,13635000,503188000,2344438000,14089837000,2034193000,1341894000,33022000,160080000,44250000,15123804000,2759551000,1894864000,1211000,0,846636000,-6857000,None,792167000,None,16107345000,None,160080000,408348000,568428000,None,None,None,1894864000,18451783000,2311416000,None,115000000,USD,-612125000,2487000,-71497000,559760000,-207000000,142505000,363527000,None,76031000,162996000,91988000,-20885000,9633000,-14521000,499000,0,4833000,10118000,19132000,14590000,None,162996000,38.4,52.59
16,2016-06-30,USD,136937000,50928000,16725000,136937000,86009000,54474000,0,0,86009000,21000,50928000,None,86009000,0,2667000,None,None,None,0,0,0,31514000,0,0,54495000,54474000,None,USD,12279579000,149904000,None,None,10719467000,1556921000,0,10195072000,907000,800232000,88059000,126289000,1479379000,806526000,10195072000,None,None,15106000,305475000,1666181000,9664871000,1407017000,824399000,35256000,160015000,23328000,10195072000,1560112000,755782000,907000,0,785126000,-6857000,None,493148000,None,10613398000,None,160015000,364380000,524395000,None,None,None,755782000,12279579000,1630925000,None,91000000,USD,-771711000,-17440000,-604555000,175897000,-11765000,765383000,790775000,None,54474000,183765000,22937000,-19462000,5418000,-14061000,434000,0,0,1855000,8741000,-1929000,None,183765000,37.52,38.4
17,2016-03-31,USD,130365000,47686000,11241000,130365000,82679000,51688000,0,0,82679000,7000,47686000,None,82679000,0,9224000,None,None,None,0,0,0,30984000,0,0,51695000,51688000,None,USD,11427419000,150865000,None,None,9916169000,1508080000,0,9626825000,907000,744713000,63705000,125693000,1274630000,622761000,9626825000,None,None,10431000,299850000,1284034000,9207930000,1357215000,627946000,33327000,159756000,22248000,9626825000,1511250000,1511250000,907000,1511250000,744713000,-1511250000,None,484740000,None,10143385000,None,159756000,129588000,289344000,None,None,None,752029000,11427419000,1250707000,None,91000000,USD,-1086311000,12091000,-993643000,99250000,-162525000,1480101000,1655907000,None,51695000,531773000,45315000,-13984000,5065000,-13603000,322000,0,0,-1724000,6582000,-7828000,None,531773000,41.97,37.52
18,2015-12-31,USD,131848000,51646000,13370000,131848000,80202000,51400000,0,0,80202000,6000,51646000,None,80202000,60123000,32783000,None,None,None,0,0,0,28741000,-6564000,0,51461000,51455000,None,USD,9879459000,152340000,None,25499000,8411665000,1464631000,0,7971468000,906000,706628000,52172000,125442000,1195546000,90988000,7971468000,388025000,388025000,7959000,296238000,718835000,8273817000,1312291000,602348000,25499000,322225000,22870000,7971468000,1467794000,1467794000,906000,1467794000,706628000,-6857000,None,438229000,None,9160624000,None,322225000,117972000,440197000,None,None,None,755995000,9879459000,693336000,None,87000000,USD,-899398000,15881000,-801839000,102385000,180919000,487178000,212056000,13523000,51461000,-190636000,124025000,55598000,5613000,-12799000,107002000,548000,0,-7126000,4826000,2598000,None,-190636000,49.46,41.97
19,2015-09-30,USD,114944000,45428000,10678000,114944000,69516000,46131000,0,0,69516000,3000,45428000,None,69516000,0,-11561000,None,None,None,0,0,0,23385000,0,0,46131000,46128000,None,USD,9329216000,156756000,None,None,8011542000,1314517000,0,7606790000,883000,667972000,52116000,128132000,1378999000,281624000,7606790000,None,None,11721000,296433000,1106092000,7347763000,1157761000,796373000,28095000,279405000,24397000,7606790000,1317674000,1317674000,883000,1317674000,667972000,-1317674000,None,422172000,None,8223124000,None,279405000,125347000,404752000,None,None,None,633941000,9329216000,1077997000,None,88000000,USD,-688855000,-407000,-493672000,197441000,9420000,228183000,230628000,None,46131000,-233266000,32223000,-32904000,4467000,-12154000,289000,0,0,16063000,2258000,-1127000,None,-233266000,43.76,49.46
