,fiscalDateEnding,reportedCurrency_x,totalRevenue,totalOperatingExpense,costOfRevenue,grossProfit,ebit,netIncome_x,researchAndDevelopment,effectOfAccountingCharges,incomeBeforeTax,minorityInterest,sellingGeneralAdministrative,otherNonOperatingIncome,operatingIncome,otherOperatingExpense,interestExpense,taxProvision,interestIncome,netInterestIncome,extraordinaryItems,nonRecurring,otherItems,incomeTaxExpense,totalOtherIncomeExpense,discontinuedOperations,netIncomeFromContinuingOperations,netIncomeApplicableToCommonShares,preferredStockAndOtherAdjustments,reportedCurrency_y,totalAssets,intangibleAssets,earningAssets,otherCurrentAssets,totalLiabilities,totalShareholderEquity,deferredLongTermLiabilities,otherCurrentLiabilities,commonStock,retainedEarnings,otherLiabilities,goodwill,otherAssets,cash,totalCurrentLiabilities,shortTermDebt,currentLongTermDebt,otherShareholderEquity,propertyPlantEquipment,totalCurrentAssets,longTermInvestments,netTangibleAssets,shortTermInvestments,netReceivables,longTermDebt,inventory,accountsPayable,totalPermanentEquity,additionalPaidInCapital,commonStockTotalEquity,preferredStockTotalEquity,retainedEarningsTotalEquity,treasuryStock,accumulatedAmortization,otherNonCurrrentAssets,deferredLongTermAssetCharges,totalNonCurrentAssets,capitalLeaseObligations,totalLongTermDebt,otherNonCurrentLiabilities,totalNonCurrentLiabilities,negativeGoodwill,warrants,preferredStockRedeemable,capitalSurplus,liabilitiesAndShareholderEquity,cashAndShortTermInvestments,accumulatedDepreciation,commonStockSharesOutstanding,reportedCurrency,investments,changeInLiabilities,cashflowFromInvestment,otherCashflowFromInvestment,netBorrowings,cashflowFromFinancing,otherCashflowFromFinancing,changeInOperatingActivities,netIncome_y,changeInCash,operatingCashflow,otherOperatingCashflow,depreciation,dividendPayout,stockSaleAndPurchase,changeInInventory,changeInAccountReceivables,changeInNetIncome,capitalExpenditures,changeInReceivables,changeInExchangeRate,changeInCashAndCashEquivalents,clossingVal,nextClossingVal
0,2020-06-30,USD,249509000,272358000,201123000,48386000,87724000,20063000,None,None,24135000,3668000,8739000,None,-22849000,4942000,2264000,4723000,None,-2795000,None,None,None,4723000,49779000,None,19412000,20063000,None,USD,3295833000,None,None,None,902138000,2390027000,None,3157000,3128977000,-832436000,426682000,3057000,83092000,188117000,231289000,None,None,93486000,2448173000,702841000,58670000,2386970000,73449000,126787000,200000000,279312000,54229000,None,None,None,None,None,None,None,26021000,None,2592992000,36946000,None,None,670849000,None,None,None,None,None,None,None,None,USD,49328000,-12103000,49328000,-17086000,-62977000,-72070000,None,7218000,20063000,40290000,62750000,None,61325000,-10503000,None,33664000,None,-51977000,30338000,None,None,None,30.39,
1,2020-03-31,USD,358428000,336778000,308370000,50058000,57179000,-76807000,None,None,-24515000,4319000,6588000,None,21650000,3369000,3545000,52720000,-31825000,-4325000,None,None,None,52720000,-41840000,None,-77235000,-76807000,None,USD,3366044000,None,None,None,982949000,2378776000,None,7010000,3126898000,-841996000,427867000,3057000,75019000,147827000,250206000,None,None,93874000,2468689000,738175000,81104000,2375719000,91346000,135713000,260000000,325779000,62627000,None,None,None,None,None,None,None,26124000,None,2627869000,39230000,284088000,None,732743000,None,None,None,None,None,239173000,None,210000000,USD,-58480000,-7562000,-58480000,-541000,-19064000,-26633000,None,-2885000,-76807000,27263000,114051000,None,78149000,-10500000,2931000,8990000,None,72492000,55750000,None,None,None,14.33,30.39
2,2019-12-31,USD,404379000,334685000,305769000,98610000,135763000,21435000,None,None,47166000,4747000,10009000,None,69694000,6773000,4762000,25952000,28979000,-5744000,None,None,None,25952000,-16784000,None,21214000,21435000,None,USD,3461682000,None,None,1272000,993836000,2463099000,None,101281000,3123514000,-754689000,399368000,3057000,80486000,120564000,271670000,None,None,94274000,2504901000,788919000,84319000,2460042000,117776000,168753000,275000000,346507000,66924000,None,None,None,None,None,None,None,26139000,None,2672763000,41208000,302010000,27754000,722166000,None,None,None,None,None,238340000,None,202000000,USD,-51547000,3591000,-51547000,518000,-45726000,-51902000,-10000,-9773000,21435000,25851000,129473000,None,83835000,-7337000,2781000,-9729000,20657000,-23176000,50319000,None,None,None,23.69,14.33
3,2019-09-30,USD,352187000,306681000,288337000,63850000,134658000,37657000,None,None,66808000,4968000,8237000,None,45506000,1506000,5179000,29089000,30960000,-5538000,None,None,None,29089000,26840000,None,37719000,37657000,None,USD,3456131000,None,None,175000,1005900000,2445263000,None,82514000,3119472000,-768777000,380616000,3057000,78696000,94713000,260537000,None,None,94568000,2584684000,719809000,69885000,2442206000,82310000,168882000,315000000,328743000,76198000,None,None,None,None,None,None,None,26331000,None,2736322000,45492000,343959000,None,745363000,None,None,None,None,None,177023000,None,210000000,USD,-47515000,9225000,-47515000,1352000,-24674000,-31245000,-653000,438000,37657000,2492000,81948000,None,62671000,-7334000,1610000,-4356000,-20201000,-6204000,49891000,None,None,None,15.68,23.69
4,2019-06-30,USD,282948000,267695000,246808000,36140000,75337000,18371000,None,None,12802000,5541000,7571000,None,15253000,1651000,4922000,8937000,7872000,-5446000,None,None,None,8937000,2995000,1929000,3865000,18371000,None,USD,3422095000,None,None,408136000,1003166000,2413388000,None,30934000,3117651000,-799082000,360050000,3057000,58764000,92221000,257095000,None,None,94819000,2240212000,1050185000,69877000,2410331000,46594000,173856000,335000000,283320000,82142000,None,None,None,None,None,None,None,24992000,None,2371910000,43758000,365233000,None,746071000,None,None,None,None,None,138815000,None,210000000,USD,-69338000,-17454000,-69338000,363000,-4880000,-12278000,-261000,534000,18371000,1673000,83518000,None,57613000,-7331000,194000,26008000,11052000,-17048000,66264000,None,None,None,12.91,15.68
5,2019-03-31,USD,253699000,228220000,237929000,15770000,94412000,2783000,None,None,10610000,5674000,9382000,None,1278000,1594000,2008000,7290000,12009000,-2682000,-1929000,None,None,7290000,41290000,-1929000,35741000,2783000,None,USD,3415758000,None,None,412369000,1013999000,2401759000,None,33713000,3117124000,-715366000,365115000,3057000,36082000,90548000,272655000,13334000,13334000,94757000,2236674000,1044364000,69727000,2398702000,31011000,181866000,335000000,296108000,89963000,None,None,None,None,None,None,None,24723000,None,2371394000,28101000,349767000,None,735670000,None,None,None,None,None,121559000,None,177000000,USD,-233768000,-38889000,-233768000,-192890000,206010000,198680000,-261000,86000,33812000,-47962000,-12911000,None,49334000,-7330000,None,10830000,-9963000,-59626000,40878000,None,None,None,13.25,12.91
6,2018-12-31,USD,173357000,210599000,140778000,32579000,-37242000,-63809000,0,0,-57539000,5137000,5450000,None,-37242000,-3640000,-7668000,None,None,None,0,0,0,6038000,-20297000,-1929000,-63577000,-63809000,None,USD,1937476000,None,None,15040000,424127000,1508212000,None,58315000,2321498000,-836067000,251491000,3057000,14477000,138510000,150528000,None,None,22781000,1301002000,548374000,70566000,1505155000,74004000,94799000,20788000,214465000,52201000,None,None,None,None,None,None,None,None,None,None,None,1320000,None,None,None,None,None,None,None,212514000,None,154000000,USD,-10020000,5696000,-51029000,1289000,-2223000,-8747000,-1158000,-2228000,-63809000,-47914000,11930000,None,66133000,-5366000,1081000,-8098000,-267000,14503000,42302000,None,None,None,14.6,13.25
7,2018-09-30,USD,187717000,201187000,154249000,33468000,-13470000,-9460000,0,0,-17149000,4904000,5675000,None,-13470000,375000,-118000,None,None,None,0,0,0,-7915000,-3679000,-1929000,-9234000,-9460000,None,USD,2004187000,3057000,None,2828000,422585000,1576698000,None,61572000,2319801000,-765733000,244266000,3057000,16470000,186424000,155445000,None,None,22630000,1314881000,599031000,70748000,1573641000,66233000,111916000,20788000,220014000,43634000,None,None,None,None,None,None,None,None,None,None,None,None,None,None,None,None,None,None,None,None,None,153000000,USD,-3520000,7574000,-35299000,1478000,-2171000,-7389000,-306000,-622000,-9460000,-979000,41699000,None,39511000,-5367000,None,-2859000,91000,7464000,33555000,None,None,None,14.76,14.6
8,2018-06-30,USD,216460000,171641000,123983000,92477000,44819000,36187000,0,0,53210000,4934000,5566000,None,44819000,2589000,-118000,None,None,None,0,0,0,16514000,8391000,-1929000,36696000,36187000,None,USD,2030025000,3057000,None,19464000,434220000,1590871000,None,60571000,2319226000,-750856000,260336000,3057000,17927000,187403000,150462000,30488000,30488000,22501000,1324275000,613558000,71208000,1587814000,62845000,94714000,20788000,237040000,42927000,None,None,None,None,None,None,None,None,None,None,None,None,None,None,None,None,None,None,None,None,None,154000000,USD,-6851000,851000,-39903000,1478000,-1977000,-6917000,-254000,-707000,36187000,20121000,66949000,None,39249000,-5185000,None,5569000,2059000,-16259000,43426000,None,None,None,17.9,14.76
9,2018-03-31,USD,206961000,159944000,117299000,89662000,47017000,47376000,0,0,54666000,4679000,5958000,None,47017000,-595000,-135000,None,None,None,0,0,0,6510000,7649000,0,48156000,47376000,None,USD,1995701000,3057000,None,16975000,432001000,1559021000,None,68690000,2318418000,-781858000,254891000,3057000,3902000,167282000,153471000,30805000,30805000,22461000,1331358000,602208000,55176000,1555964000,57560000,111602000,20788000,235819000,43120000,None,None,None,None,None,None,None,None,None,None,None,None,None,None,None,None,None,None,None,None,None,154000000,USD,-5163000,-6068000,-32941000,-318000,-4540000,-10081000,-302000,-2885000,47376000,-8671000,34400000,None,36177000,-5366000,127000,-6740000,4373000,-37833000,32565000,None,None,None,16.15,17.9
10,2017-12-31,USD,226031000,654124000,86952000,313863000,175864000,48892000,0,0,88872000,772000,9001000,None,94345000,7897000,860000,None,None,None,0,-41799000,0,39208000,25514000,0,157697000,48892000,None,USD,1993332000,3057000,None,36802000,472281000,1516850000,183245000,97815000,2318252000,-825470000,114514000,3057000,61179000,175953000,184714000,31347000,31347000,24068000,1336683000,595470000,55017000,1513793000,51590000,112410000,1825000,218715000,52034000,None,None,None,None,None,None,None,None,None,None,None,None,None,None,None,None,None,None,None,None,None,153000000,USD,-16740000,2569000,-177821000,-304000,-37742000,-51502000,-1052000,-11610000,48892000,-4928000,224559000,None,95019000,-15314000,2606000,10898000,9852000,-3160000,162451000,None,None,None,15.56,16.15
11,2017-09-30,USD,190791000,191538000,116277000,27077000,-8643000,17256000,0,0,28320000,570000,11243000,None,33184000,-639000,1011000,None,None,None,0,0,0,10494000,7830000,0,-30357000,17256000,None,USD,1908822000,3057000,None,27530000,436848000,1468291000,None,98002000,2316416000,-870472000,111744000,3057000,61633000,135994000,165706000,28307000,28307000,22347000,1271814000,575375000,54758000,1465234000,50289000,119008000,2344000,242554000,42773000,None,None,None,None,None,None,None,None,None,None,None,None,None,None,None,None,None,None,None,None,None,153000000,USD,-14970000,7961000,-44857000,1861000,-39975000,-43720000,-314000,-2526000,17256000,-24914000,145268000,None,31985000,-11484000,85000,-9461000,576000,7637000,125978000,None,None,None,17.05,15.56
12,2017-06-30,USD,201319000,-356882000,122327000,-108011000,-37860000,35472000,0,0,37502000,539000,9727000,None,37070000,5329000,-1516000,None,None,None,0,0,0,1491000,-8011000,0,-23839000,35472000,None,USD,1921813000,3057000,None,31608000,463824000,1454876000,None,86577000,2316341000,-883898000,110850000,3057000,65819000,160908000,154377000,67533000,67533000,22433000,1272052000,583942000,51800000,1451819000,37283000,123657000,39397000,230486000,45629000,None,None,None,None,None,None,None,None,None,None,None,None,None,None,None,None,None,None,None,None,None,153000000,USD,-15919000,-460000,-63243000,626000,1504000,-2469000,-557000,-2223000,35472000,-22701000,81475000,None,32195000,-7654000,414000,3553000,-8785000,-16558000,93979000,None,None,None,16.82,17.05
13,2017-03-31,USD,198687000,173380000,136459000,62228000,25307000,19371000,0,0,27791000,579000,9283000,None,22099000,-1715000,897000,None,None,None,0,0,0,7841000,2484000,0,19950000,19371000,None,USD,1901269000,3057000,None,84967000,475198000,1422940000,None,86889000,2315550000,-915540000,110340000,3057000,64581000,183609000,158480000,64563000,64563000,22930000,1255231000,581457000,50946000,1419883000,21815000,136997000,39632000,226407000,50018000,None,None,None,None,None,None,None,None,None,None,None,None,None,None,None,None,None,None,None,None,None,153000000,USD,14852000,-1505000,-32929000,-3139000,-927000,-2853000,-181000,-1364000,19371000,2728000,38569000,None,30846000,-3824000,2079000,288000,385000,-9452000,44687000,None,None,None,17.52,16.82
14,2016-12-31,USD,190596000,618658000,118608000,314834000,156117000,21777000,0,0,43143000,507000,8660000,None,39206000,7765000,1640000,None,None,None,0,11334000,0,20859000,20154000,0,101825000,21777000,None,USD,1898141000,3057000,None,39099000,499137000,1396298000,182424000,104860000,2303978000,-931060000,104246000,3057000,62561000,180881000,184286000,64089000,64089000,23380000,1222727000,612853000,49734000,1393241000,36729000,118815000,39742000,237329000,49956000,None,None,None,None,None,None,None,None,None,None,None,None,None,None,None,None,None,None,None,None,None,153000000,USD,56870000,13722000,-139897000,-10425000,-22583000,-28218000,-428000,-9669000,21777000,46918000,214804000,None,120318000,-7606000,2399000,19527000,-29125000,-54000,202661000,None,None,None,15.07,17.52
15,2016-09-30,USD,233646000,0,111354000,0,0,42766000,0,0,79403000,674000,9535000,None,77479000,0,995000,None,None,None,0,0,0,35963000,0,0,0,42766000,None,USD,1861588000,3057000,None,75866000,482487000,1376795000,None,99890000,2302378000,None,101340000,3057000,49595000,209565000,182001000,None,None,None,1195829000,None,None,None,35708000,None,39203000,228967000,46975000,None,None,None,None,None,None,None,None,None,None,None,None,None,None,None,None,None,None,None,None,None,153000000,USD,None,8185000,None,None,None,None,None,None,42766000,None,169136000,None,None,-5703000,None,13564000,None,None,146184000,None,None,None,17.62,15.07
16,2016-06-30,USD,192258000,0,117773000,0,0,33804000,0,0,47750000,422000,9786000,None,33871000,0,1474000,None,None,None,0,0,0,13524000,0,0,0,33804000,None,USD,1760747000,3057000,None,74325000,425602000,1333406000,None,75856000,2300382000,None,83948000,3057000,21883000,149902000,161813000,None,None,None,1177758000,None,None,None,54283000,None,39440000,218275000,48514000,None,None,None,None,None,None,None,None,None,None,None,None,None,None,None,None,None,None,None,None,None,152000000,USD,None,704000,None,None,None,None,None,None,33804000,None,66790000,None,None,-3800000,None,5875000,None,None,97667000,None,None,None,16.45,17.62
17,2016-03-31,USD,158275000,0,112206000,0,0,1738000,0,0,5975000,137000,7016000,None,8963000,0,1079000,None,None,None,0,0,0,4100000,0,0,0,1738000,None,USD,1710703000,3057000,None,82635000,410440000,1298732000,None,68220000,2299358000,None,79549000,3057000,18569000,120387000,149780000,None,None,None,1158688000,None,None,None,57231000,None,38778000,205897000,48939000,None,None,None,None,None,None,None,None,None,None,None,None,None,None,None,None,None,None,None,None,None,152000000,USD,None,None,None,None,None,None,None,None,1738000,None,771000,None,None,-1900000,None,4366000,None,None,44900000,None,None,None,10.87,16.45
18,2015-12-31,USD,162960000,850071000,255326000,118756000,-175383000,-226650000,0,0,-235755000,1394000,8210000,None,-175383000,8325000,1719000,None,None,None,0,162208000,0,-4199000,-60372000,0,-231556000,-226650000,None,USD,1715037000,3057000,None,19250000,416421000,1297222000,142127000,69126000,2298390000,-1023539000,76395000,3057000,17652000,133963000,159940000,80563000,80563000,22371000,1145221000,552164000,1450000,1294165000,92678000,114414000,37959000,204361000,55517000,None,None,None,None,None,None,None,None,None,None,None,None,None,None,None,None,None,None,None,None,None,152000000,USD,91296000,-26750000,-52392000,2400000,-5588000,-47836000,-545000,-4336000,-226650000,-12230000,88692000,None,259086000,-41703000,2399000,23412000,27514000,36416000,146735000,None,None,None,6.5,10.87
19,2015-09-30,USD,159414000,0,177444000,0,0,0,0,0,0,-23000,5011000,None,0,0,640000,None,None,None,0,0,0,0,0,0,0,0,None,USD,1875807000,3057000,None,84593000,434518000,1435845000,None,64260000,2296845000,None,75519000,3057000,20268000,155299000,198890000,None,None,None,1236550000,None,None,None,110794000,None,247000,216246000,64701000,None,None,None,None,None,None,None,None,None,None,None,None,None,None,None,None,None,None,None,None,None,152000000,USD,None,None,None,2620000,None,None,None,None,None,None,65291000,None,None,-34124000,None,16816000,7488000,None,93030000,None,None,None,6.35,6.5
