,fiscalDateEnding,reportedCurrency_x,totalRevenue,totalOperatingExpense,costOfRevenue,grossProfit,ebit,netIncome_x,researchAndDevelopment,effectOfAccountingCharges,incomeBeforeTax,minorityInterest,sellingGeneralAdministrative,otherNonOperatingIncome,operatingIncome,otherOperatingExpense,interestExpense,taxProvision,interestIncome,netInterestIncome,extraordinaryItems,nonRecurring,otherItems,incomeTaxExpense,totalOtherIncomeExpense,discontinuedOperations,netIncomeFromContinuingOperations,netIncomeApplicableToCommonShares,preferredStockAndOtherAdjustments,reportedCurrency_y,totalAssets,intangibleAssets,earningAssets,otherCurrentAssets,totalLiabilities,totalShareholderEquity,deferredLongTermLiabilities,otherCurrentLiabilities,commonStock,retainedEarnings,otherLiabilities,goodwill,otherAssets,cash,totalCurrentLiabilities,shortTermDebt,currentLongTermDebt,otherShareholderEquity,propertyPlantEquipment,totalCurrentAssets,longTermInvestments,netTangibleAssets,shortTermInvestments,netReceivables,longTermDebt,inventory,accountsPayable,totalPermanentEquity,additionalPaidInCapital,commonStockTotalEquity,preferredStockTotalEquity,retainedEarningsTotalEquity,treasuryStock,accumulatedAmortization,otherNonCurrrentAssets,deferredLongTermAssetCharges,totalNonCurrentAssets,capitalLeaseObligations,totalLongTermDebt,otherNonCurrentLiabilities,totalNonCurrentLiabilities,negativeGoodwill,warrants,preferredStockRedeemable,capitalSurplus,liabilitiesAndShareholderEquity,cashAndShortTermInvestments,accumulatedDepreciation,commonStockSharesOutstanding,reportedCurrency,investments,changeInLiabilities,cashflowFromInvestment,otherCashflowFromInvestment,netBorrowings,cashflowFromFinancing,otherCashflowFromFinancing,changeInOperatingActivities,netIncome_y,changeInCash,operatingCashflow,otherOperatingCashflow,depreciation,dividendPayout,stockSaleAndPurchase,changeInInventory,changeInAccountReceivables,changeInNetIncome,capitalExpenditures,changeInReceivables,changeInExchangeRate,changeInCashAndCashEquivalents,clossingVal,nextClossingVal
0,2020-06-30,USD,17077000,40601000,10464000,6613000,-20814000,-23086000,15010000,None,-23086000,None,15127000,438000,-23524000,-17077000,0,None,None,0,None,None,None,None,438000,None,-23086000,-23086000,None,USD,213648000,None,None,2862000,172256000,41392000,None,2188000,154000,-1088096000,1531000,None,3541000,43342000,130862000,None,None,243000,59168000,150939000,None,41392000,76621000,11346000,None,16768000,7436000,None,None,154000,None,-1088096000,None,None,3541000,None,62709000,43966000,None,41394000,41394000,None,None,None,1129091000,213648000,119963000,None,154318000,USD,-2859000,2962000,-2859000,None,None,628000,None,-4608000,-23086000,-26020000,-23789000,233000,2272000,None,628000,-448000,-4021000,3140000,319000,-4021000,None,-26020000,3.45,
1,2020-03-31,USD,15598000,48307000,8110000,7488000,3895000,1262000,15250000,None,1262000,None,24947000,238000,-32709000,-15598000,267000,None,-267000,-267000,None,None,None,None,34238000,None,1262000,1262000,None,USD,234764000,None,None,3490000,174361000,60403000,None,714000,154000,-1065010000,1484000,None,4040000,68862000,131974000,None,None,30000,61194000,169530000,None,60403000,73729000,7325000,None,16124000,4223000,None,None,154000,None,-1065010000,None,None,4040000,None,65234000,44870000,None,42387000,42387000,None,None,None,1125229000,234764000,142591000,None,153953000,USD,-54327000,92901000,-54327000,-54210000,-16000000,18199000,34000000,4221000,1262000,39235000,75363000,96750000,2366000,None,199000,-3374000,7909000,-30051000,117000,7909000,None,39235000,3.06,3.45
2,2019-12-31,USD,27930000,45847000,14998000,12932000,3098000,-91000,14273000,None,-91000,None,16576000,504000,-17917000,-27930000,678000,None,-678000,-678000,None,None,None,None,18504000,None,-91000,-91000,None,USD,147985000,None,None,3369000,93068000,54917000,None,1482000,153000,-1066240000,1951000,None,4042000,29627000,49153000,15871000,15871000,5000,62897000,81046000,None,54917000,19472000,15266000,15871000,13312000,8368000,None,None,153000,None,-1066240000,None,None,4042000,None,66939000,45801000,None,43915000,43915000,None,None,None,1120999000,147985000,49099000,None,153119000,USD,-3408000,2006000,-3408000,64883000,-16000000,18131000,18000000,-5118000,-91000,-3457000,-18180000,824000,2511000,None,131000,1660000,-5300000,-14173000,141000,-5300000,None,-3457000,5.14,3.06
3,2019-09-30,USD,21915000,50029000,15001000,6914000,-25897000,-29123000,14962000,None,-29123000,None,20066000,-345000,-28114000,-21915000,664000,None,-664000,-664000,None,None,None,None,-345000,None,-29123000,-29123000,None,USD,146110000,None,None,2704000,95096000,51014000,None,1110000,153000,-1066149000,1435000,None,4041000,33084000,50693000,15546000,15546000,11000,65128000,76941000,None,51014000,16120000,9966000,None,15067000,8111000,None,None,153000,None,-1066149000,None,None,4041000,None,69169000,46692000,None,44403000,44403000,None,None,None,1116999000,146110000,49204000,None,153031000,USD,19659000,422000,19659000,68150000,-16000000,327000,18000000,52000,-29123000,2726000,-17260000,-2369000,2562000,None,327000,2295000,2157000,4062000,829000,2157000,None,2726000,5.16,5.14
4,2019-06-30,USD,24621000,49001000,15008000,9613000,-21526000,-24596000,14910000,None,-24596000,None,19083000,428000,-24380000,-24621000,644000,None,-644000,-644000,None,None,None,None,428000,None,-24596000,-24596000,None,USD,170582000,None,None,2538000,94828000,75754000,None,1764000,153000,-1037026000,1454000,None,4041000,30358000,49453000,15233000,15233000,17000,33457000,98909000,None,75754000,36486000,12123000,None,17404000,8011000,None,None,153000,None,-1037026000,None,None,4041000,None,71673000,47552000,None,45375000,45375000,None,None,None,1112610000,170582000,66844000,None,152959000,USD,7812000,2219000,7812000,47662000,-16000000,1400000,18000000,3910000,-24596000,-8347000,-17559000,1901000,2426000,None,1400000,1848000,-4844000,4089000,613000,-4844000,None,-8347000,6.05,5.16
5,2019-03-31,USD,16425000,35251000,11308000,5117000,-29699000,-30324000,15485000,None,-30324000,None,19766000,435000,-30134000,-16425000,625000,None,-625000,-625000,None,None,None,None,435000,None,-30324000,-30324000,None,USD,185577000,None,None,2787000,90727000,94850000,None,10261000,153000,-1012430000,769000,None,4565000,38205000,45097000,14938000,14938000,6000,33613000,112588000,None,94850000,44667000,7279000,44861000,19650000,19898000,None,None,153000,None,-1012430000,None,None,39376000,None,72989000,48382000,None,45630000,45630000,None,None,None,1107121000,185577000,82872000,None,152672000,USD,39237000,-951000,37984000,39237000,None,6690000,18000000,-2939000,-30324000,19361000,-25313000,510000,1659000,None,6690000,-1888000,1316000,4365000,1253000,1316000,None,19361000,7.23,6.05
6,2018-12-31,USD,19526000,36369000,13780000,5746000,-30171000,-30799000,16263000,0,-30799000,0,20106000,452000,-30623000,-19526000,628000,None,None,None,0,0,0,0,-4876000,0,-30799000,-30799000,None,USD,170275000,None,None,2832000,56214000,114061000,14671000,7325000,150000,-982106000,14671000,None,4543000,18844000,26884000,None,None,-36000,34073000,131659000,None,114061000,83510000,8595000,14659000,17878000,19559000,None,None,150000,None,-982106000,None,None,4543000,None,38616000,None,14659000,None,29330000,None,None,None,1096053000,170275000,102354000,None,150244000,USD,-5455000,5019000,-5513000,-36561000,None,5279000,None,2834000,-30799000,-19219000,-18985000,-827000,1296000,None,5279000,609000,-2191000,7908000,58000,-2191000,None,-19219000,7.4,7.23
7,2018-09-30,USD,18160000,27862000,14968000,3192000,-24428000,-25044000,14356000,0,-25044000,0,13506000,242000,-24670000,-18160000,616000,None,None,None,0,0,0,0,-374000,0,-25044000,-25044000,None,USD,182906000,0,None,2028000,51026000,131880000,14993000,6385000,149000,-951307000,14993000,0,4543000,38063000,21649000,None,None,-24000,34490000,143873000,None,131880000,77684000,6404000,14384000,19694000,15264000,0,0,149000,0,-951307000,0,None,4543000,None,39033000,None,14384000,None,29377000,None,None,None,1083062000,182906000,115747000,None,148894000,USD,-37248000,-944000,-37344000,0,None,66524000,None,-1870000,-25044000,15005000,-14175000,200000,2088000,0,66524000,3574000,1042000,4909000,96000,1042000,None,15005000,5.41,7.4
8,2018-06-30,USD,21578000,30607000,12716000,8862000,-21942000,-22540000,15664000,0,-22540000,0,14943000,-197000,-21745000,-21578000,598000,None,None,None,0,0,0,0,-795000,0,-22540000,-22540000,None,USD,137058000,0,None,2035000,51584000,85474000,15199000,7160000,132000,-926263000,15199000,0,4543000,23058000,22264000,14121000,14121000,-16000,36103000,96412000,None,85474000,40433000,7446000,14121000,23440000,15104000,0,0,132000,0,-926263000,0,None,4543000,None,40646000,None,14121000,None,29320000,None,None,None,1011621000,137058000,63491000,None,131888000,USD,13547000,-2302000,12191000,0,None,-94000,None,1164000,-22540000,-2400000,-14497000,25000,2058000,0,-94000,2160000,1006000,5096000,1356000,1006000,None,-2400000,3.55,5.41
9,2018-03-31,USD,19362000,31245000,12066000,7296000,-23598000,-24179000,16311000,0,-24179000,0,14934000,351000,-23949000,-19362000,581000,None,None,None,0,0,0,0,-230000,0,-24179000,-24179000,None,USD,156949000,0,None,2057000,54211000,102738000,15391000,6138000,132000,-903723000,15391000,0,4546000,25458000,24948000,13872000,13872000,-38000,36704000,115699000,None,102738000,53802000,8452000,13872000,25930000,18810000,0,0,132000,0,-903723000,0,None,4546000,None,41250000,None,13872000,None,29263000,None,None,None,1006367000,156949000,79260000,None,131872000,USD,-7405000,-4279000,-7749000,0,None,35473000,None,-2718000,-24179000,8951000,-18773000,312000,2039000,0,35473000,-2720000,4981000,5073000,344000,4981000,None,8951000,2.05,3.55
10,2017-12-31,USD,24935000,30023000,15441000,9494000,-20138000,-20762000,15626000,0,-20762000,0,14397000,391000,-20529000,0,624000,None,None,None,0,0,0,0,-2405000,0,-20762000,-20762000,None,USD,144084000,0,None,2249000,57981000,86103000,15711000,6924000,116000,-879733000,15711000,0,4545000,16507000,28635000,13635000,13635000,-32000,37920000,101619000,None,86103000,46365000,13433000,13635000,23065000,21711000,0,0,116000,0,-879733000,0,None,4545000,None,42465000,None,13635000,None,29346000,None,None,None,965752000,144084000,62872000,None,116277000,USD,11701000,1575000,10680000,39000,-4500000,96000,None,4697000,-20762000,-9424000,-20200000,442000,2082000,0,52626000,-4415000,-2012000,5414000,1060000,-4536000,None,-9424000,2.64,2.05
11,2017-09-30,USD,23545000,29796000,15318000,8227000,-21388000,-22021000,15844000,0,-22021000,0,13952000,181000,-21569000,0,633000,None,None,None,0,0,0,0,0,0,-22021000,-22021000,None,USD,157904000,0,None,2548000,56496000,101408000,15748000,7579000,116000,-858971000,15748000,0,4688000,25931000,30292000,2907000,2907000,-2000,39605000,113611000,None,101408000,58034000,8897000,10456000,18201000,19806000,0,0,116000,0,-858971000,0,None,4688000,None,44293000,None,10456000,None,26204000,None,None,None,960265000,157904000,83965000,None,116239000,USD,8150000,-2795000,4883000,-10000,None,2408000,-179000,-3325000,-22021000,-10547000,-17838000,993000,2072000,0,2587000,-1787000,2524000,5072000,3257000,628000,None,-10547000,5.25,2.64
12,2017-06-30,USD,20073000,32388000,12072000,8001000,-24713000,-25539000,16883000,0,-25539000,0,15505000,-326000,-24387000,0,826000,None,None,None,0,0,0,0,0,0,-25539000,-25539000,None,USD,177905000,0,None,3545000,62045000,115860000,15910000,8697000,116000,-836950000,15910000,0,4684000,36478000,35694000,2643000,13084000,-16000,40289000,132932000,None,115860000,66118000,9525000,10441000,17266000,24354000,0,0,116000,0,-836950000,0,None,4684000,None,44973000,None,10441000,None,26351000,None,None,None,952710000,177905000,102596000,None,115562000,USD,-39156000,2865000,-42592000,12000,-4500000,62897000,52709000,7800000,-25539000,7496000,-12809000,2991000,2322000,0,14688000,-2091000,1896000,5727000,3448000,916000,None,7496000,3.56,5.25
13,2017-03-31,USD,24915000,32236000,15978000,8937000,-23029000,-23867000,16971000,0,-23867000,0,15265000,270000,-23299000,0,838000,None,None,None,0,0,0,0,0,0,-23867000,-23867000,None,USD,135508000,0,None,6501000,66323000,69185000,15840000,6850000,94000,-811411000,17581000,0,4719000,28982000,35440000,3123000,3123000,-3000,42449000,88340000,None,69185000,27068000,10441000,13302000,15348000,25467000,0,0,94000,0,-811411000,0,None,4719000,None,47168000,None,13302000,1741000,30883000,None,None,None,880505000,135508000,56050000,None,93540000,USD,28148000,-5020000,25480000,0,-4500000,3408000,None,3377000,-23867000,12217000,-16671000,3377000,3169000,0,3408000,-149000,980000,4839000,2668000,980000,None,12217000,5.17,3.56
14,2016-12-31,USD,25722000,29248000,14348000,11374000,-18191000,-19030000,16255000,0,-19030000,0,12993000,-317000,-17874000,0,839000,None,None,None,0,0,0,0,-3131000,0,-19030000,-19030000,None,USD,137884000,0,None,9978000,53216000,84668000,1653000,8811000,93000,-787544000,1636000,0,14313000,16765000,33774000,17770000,17770000,5000,14560000,109011000,None,84668000,55213000,11421000,16106000,15634000,24963000,0,0,93000,0,-787544000,0,None,14313000,None,28873000,None,16106000,1683000,19442000,None,None,None,872114000,137884000,71978000,None,92677000,USD,9323000,1763000,6672000,0,-4500000,200000,None,2588000,-19030000,-6029000,-12901000,-3226000,1365000,0,200000,928000,-6176000,4959000,2651000,340000,None,-6029000,3.8,5.17
15,2016-09-30,USD,25118000,29373000,12480000,12638000,-16673000,-17494000,17479000,0,-17494000,0,11894000,62000,-16735000,0,821000,None,None,None,0,0,0,0,0,0,-17494000,-17494000,None,USD,150635000,0,None,6900000,51955000,98680000,2450000,7313000,93000,-768514000,2455000,0,14165000,22794000,32106000,3123000,3123000,23000,14003000,122467000,None,98680000,64539000,11761000,15794000,16473000,24793000,0,0,93000,0,-768514000,0,None,14165000,None,28168000,None,15794000,1605000,19849000,None,None,None,867078000,150635000,87333000,None,92605000,USD,13166000,-2796000,10865000,0,-4500000,3027000,None,2020000,-17494000,-1984000,-15876000,2020000,1297000,0,3027000,-2588000,6516000,5019000,2301000,-1334000,None,-1984000,8.96,3.8
16,2016-06-30,USD,20747000,28714000,10103000,10644000,-17704000,-18499000,17522000,0,-18499000,0,11192000,366000,-18070000,0,795000,None,None,None,0,0,0,0,0,0,-18499000,-18499000,None,USD,161371000,0,None,10957000,53302000,108069000,2461000,12089000,91000,-751020000,2493000,0,12128000,24778000,33813000,3123000,3123000,52000,11188000,138055000,None,108069000,77692000,10427000,15496000,14201000,21724000,0,0,91000,0,-751020000,0,None,12128000,None,23316000,None,15496000,1532000,19489000,None,None,None,858946000,161371000,102470000,None,90687000,USD,-6261000,1971000,-9160000,-101000,None,32743000,None,-3705000,-18499000,4698000,-18885000,-3705000,1255000,0,32743000,-2372000,5182000,4782000,2798000,-2317000,None,4698000,7.035,8.96
17,2016-03-31,USD,19127000,28069000,9623000,9504000,-18573000,-19352000,16361000,0,-19352000,0,11708000,-8000,-18565000,0,779000,None,None,None,0,0,0,0,0,0,-19352000,-19352000,None,USD,140175000,0,None,7351000,51399000,88776000,2711000,15075000,87000,-732521000,2673000,0,12029000,20080000,32010000,None,None,41000,9093000,119053000,None,88776000,71451000,8009000,15216000,12162000,16935000,0,0,87000,0,-732521000,0,None,12029000,None,21122000,None,15216000,1462000,19389000,None,None,None,821169000,140175000,91531000,None,86986000,USD,-22895000,-6411000,-23241000,111000,None,29959000,None,None,-19352000,-13549000,-20267000,4709000,1116000,0,29959000,-2119000,2865000,4655000,457000,-2865000,None,-13549000,8.5,7.035
18,2015-12-31,USD,36281000,27528000,9815000,26466000,-636000,-1409000,14752000,0,-1409000,0,12776000,426000,-1062000,0,773000,None,None,None,0,0,0,0,20481000,0,-1409000,-1409000,None,USD,131107000,0,None,12071000,57567000,73540000,3055000,17878000,80000,-713169000,3041000,0,12018000,33629000,38178000,16334000,16334000,-7000,8548000,110541000,None,73540000,48641000,5245000,14948000,10955000,20300000,0,0,80000,0,-713169000,0,None,12018000,None,20566000,None,14948000,1386000,19389000,None,None,None,786636000,131107000,82270000,None,79983000,USD,-17076000,-387000,-22430000,-4476000,-4500000,29565000,None,-12796000,-1409000,6421000,-714000,-2479000,1241000,0,29565000,-476000,-1738000,3776000,878000,-980000,None,6421000,13.13,8.5
19,2015-09-30,USD,13917000,3937000,7366000,6551000,2562000,1821000,16162000,0,1821000,0,10818000,-52000,2614000,-23043000,741000,None,None,None,0,0,0,0,0,0,1821000,1821000,None,USD,99777000,0,None,11513000,58407000,41370000,3522000,21315000,76000,-711760000,4845000,0,5715000,27208000,38754000,None,None,6000,7855000,86207000,None,41370000,31701000,4164000,14808000,11621000,17439000,0,0,76000,0,-711760000,0,None,5715000,None,13570000,None,14808000,1323000,19653000,None,None,None,753048000,99777000,58909000,None,75705000,USD,15020000,-1869000,14567000,6000,None,2481000,None,None,1821000,1278000,-15770000,-18536000,1094000,0,2481000,-1347000,758000,3281000,459000,-214000,None,1278000,3.66,13.13
