,fiscalDateEnding,reportedCurrency_x,totalRevenue,totalOperatingExpense,costOfRevenue,grossProfit,ebit,netIncome_x,researchAndDevelopment,effectOfAccountingCharges,incomeBeforeTax,minorityInterest,sellingGeneralAdministrative,otherNonOperatingIncome,operatingIncome,otherOperatingExpense,interestExpense,taxProvision,interestIncome,netInterestIncome,extraordinaryItems,nonRecurring,otherItems,incomeTaxExpense,totalOtherIncomeExpense,discontinuedOperations,netIncomeFromContinuingOperations,netIncomeApplicableToCommonShares,preferredStockAndOtherAdjustments,reportedCurrency_y,totalAssets,intangibleAssets,earningAssets,otherCurrentAssets,totalLiabilities,totalShareholderEquity,deferredLongTermLiabilities,otherCurrentLiabilities,commonStock,retainedEarnings,otherLiabilities,goodwill,otherAssets,cash,totalCurrentLiabilities,shortTermDebt,currentLongTermDebt,otherShareholderEquity,propertyPlantEquipment,totalCurrentAssets,longTermInvestments,netTangibleAssets,shortTermInvestments,netReceivables,longTermDebt,inventory,accountsPayable,totalPermanentEquity,additionalPaidInCapital,commonStockTotalEquity,preferredStockTotalEquity,retainedEarningsTotalEquity,treasuryStock,accumulatedAmortization,otherNonCurrrentAssets,deferredLongTermAssetCharges,totalNonCurrentAssets,capitalLeaseObligations,totalLongTermDebt,otherNonCurrentLiabilities,totalNonCurrentLiabilities,negativeGoodwill,warrants,preferredStockRedeemable,capitalSurplus,liabilitiesAndShareholderEquity,cashAndShortTermInvestments,accumulatedDepreciation,commonStockSharesOutstanding,reportedCurrency,investments,changeInLiabilities,cashflowFromInvestment,otherCashflowFromInvestment,netBorrowings,cashflowFromFinancing,otherCashflowFromFinancing,changeInOperatingActivities,netIncome_y,changeInCash,operatingCashflow,otherOperatingCashflow,depreciation,dividendPayout,stockSaleAndPurchase,changeInInventory,changeInAccountReceivables,changeInNetIncome,capitalExpenditures,changeInReceivables,changeInExchangeRate,changeInCashAndCashEquivalents,clossingVal,nextClossingVal
0,2020-06-30,USD,185883000,167764000,125319000,60564000,26845000,5642000,None,None,16381000,None,42445000,None,18119000,None,2300000,10739000,375000,-2807000,None,None,None,10739000,1069000,None,5642000,5642000,None,USD,784100000,70997000,None,37313000,595896000,188204000,None,23492000,4000,183060000,70401000,52679000,60478000,36343000,157238000,None,18750000,-130385000,148109000,451837000,10020000,64528000,55000000,126522000,368257000,196659000,66091000,None,None,None,None,None,None,None,10997000,None,332263000,23715000,None,16625000,438658000,None,None,None,None,None,None,None,None,USD,-9533000,-3513000,-9533000,543000,19840000,14985000,-4855000,-15864000,5642000,9595000,3877000,None,8164000,-4855000,None,-19514000,24704000,4038000,10076000,None,None,None,26.27,
1,2020-04-30,USD,None,None,None,None,None,None,None,None,None,None,None,None,None,None,None,None,None,None,None,None,None,10739000,None,None,None,5642000,None,USD,784100000,70997000,None,37313000,595896000,188204000,1021000,23492000,4000,183060000,46731000,52679000,33386000,36343000,157238000,None,18750000,-130385000,170982000,451837000,10020000,64528000,55000000,126522000,368257000,196659000,66091000,None,None,None,None,None,None,None,10997000,None,332263000,23715000,None,16625000,438658000,None,None,None,None,None,None,None,None,USD,-9533000,-3513000,-9533000,543000,19840000,14985000,None,-15864000,5642000,9595000,3877000,None,8164000,-4855000,None,-19514000,24704000,4038000,10076000,None,None,None,26.71,26.27
2,2020-03-31,USD,210739000,48232000,141188000,69551000,21927000,13501000,None,None,18664000,None,48232000,608000,21319000,None,3263000,5163000,398000,-3263000,None,None,None,5163000,608000,None,13501000,13501000,None,USD,776050000,73208000,None,27564000,580705000,195345000,1149000,19250000,4000,182273000,46171000,52679000,41855000,26748000,161232000,17188000,17188000,-121892000,143112000,438155000,10493000,69458000,55000000,151556000,349851000,177287000,144044000,None,None,4000,None,182273000,None,None,68896000,None,337895000,22777000,349851000,69622000,419473000,None,None,None,134960000,776050000,81748000,None,41000000,USD,-6000000,9248000,-14148000,-294000,-6125000,-10979000,-4855000,-216000,13501000,1823000,26950000,485000,8536000,-4854000,None,3172000,-8897000,905000,7854000,-8897000,-1255000,568000,24.17,26.71
3,2020-01-31,USD,None,None,None,None,None,None,None,None,None,None,None,None,None,None,None,None,None,None,None,None,None,5163000,None,None,None,13501000,None,USD,776050000,73208000,None,27564000,580705000,195345000,1149000,19250000,4000,182273000,46171000,52679000,41855000,26748000,161232000,None,17188000,-121892000,165195000,438155000,10493000,69458000,55000000,151556000,349851000,177287000,68162000,None,None,None,None,None,None,None,10300000,None,337895000,22777000,None,21558000,419473000,None,None,None,None,None,None,None,None,USD,-14148000,9949000,-14148000,-294000,-6125000,-10979000,None,-216000,13501000,568000,26950000,None,8248000,-4854000,None,3172000,-8897000,973000,7854000,None,None,None,23.72,24.17
4,2019-12-31,USD,214012000,49495000,144908000,69104000,20327000,11894000,None,None,16895000,None,49495000,718000,19609000,None,3432000,5001000,505000,-3432000,None,None,None,5001000,718000,None,11894000,11894000,None,USD,788318000,75541000,None,29357000,570903000,217415000,1276000,17408000,4000,173626000,48945000,52679000,41861000,26180000,147059000,15625000,15625000,-90610000,144733000,445487000,10423000,89195000,49000000,147441000,357446000,193509000,131434000,None,None,4000,None,173626000,None,None,69878000,None,342831000,24125000,357446000,66398000,423844000,None,None,None,134395000,788318000,75180000,None,41000000,USD,-25000000,3104000,-34178000,-738000,-69146000,-27001000,-4855000,3567000,11894000,-29088000,32091000,-1811000,8448000,-4855000,None,12498000,-1159000,-883000,8440000,-1159000,375000,-28713000,24.83,23.72
5,2019-10-31,USD,None,None,None,None,None,None,None,None,None,None,None,None,None,None,None,None,None,None,None,None,None,5001000,None,None,None,11894000,None,USD,788318000,75541000,None,29357000,570903000,217415000,1276000,17408000,4000,173626000,48945000,52679000,41861000,26180000,147059000,None,15625000,-90610000,167848000,445487000,10423000,89195000,49000000,147441000,357446000,193509000,58263000,None,None,None,None,None,None,None,11216000,None,342831000,24125000,None,23195000,423844000,None,None,None,None,None,None,None,None,USD,-34178000,-2274000,-34178000,-749000,-22146000,-27001000,None,3567000,11894000,-28713000,32091000,None,8148000,-4855000,None,12498000,-1159000,-804000,8440000,None,None,None,23.96,24.83
6,2019-09-30,USD,189720000,47516000,132057000,57663000,6926000,2515000,None,None,3572000,None,47516000,-3221000,10147000,None,3354000,1057000,479000,-3354000,None,None,None,1057000,-3221000,None,2515000,2515000,None,USD,795239000,77536000,None,27302000,588545000,206694000,1404000,17963000,4000,166587000,49986000,52990000,41833000,54893000,141973000,14084000,14084000,-93728000,142164000,455512000,9895000,76168000,24000000,145444000,381040000,203873000,127889000,None,None,4000,None,166587000,None,None,67037000,None,339727000,21813000,381040000,65532000,446572000,None,None,None,133831000,795239000,78893000,None,41000000,USD,-62531000,-19204000,-62531000,-54856000,115785000,63931000,-47000000,-9254000,2515000,-2170000,-3570000,-1604000,8055000,-4854000,None,-9086000,14065000,1689000,7675000,14065000,-510000,-2680000,21.33,23.96
7,2019-07-31,USD,None,None,None,None,None,None,None,None,None,None,None,None,None,None,None,None,None,None,None,None,None,1057000,None,None,None,2515000,None,USD,795239000,77536000,None,27302000,588545000,206694000,1404000,17963000,4000,166587000,49986000,52990000,41833000,54893000,141973000,None,14084000,-93728000,162994000,455512000,9895000,76168000,24000000,145444000,381040000,203873000,61372000,None,None,None,None,None,None,None,11017000,None,339727000,21813000,None,24567000,446572000,None,None,None,None,None,None,None,None,USD,-62531000,-11834000,-62531000,-296000,68785000,63931000,None,-9254000,2515000,-2680000,-3570000,None,7781000,-4854000,None,-9086000,14065000,2022000,7675000,None,None,None,31.13,21.33
8,2019-06-30,USD,203883000,-774791000,138580000,65303000,12258000,8802000,None,None,9211000,None,53204000,159000,12099000,-827995000,3047000,409000,506000,-3047000,None,None,None,409000,159000,None,8802000,8802000,None,USD,726671000,47478000,None,27245000,510656000,216015000,1531000,19245000,4000,168926000,42794000,27348000,41252000,57573000,154227000,12540000,12540000,-86181000,140235000,466162000,9627000,141189000,24000000,159022000,96000000,198322000,141687000,None,None,4000,None,168926000,None,None,45448000,None,260509000,None,217635000,42794000,260429000,None,None,None,133266000,726671000,81573000,None,41000000,USD,25000000,17569000,14743000,-140000,-3145000,-7999000,-4854000,6638000,8802000,21623000,14879000,-3214000,7377000,-4854000,1134000,-7511000,-5755000,-2389000,10117000,-5755000,74000,21697000,31.77,31.13
9,2019-03-31,USD,205736000,42304000,140864000,64872000,22446000,14849000,None,None,19515000,None,42304000,-122000,22568000,None,2931000,4882000,-3053000,-2931000,216000,None,None,4666000,-122000,None,14849000,14849000,None,USD,706420000,48970000,None,24002000,492701000,213719000,None,14986000,4000,164978000,43498000,27348000,43724000,35876000,132536000,12560000,12560000,-83964000,134654000,451724000,1537000,137401000,49000000,152968000,96000000,189878000,119976000,None,None,4000,None,164978000,None,None,43724000,None,254696000,None,220667000,43498000,264165000,None,None,None,132701000,706420000,84876000,None,41000000,USD,-7948000,-709000,-7948000,-291000,4855000,-2982000,-3775000,-1423000,14849000,4724000,15654000,-1508000,7096000,-4855000,793000,2807000,-9018000,2137000,7657000,-9018000,-184000,4540000,33.0,31.77
10,2018-12-31,USD,218223000,42938000,149579000,68644000,23089000,14748000,0,None,20074000,None,42938000,-2617000,25706000,None,3015000,None,None,None,-715000,None,None,5326000,-4132000,None,14748000,14748000,None,USD,697292000,50509000,None,23605000,492068000,205224000,None,23203000,4000,154984000,44540000,27348000,42662000,31336000,135829000,12577000,12577000,-81107000,132711000,441090000,2972000,127367000,49000000,144050000,88000000,193099000,123252000,None,None,4000,None,154984000,None,None,45634000,None,256202000,None,223699000,44540000,268239000,None,None,None,131343000,697292000,80336000,None,41000000,USD,1000000,5781000,-4779000,289000,-144000,-4860000,-4854000,3939000,14748000,5717000,15356000,533000,7061000,-4846000,130000,-6774000,-8821000,2828000,6068000,-8821000,-241000,5476000,32.16,33.0
11,2018-09-30,USD,200153000,42952000,134348000,65805000,25488000,16314000,0,None,22705000,None,42952000,2635000,22853000,None,2783000,None,None,None,None,None,None,6391000,-148000,None,16314000,16314000,None,USD,678475000,51888000,None,23324000,486418000,192057000,0,23078000,4000,145082000,45937000,27348000,42932000,25860000,128731000,12580000,12580000,-83678000,130786000,419793000,5728000,112821000,50000000,134815000,85000000,185794000,116151000,0,0,4000,0,145082000,0,None,48660000,None,258682000,None,226750000,45937000,272687000,None,None,None,130649000,678475000,75860000,None,41000000,USD,1000000,-6451000,-16149000,-10100000,11785000,11734000,3775000,-12528000,16314000,-3135000,1280000,-3283000,6912000,-4037000,211000,-9504000,-85000,-2623000,6049000,-85000,-173000,-3308000,42.9,32.16
12,2018-06-30,USD,211786000,41400000,144277000,67509000,26205000,22119000,9998000,0,23527000,0,41400000,96000,26109000,0,2678000,None,None,None,0,0,0,1408000,-2582000,0,22119000,22119000,None,USD,671679000,51978000,None,22381000,486725000,184954000,2042000,30952000,4000,131560000,43702000,27348000,37762000,29168000,143221000,12579000,12500000,-76483000,130108000,415461000,9022000,105628000,50000000,135742000,70000000,178170000,130642000,0,0,4000,0,131560000,0,None,46784000,None,256218000,None,229802000,43702000,273504000,None,None,None,129873000,671679000,79168000,None,40000000,USD,-5000000,-6245000,-10021000,508000,2918000,-711000,None,-231000,22119000,-623000,10109000,1744000,7428000,-4036000,407000,-2563000,-12196000,-178000,5529000,-12196000,-762000,-1385000,46.05,42.9
13,2018-03-31,USD,208908000,42577000,139839000,69069000,27452000,19840000,0,0,24388000,0,42577000,960000,26492000,0,3064000,None,None,None,0,0,0,4548000,-2104000,0,19840000,19840000,None,USD,670844000,54388000,None,20351000,485299000,185545000,0,16038000,4000,113477000,58399000,29624000,48608000,30553000,128544000,11020000,11020000,-57068000,126680000,407426000,4118000,101533000,45000000,127044000,65500000,184478000,117524000,0,0,4000,0,113477000,0,None,52726000,None,263418000,None,232856000,58399000,291255000,None,None,None,129132000,670844000,75553000,None,40000000,USD,-18000000,-2629000,-23024000,-856000,-7083000,-9520000,None,453000,19840000,-9738000,22806000,2553000,7262000,-4029000,1592000,-10884000,5371000,1293000,4168000,5371000,106000,-9632000,39.7,46.05
14,2017-12-31,USD,205876000,42981000,138957000,66919000,24261000,7032000,0,0,21211000,0,42981000,323000,23938000,0,3050000,None,None,None,0,0,0,14179000,-4149000,0,7032000,7032000,None,USD,663130000,56454000,None,23407000,494805000,168325000,0,48999000,4000,97666000,60659000,29624000,138743000,40185000,127236000,9458000,9458000,-56885000,127940000,396447000,1788000,82247000,27000000,132242000,71000000,173613000,117778000,0,0,4000,0,97666000,0,None,52665000,None,266683000,None,235910000,60659000,296569000,None,None,None,127540000,663130000,67185000,None,40000000,USD,-27000000,13719000,-34735000,-3882000,-15584000,-19389000,None,9937000,7032000,-21834000,32290000,1948000,7103000,-4019000,214000,-5649000,3311000,4826000,3853000,3311000,-78000,-21912000,33.5,39.7
15,2017-09-30,USD,193412000,40995000,130030000,63382000,22062000,15892000,0,0,18944000,0,40995000,-325000,22387000,0,3118000,None,None,None,0,0,0,3052000,0,0,15892000,15892000,None,USD,671111000,64457000,None,25193000,501636000,169475000,0,47849000,4000,94653000,56570000,23982000,145314000,62097000,121107000,7895000,7895000,-52508000,131242000,394555000,None,81036000,0,136337000,85000000,170928000,113212000,0,0,4000,0,94653000,0,None,56875000,None,276556000,None,238959000,56570000,295529000,None,None,None,127326000,671111000,62097000,None,40000000,USD,-27000000,-2513000,-16832000,-11834000,18348000,17845000,None,-10291000,15892000,5816000,4803000,-3440000,7118000,-3989000,3486000,-5196000,0,1328000,4998000,-8386000,198000,6014000,37.05,33.5
16,2017-06-30,USD,194835000,39607000,131709000,63126000,20417000,15378000,9442000,0,17219000,0,39607000,-3102000,23519000,0,3198000,None,None,None,0,0,0,1841000,-11895000,0,15378000,15378000,None,USD,623397000,54602000,None,20502000,472240000,151157000,2552000,49617000,4000,82750000,48503000,23982000,132381000,56083000,115796000,6250000,6250000,-55437000,127351000,363665000,4235000,72573000,0,125847000,65000000,161233000,109546000,0,0,4000,0,82750000,0,None,53797000,None,259732000,None,241891000,49553000,291444000,None,None,None,123840000,623397000,56083000,None,40000000,USD,-50000000,6072000,-4774000,729000,-950000,-1975000,-3925000,955000,15378000,6826000,13575000,-2013000,6710000,-3986000,2961000,1561000,-2765000,-1348000,5503000,-12785000,-53000,6773000,37.05,37.05
17,2017-03-31,USD,189861000,30646000,129241000,60620000,30377000,23643000,0,0,26448000,0,30646000,403000,29974000,0,3929000,None,None,None,0,0,0,2805000,0,0,23643000,23643000,None,USD,602278000,58447000,None,21273000,462867000,139411000,0,46830000,4000,71358000,50005000,21121000,127499000,49310000,106297000,2900000,2900000,-52830000,127235000,347544000,None,59843000,0,113130000,30000000,163831000,103397000,0,0,4000,0,71358000,0,None,47931000,None,254734000,None,276565000,50005000,326570000,None,None,None,120879000,602278000,49310000,None,40000000,USD,-27000000,988000,-6403000,-1590000,-19226000,-20715000,-3925000,-3462000,23643000,9959000,37077000,-3042000,7554000,-3959000,2470000,-3146000,10020000,-523000,4813000,11603000,131000,10090000,28.1,37.05
18,2016-12-31,USD,191598000,40870000,128100000,63498000,23176000,13417000,0,0,19304000,0,40870000,548000,22628000,0,3872000,None,None,None,0,0,0,5887000,0,0,13417000,13417000,None,USD,592285000,57134000,None,16839000,479672000,112613000,0,42595000,4000,51674000,50711000,21121000,126096000,39220000,103329000,2901000,2901000,-57474000,127180000,339009000,None,34358000,0,124131000,48500000,158819000,100428000,0,0,4000,0,51674000,0,None,47841000,None,253276000,None,277132000,50711000,327843000,None,None,None,118409000,592285000,39220000,None,40000000,USD,None,1653000,-4879000,-226000,-15547000,-19378000,None,2491000,13417000,2020000,26277000,2911000,7161000,-3941000,110000,2473000,0,4151000,4653000,-5489000,-215000,1805000,29.3,28.1
