,fiscalDateEnding,reportedCurrency_x,totalRevenue,totalOperatingExpense,costOfRevenue,grossProfit,ebit,netIncome_x,researchAndDevelopment,effectOfAccountingCharges,incomeBeforeTax,minorityInterest,sellingGeneralAdministrative,otherNonOperatingIncome,operatingIncome,otherOperatingExpense,interestExpense,taxProvision,interestIncome,netInterestIncome,extraordinaryItems,nonRecurring,otherItems,incomeTaxExpense,totalOtherIncomeExpense,discontinuedOperations,netIncomeFromContinuingOperations,netIncomeApplicableToCommonShares,preferredStockAndOtherAdjustments,reportedCurrency_y,totalAssets,intangibleAssets,earningAssets,otherCurrentAssets,totalLiabilities,totalShareholderEquity,deferredLongTermLiabilities,otherCurrentLiabilities,commonStock,retainedEarnings,otherLiabilities,goodwill,otherAssets,cash,totalCurrentLiabilities,shortTermDebt,currentLongTermDebt,otherShareholderEquity,propertyPlantEquipment,totalCurrentAssets,longTermInvestments,netTangibleAssets,shortTermInvestments,netReceivables,longTermDebt,inventory,accountsPayable,totalPermanentEquity,additionalPaidInCapital,commonStockTotalEquity,preferredStockTotalEquity,retainedEarningsTotalEquity,treasuryStock,accumulatedAmortization,otherNonCurrrentAssets,deferredLongTermAssetCharges,totalNonCurrentAssets,capitalLeaseObligations,totalLongTermDebt,otherNonCurrentLiabilities,totalNonCurrentLiabilities,negativeGoodwill,warrants,preferredStockRedeemable,capitalSurplus,liabilitiesAndShareholderEquity,cashAndShortTermInvestments,accumulatedDepreciation,commonStockSharesOutstanding,reportedCurrency,investments,changeInLiabilities,cashflowFromInvestment,otherCashflowFromInvestment,netBorrowings,cashflowFromFinancing,otherCashflowFromFinancing,changeInOperatingActivities,netIncome_y,changeInCash,operatingCashflow,otherOperatingCashflow,depreciation,dividendPayout,stockSaleAndPurchase,changeInInventory,changeInAccountReceivables,changeInNetIncome,capitalExpenditures,changeInReceivables,changeInExchangeRate,changeInCashAndCashEquivalents,clossingVal,nextClossingVal
0,2020-06-30,USD,19011000,18441000,14029000,4982000,3049000,573000,None,None,790000,None,3644000,None,570000,None,8000,217000,4000,-4000,None,None,None,217000,224000,None,573000,573000,None,USD,63056000,1007000,None,None,18599000,44457000,None,None,338000,5386000,7509000,3637000,176000,13646000,8841000,None,None,123000,35121000,23115000,None,39813000,None,5188000,None,801000,1755000,None,None,None,None,None,None,None,176000,None,39941000,3415000,None,890000,9758000,None,None,None,None,None,None,None,None,USD,257000,-1221000,257000,None,None,0,None,63000,573000,2301000,2044000,None,2251000,0,None,144000,482000,-817000,258000,None,None,None,8.33,
1,2020-04-30,USD,None,None,None,None,None,None,None,None,None,None,None,None,None,None,None,None,None,None,None,None,None,217000,None,None,None,573000,None,USD,63056000,1007000,None,None,18599000,44457000,None,None,338000,5386000,7509000,3637000,176000,13646000,8841000,None,None,123000,35121000,23115000,None,39813000,None,5188000,None,801000,1755000,None,None,None,None,None,None,None,176000,None,39941000,3415000,None,890000,9758000,None,None,None,None,None,None,None,None,USD,257000,-1221000,257000,None,None,0,None,63000,573000,2301000,2044000,None,2251000,0,None,144000,482000,-817000,258000,None,None,None,8.9393,8.33
2,2020-03-31,USD,23527000,13734000,-2946000,26473000,-546000,-401000,None,None,-553000,None,-10381000,42000,-588000,24115000,7000,-152000,42000,35000,None,None,None,-152000,328000,None,-401000,-401000,None,USD,64261000,1057000,None,3680000,20437000,43824000,5783000,1166000,338000,4813000,8003000,3637000,180000,11345000,9649000,None,None,123000,33841000,21796000,None,39130000,None,5826000,None,945000,8483000,None,None,338000,None,4813000,None,None,180000,None,38715000,3951000,None,5005000,10788000,None,None,None,38550000,64261000,11345000,-54756000,3000000,USD,-1288000,877000,-1288000,706000,None,-10557000,None,1149000,-401000,-7778000,4067000,1139000,2253000,-10557000,None,-38000,624000,-387000,1994000,624000,None,-7778000,9.25,8.9393
3,2020-01-31,USD,None,None,None,None,None,None,None,None,None,None,None,None,None,None,None,None,None,None,None,None,None,-152000,None,None,None,-401000,None,USD,64261000,1057000,None,None,20437000,43824000,None,None,338000,4813000,8003000,3637000,180000,11345000,9649000,None,None,123000,37591000,21796000,None,39130000,None,5670000,None,945000,2950000,None,None,None,None,None,None,None,180000,None,42465000,3951000,None,881000,10788000,None,None,None,None,None,None,None,None,USD,-1288000,537000,-1288000,None,None,-10557000,None,1149000,-401000,-7778000,4067000,None,2253000,None,None,-38000,624000,-387000,1994000,None,None,None,12.09,9.25
4,2019-12-31,USD,24809000,14535000,-3463000,28272000,-639000,-464000,None,None,-647000,None,-10998000,85000,-724000,25533000,8000,-183000,85000,77000,None,None,None,-183000,122000,None,-464000,-464000,None,USD,74588000,1112000,None,5109000,30758000,43830000,6237000,1166000,335000,5214000,8447000,3637000,165000,19123000,19669000,None,None,123000,34160000,31919000,None,39081000,None,6780000,None,907000,18503000,None,None,335000,None,5214000,None,None,165000,None,39074000,3808000,None,4852000,11089000,None,None,None,38158000,74588000,19123000,-55830000,3000000,USD,-2771000,-1506000,-2771000,-486000,None,0,None,8000,-464000,-2093000,678000,-1000,2376000,None,None,42000,294000,-63000,2285000,294000,None,-2093000,19.48,12.09
5,2019-10-31,USD,None,None,None,None,None,None,None,None,None,None,None,None,None,None,None,None,None,None,None,None,None,-183000,None,None,None,-464000,None,USD,74588000,1112000,None,None,30758000,43830000,None,None,335000,5214000,8447000,3637000,165000,19123000,19669000,None,None,123000,37755000,31919000,None,39081000,None,6294000,None,907000,2421000,None,None,None,None,None,None,None,165000,None,42669000,3808000,None,871000,11089000,None,None,None,None,None,None,None,None,USD,-2771000,-1319000,-2771000,None,None,0,None,8000,-464000,-2093000,678000,None,2376000,None,None,42000,294000,-63000,2285000,None,None,None,18.0,19.48
6,2019-09-30,USD,26128000,-19313000,45285000,-19157000,272000,194000,None,None,265000,None,6248000,116000,156000,None,7000,71000,116000,109000,None,-216000,None,71000,216000,None,194000,194000,None,USD,72293000,701000,None,5381000,17496000,54797000,6237000,None,335000,16235000,8669000,3431000,170000,15233000,8827000,None,None,128000,2597000,34424000,None,50665000,5983000,6878000,None,949000,8827000,None,None,335000,None,16235000,None,None,170000,None,6899000,None,None,2432000,8669000,None,None,None,38099000,72293000,21216000,None,3000000,USD,8500000,24000,7126000,599000,None,75000,-9000,-128000,194000,9213000,2012000,-1260000,2101000,None,75000,-5000,884000,74000,1973000,884000,None,9213000,17.9,18.0
7,2019-07-31,USD,None,None,None,None,None,None,None,None,None,None,None,None,None,None,None,None,None,None,None,None,None,71000,None,None,None,194000,None,USD,72293000,701000,None,None,17496000,54797000,None,None,335000,16235000,8669000,3431000,170000,15233000,8827000,None,None,128000,33567000,34424000,None,50665000,5983000,6588000,None,949000,3184000,None,None,None,None,None,None,None,170000,None,37869000,None,None,1093000,8669000,None,None,None,None,None,None,None,None,USD,7126000,-935000,7126000,None,None,75000,None,-128000,194000,9213000,2012000,None,2101000,None,None,-5000,884000,74000,1973000,None,None,None,17.1,17.9
8,2019-06-30,USD,27526000,27103000,20683000,27526000,539000,396000,None,None,531000,None,18813000,116000,423000,8175000,8000,135000,116000,108000,None,115000,None,135000,-115000,None,396000,396000,None,USD,71605000,740000,None,4229000,17079000,54526000,6017000,None,335000,16041000,7317000,3431000,171000,6020000,9762000,None,None,184000,34051000,33212000,None,50355000,14430000,7589000,None,944000,9762000,None,None,335000,None,16041000,None,None,171000,None,38393000,None,None,1300000,7317000,None,None,None,37966000,71605000,20450000,-59678000,3000000,USD,11000000,623000,1924000,-6175000,None,0,-9000,-19000,396000,5798000,3874000,847000,2130000,None,None,-61000,918000,-842000,2901000,-130000,None,5798000,16.97,17.1
9,2019-03-31,USD,27008000,26715000,4004000,27008000,406000,289000,None,None,399000,None,19366000,113000,293000,7982000,7000,110000,106000,106000,None,-633000,None,110000,633000,None,289000,289000,None,USD,70880000,778000,None,4306000,16814000,54066000,5950000,None,335000,15645000,7253000,3431000,190000,222000,9561000,None,None,177000,33630000,32851000,None,49857000,18863000,8553000,None,907000,9561000,None,None,335000,None,15645000,None,None,190000,None,38029000,None,None,1303000,7253000,None,None,None,37909000,70880000,19085000,-59414000,3000000,USD,4000000,-541000,-1088000,-2047000,None,-634000,-9000,-102000,289000,-214000,874000,100000,2126000,None,None,17000,-706000,-913000,3041000,706000,None,-214000,18.8,16.97
10,2018-12-31,USD,28054000,26947000,19958000,28054000,1208000,884000,0,None,1198000,None,18682000,101000,1107000,9188000,10000,314000,None,None,None,-923000,None,314000,1014000,None,884000,884000,None,USD,70695000,816000,None,4206000,17347000,53348000,5941000,6513000,333000,15356000,7245000,3431000,181000,436000,10102000,None,None,167000,32986000,33281000,None,49101000,19766000,7983000,None,890000,10102000,None,None,333000,None,15356000,None,None,181000,None,37414000,None,None,1304000,7245000,None,None,None,37492000,70695000,20202000,-60636000,3000000,USD,3000000,564000,-2600000,-3939000,-634000,-634000,-9000,536000,884000,435000,3669000,-631000,2117000,None,None,-5000,182000,923000,1661000,-182000,None,435000,19.71,18.8
11,2018-09-30,USD,28781000,28540000,20643000,28781000,334000,629000,0,0,324000,0,19212000,93000,241000,9684000,10000,None,None,None,0,-356000,0,-305000,439000,0,629000,629000,None,USD,69817000,855000,None,4837000,17411000,52406000,5940000,625000,333000,14472000,7248000,3431000,176000,1000,10163000,None,None,165000,2773000,31444000,None,48120000,17298000,8413000,0,895000,9538000,0,0,333000,0,14472000,0,None,176000,None,7235000,None,None,1308000,7248000,None,None,None,37436000,69817000,17299000,None,3000000,USD,-17235000,1493000,-18878000,-16491000,625000,623000,-9000,-1256000,629000,-17031000,1224000,1164000,2243000,0,-2000,16000,-664000,-155000,2387000,664000,None,-17031000,19.2301,19.71
12,2018-06-30,USD,29404000,28051000,20611000,29404000,1417000,1086000,0,0,1407000,0,18852000,64000,1353000,9374000,10000,None,None,None,0,-175000,0,321000,229000,0,1086000,1086000,None,USD,67405000,897000,None,3673000,15640000,51765000,6095000,202000,333000,13843000,7393000,3431000,179000,17032000,8247000,None,None,206000,34112000,28786000,None,47437000,0,7202000,0,879000,8247000,0,0,333000,0,13843000,0,None,179000,None,38619000,None,None,1298000,7393000,None,None,None,37383000,67405000,17032000,-61994000,3000000,USD,-17235000,397000,-212000,245000,625000,126000,-9000,-303000,1086000,2970000,3056000,301000,2301000,0,126000,-30000,-108000,-321000,457000,108000,None,2970000,21.01,19.2301
13,2018-03-31,USD,27979000,28271000,19982000,27979000,-261000,-188000,0,0,-270000,0,18910000,31000,-292000,9696000,9000,None,None,None,0,-335000,0,-82000,321000,0,-188000,-188000,None,USD,65957000,938000,None,3372000,15460000,50497000,6416000,96000,332000,12757000,7716000,3431000,181000,14062000,7744000,None,None,206000,35970000,25437000,None,46128000,0,7094000,0,909000,7744000,0,0,332000,0,12757000,0,None,181000,None,40520000,None,None,1300000,7716000,None,None,None,37202000,65957000,14062000,-60815000,3000000,USD,-17235000,-257000,96000,786000,625000,126000,-9000,362000,-188000,2062000,1966000,-359000,2416000,0,0,30000,-345000,-608000,690000,345000,None,2062000,19.0,21.01
14,2017-12-31,USD,27901000,27157000,22182000,27901000,746000,3592000,0,0,736000,0,18153000,2000,744000,9168000,10000,None,None,None,0,-164000,0,-2856000,156000,0,3592000,3592000,None,USD,66492000,980000,None,3731000,16230000,50262000,7024000,4574000,330000,12945000,1301000,3431000,4596000,12000000,7905000,None,None,206000,38105000,23791000,None,45851000,0,7151000,0,909000,7905000,0,0,330000,0,12945000,0,None,185000,None,42701000,None,None,1301000,8325000,None,None,None,36781000,66492000,12000000,-62267000,3000000,USD,None,-2123000,-815000,307000,None,126000,None,-275000,3592000,711000,1526000,312000,2509000,0,0,54000,893000,-3021000,1122000,-893000,None,711000,17.38,19.0
15,2017-09-30,USD,27910000,27645000,22604000,27910000,267000,201000,0,0,266000,0,19234000,2000,265000,8575000,1000,None,None,None,0,-164000,0,65000,497000,0,201000,201000,None,USD,67954000,1021000,None,3419000,21371000,46583000,10045000,5080000,330000,9353000,1298000,3431000,4641000,11289000,10028000,None,None,174000,2773000,23721000,None,42131000,0,8158000,0,855000,10028000,0,0,330000,0,9353000,0,None,189000,None,7414000,None,None,1298000,11343000,None,None,None,36726000,67954000,11289000,None,3000000,USD,None,2937000,-2140000,355000,None,-7010000,None,209000,201000,1882000,4022000,109000,2514000,0,0,-8000,-599000,150000,2495000,1482000,None,1882000,19.94,17.38
16,2017-06-30,USD,28104000,27570000,22015000,28104000,535000,456000,0,0,520000,0,19127000,1000,534000,8538000,15000,None,None,None,0,-95000,0,64000,0,0,456000,456000,None,USD,64602000,1062000,None,3310000,18272000,46330000,9895000,4795000,330000,9152000,1286000,3431000,4680000,9407000,7091000,None,None,174000,39768000,20154000,None,41837000,0,6574000,0,863000,7091000,0,0,330000,0,9152000,0,None,187000,None,44448000,None,None,1286000,11181000,None,None,None,36674000,64602000,9407000,-62203000,3000000,USD,None,297000,-762000,140000,None,-619000,None,34000,456000,2541000,3303000,-34000,2541000,0,0,34000,883000,-259000,902000,-284000,None,2541000,17.87,19.94
17,2017-03-31,USD,27393000,27068000,21596000,27393000,326000,260000,0,0,294000,0,18195000,1000,325000,9077000,32000,None,None,None,0,-204000,0,34000,0,0,260000,260000,None,USD,64059000,1105000,None,3344000,18237000,45822000,10154000,4165000,330000,8697000,1289000,3431000,4732000,6866000,6794000,None,None,174000,41381000,17946000,None,41286000,0,6907000,0,829000,6794000,0,0,330000,0,8697000,0,None,196000,None,46113000,None,None,1289000,11443000,None,None,None,36621000,64059000,6866000,-60812000,3000000,USD,None,735000,-1170000,240000,None,-619000,None,-215000,260000,2189000,3359000,219000,2587000,0,0,-24000,599000,-477000,1410000,-381000,None,2189000,22.5,17.87
18,2016-12-31,USD,28758000,27510000,22228000,28758000,1250000,912000,0,0,1218000,0,18547000,2000,1248000,9071000,32000,None,None,None,0,-108000,0,306000,0,0,912000,912000,None,USD,62944000,1152000,None,3125000,17968000,44976000,10631000,4172000,329000,8436000,1278000,3431000,4796000,4677000,6059000,None,None,174000,42534000,15614000,None,40393000,0,6959000,0,853000,6059000,0,0,329000,0,8436000,0,None,213000,None,47330000,None,None,1278000,11909000,None,None,None,36037000,62944000,4677000,-60231000,3000000,USD,None,-4514000,-1304000,221000,None,299000,None,494000,912000,-1328000,-24000,-492000,2651000,0,0,42000,218000,152000,1525000,-218000,None,-1328000,21.93,22.5
