,fiscalDateEnding,reportedCurrency_x,totalRevenue,totalOperatingExpense,costOfRevenue,grossProfit,ebit,netIncome_x,researchAndDevelopment,effectOfAccountingCharges,incomeBeforeTax,minorityInterest,sellingGeneralAdministrative,otherNonOperatingIncome,operatingIncome,otherOperatingExpense,interestExpense,taxProvision,interestIncome,netInterestIncome,extraordinaryItems,nonRecurring,otherItems,incomeTaxExpense,totalOtherIncomeExpense,discontinuedOperations,netIncomeFromContinuingOperations,netIncomeApplicableToCommonShares,preferredStockAndOtherAdjustments,reportedCurrency_y,totalAssets,intangibleAssets,earningAssets,otherCurrentAssets,totalLiabilities,totalShareholderEquity,deferredLongTermLiabilities,otherCurrentLiabilities,commonStock,retainedEarnings,otherLiabilities,goodwill,otherAssets,cash,totalCurrentLiabilities,shortTermDebt,currentLongTermDebt,otherShareholderEquity,propertyPlantEquipment,totalCurrentAssets,longTermInvestments,netTangibleAssets,shortTermInvestments,netReceivables,longTermDebt,inventory,accountsPayable,totalPermanentEquity,additionalPaidInCapital,commonStockTotalEquity,preferredStockTotalEquity,retainedEarningsTotalEquity,treasuryStock,accumulatedAmortization,otherNonCurrrentAssets,deferredLongTermAssetCharges,totalNonCurrentAssets,capitalLeaseObligations,totalLongTermDebt,otherNonCurrentLiabilities,totalNonCurrentLiabilities,negativeGoodwill,warrants,preferredStockRedeemable,capitalSurplus,liabilitiesAndShareholderEquity,cashAndShortTermInvestments,accumulatedDepreciation,commonStockSharesOutstanding,reportedCurrency,investments,changeInLiabilities,cashflowFromInvestment,otherCashflowFromInvestment,netBorrowings,cashflowFromFinancing,otherCashflowFromFinancing,changeInOperatingActivities,netIncome_y,changeInCash,operatingCashflow,otherOperatingCashflow,depreciation,dividendPayout,stockSaleAndPurchase,changeInInventory,changeInAccountReceivables,changeInNetIncome,capitalExpenditures,changeInReceivables,changeInExchangeRate,changeInCashAndCashEquivalents,clossingVal,nextClossingVal
0,2020-06-30,USD,424045000,61615000,350324000,73721000,12106000,714000,None,None,1285000,None,31628000,None,12106000,29987000,10821000,571000,None,-10821000,None,None,None,571000,None,None,714000,714000,None,USD,1492796000,344905000,None,21086000,999528000,493268000,19056000,28567000,173178000,303848000,30243000,326478000,3098000,111062000,218537000,5000000,5000000,-8292000,184797000,537453000,None,-178115000,None,143614000,673138000,261691000,184970000,None,None,173178000,None,303848000,None,None,99163000,None,955343000,96885000,673138000,88797000,780991000,None,None,None,24534000,1492796000,111062000,None,None,USD,-3177000,-17978000,-3177000,548000,-1251000,-6492000,-113000,5259000,714000,16539000,26208000,5259000,19296000,-5770000,642000,11028000,10933000,-3044000,3725000,10933000,None,16539000,61.25,
1,2020-03-31,USD,589232000,70202000,479751000,109481000,39279000,21187000,None,None,28787000,None,35869000,None,39279000,34333000,10492000,7600000,None,-10492000,None,None,None,7600000,None,None,21187000,21187000,None,USD,1522158000,356633000,None,26275000,1026782000,495376000,26546000,28168000,170626000,308957000,37599000,325916000,3275000,94523000,236203000,5000000,5000000,-8741000,189129000,548914000,None,-187173000,None,154571000,672235000,273545000,203035000,None,None,170626000,None,308957000,None,None,101566000,None,973244000,98999000,672235000,91798000,790579000,None,None,None,24534000,1522158000,94523000,None,23000000,USD,-31840000,43033000,-31840000,-24260000,-57000,-26191000,-4747000,9649000,21187000,-44867000,13164000,9649000,18898000,-5837000,-15550000,-18211000,-66453000,5061000,7580000,-66453000,None,-44867000,28.16,61.25
2,2019-12-31,USD,549460000,63350000,450133000,99327000,35977000,19984000,None,None,25583000,None,30063000,None,35977000,33287000,10394000,5599000,-10394000,-10394000,None,None,None,5599000,-7994000,None,19984000,19984000,None,USD,1470993000,357014000,None,36038000,973512000,497481000,27284000,27694000,172662000,305503000,43888000,319349000,3401000,139390000,186935000,5000000,5000000,-5698000,180849000,516834000,None,-178882000,1409000,87536000,670354000,253870000,154241000,None,None,172662000,None,305503000,None,None,96947000,None,954159000,94161000,670354000,88939000,786577000,None,None,None,25014000,1470993000,139390000,None,23527307,USD,-39144000,-19276000,-39144000,-33710000,-2505000,-8555000,-20000,-17188000,19984000,22678000,70377000,-17188000,18244000,-5798000,-232000,10598000,50127000,7888000,5434000,50127000,None,22678000,52.43,28.16
3,2019-09-30,USD,566186000,66925000,461851000,104335000,37410000,21317000,None,None,28807000,None,33817000,None,37410000,33108000,8603000,7490000,None,-8603000,None,None,None,7490000,-8603000,None,21317000,21317000,None,USD,1451130000,350216000,None,18897000,971192000,479938000,19735000,25990000,169220000,291651000,35462000,308358000,3604000,116712000,202275000,5000000,5000000,-5953000,179884000,528004000,None,-178636000,None,129837000,670928000,262558000,171285000,None,None,169220000,None,291651000,None,None,84668000,None,923126000,81543000,670928000,78254000,768917000,None,None,None,25020000,1451130000,116712000,None,23000000,USD,-25002000,581000,-25002000,-20952000,93563000,89923000,-57000,1951000,21317000,93140000,28219000,1951000,17943000,-5798000,-3583000,-4615000,-12845000,3887000,4050000,-12845000,None,93140000,42.88,52.43
4,2019-06-30,USD,613218000,67432000,500557000,112661000,45229000,27416000,None,None,36593000,None,32894000,None,45229000,34538000,8636000,9177000,-8636000,-8636000,None,None,None,9177000,-8636000,None,27416000,27416000,None,USD,1330913000,349479000,None,20744000,872296000,458617000,20843000,25822000,166086000,273139000,33684000,301938000,3817000,23572000,205098000,10000000,10000000,-5732000,181523000,411684000,None,-192800000,None,114722000,569844000,252646000,169276000,None,None,166086000,None,273139000,None,None,86289000,None,919229000,82840000,569844000,76511000,667198000,None,None,None,25124000,1330913000,23572000,None,23000000,USD,-5211000,-12800000,-5211000,2961000,-45524000,-45601000,-77000,-2848000,27416000,15118000,65930000,-2848000,16415000,-5798000,0,12475000,22674000,2598000,8172000,22674000,None,15118000,49.19,42.88
5,2019-03-31,USD,608218000,70722000,501670000,106548000,35826000,20849000,None,None,26843000,None,37692000,None,35826000,33030000,8983000,5994000,-8983000,-8983000,None,None,None,5994000,-8983000,None,20849000,20849000,None,USD,1355184000,370233000,None,17757000,926095000,429089000,23624000,25874000,161949000,245723000,36319000,292113000,4116000,8454000,217806000,10000000,10000000,-3707000,180331000,428523000,None,-233257000,None,137318000,613599000,264994000,181932000,None,None,161949000,None,245723000,None,None,83984000,None,926661000,80183000,613599000,71066000,708289000,None,None,None,25124000,1355184000,8454000,None,23000000,USD,-9855000,32574000,-9855000,150000,-8835000,-16470000,-7635000,5216000,20849000,1559000,27884000,5216000,17214000,-5798000,0,1224000,-54188000,4995000,10005000,-54188000,None,1559000,45.32,49.19
6,2018-12-31,USD,531211000,57772000,434546000,96665000,38893000,26970000,0,0,30437000,0,12215000,None,38893000,45584000,8456000,None,None,None,0,0,0,3467000,-8456000,0,26970000,26970000,None,USD,1231231000,382982000,None,22875000,822477000,408754000,22699000,None,161436000,224874000,40319000,281734000,4203000,6895000,157755000,8750000,8750000,-2680000,177145000,385167000,None,-255962000,None,82499000,621751000,272898000,149005000,None,None,161436000,None,224874000,None,None,4203000,None,846064000,None,621751000,20272000,664722000,None,None,None,25124000,1231231000,6895000,None,23527307,USD,None,-42394000,-60370000,-51957000,26935000,-5641000,-37000,-2645000,26970000,6589000,72600000,-2645000,16549000,None,-32539000,13330000,55412000,5378000,8413000,55412000,None,6589000,29.61,45.32
7,2018-09-30,USD,575139000,61946000,468484000,106655000,44709000,27934000,0,0,37371000,0,33284000,None,44709000,28662000,7338000,None,None,None,0,0,0,9437000,-7338000,0,27934000,27934000,None,USD,1219111000,396400000,None,17111000,804893000,414218000,21302000,3900000,162925000,225698000,36344000,258113000,4248000,306000,174215000,7500000,7500000,115000,170416000,389723000,194000,-240295000,0,129850000,594334000,242456000,166715000,0,0,162925000,0,225698000,0,None,4442000,None,829371000,None,594334000,15042000,630678000,None,None,None,25480000,1219111000,306000,None,24000000,USD,None,-3820000,-32577000,-20571000,17635000,-3417000,-112000,-1684000,27934000,202000,36196000,-1684000,16084000,0,-20940000,-3660000,65000,1277000,12006000,65000,None,202000,59.2,29.61
8,2018-06-30,USD,604879000,61737000,490087000,114792000,53055000,34860000,0,0,46791000,0,33874000,None,53055000,27863000,6264000,None,None,None,0,0,0,11931000,-6264000,0,34860000,34860000,None,USD,1190120000,386540000,None,17766000,786500000,403620000,21342000,57661000,161648000,216357000,37589000,255874000,4503000,104000,172613000,6250000,6250000,63000,158515000,384688000,None,-238794000,0,131691000,576298000,235127000,166363000,0,0,161648000,0,216357000,0,None,4503000,None,805432000,None,576298000,16247000,613887000,None,None,None,25552000,1190120000,104000,None,25000000,USD,None,-9098000,-174915000,-168489000,150129000,109539000,25000,3847000,34860000,33000,65409000,3847000,16979000,0,-40615000,-1021000,19083000,759000,6426000,19083000,None,33000,56.85,59.2
9,2018-03-31,USD,551832000,55996000,454078000,97754000,41758000,30068000,0,0,37380000,0,48869000,None,41758000,7100000,4378000,None,None,None,0,0,0,7312000,-4378000,0,30068000,30068000,None,USD,1029545000,313500000,None,16039000,623767000,405778000,15050000,49294000,162625000,217274000,16131000,223518000,539826000,71000,179440000,15766000,15766000,94000,129022000,360697000,None,-131240000,0,138685000,413146000,205902000,163674000,0,0,162625000,0,217274000,0,None,2850000,None,668890000,None,413146000,16131000,444327000,None,None,None,25785000,1029545000,71000,None,25000000,USD,None,34231000,-103508000,-95867000,72914000,75004000,-2587000,2136000,30068000,-2696000,25808000,2136000,11325000,0,4677000,-8557000,-48443000,5048000,7641000,-48443000,None,-2696000,61.85,56.85
10,2017-12-31,USD,475570000,46579000,394887000,80683000,34104000,29046000,0,0,31473000,0,41444000,None,34104000,5135000,2631000,None,None,None,0,0,0,2427000,-8790000,0,29046000,29046000,None,USD,866644000,263467000,None,18132000,495959000,370685000,13640000,36550000,163196000,199180000,7783000,208044000,474205000,2767000,136425000,15766000,15766000,66000,118486000,273953000,None,-100826000,0,77784000,338111000,175270000,120659000,370685000,8243000,163196000,0,199180000,0,None,2694000,None,592691000,None,338111000,7783000,359534000,None,None,None,8243000,866644000,2767000,None,25329857,USD,None,3767000,-162808000,-153549000,94008000,91854000,-1838000,-7600000,29046000,-3604000,67350000,-5360000,9025000,0,-316000,-15177000,-12344000,1047000,9259000,45002000,None,-3604000,69.45,61.85
11,2017-09-30,USD,407511000,39009000,338328000,69183000,30174000,17945000,0,0,28039000,0,33772000,None,30174000,5237000,2135000,None,None,None,0,0,0,10094000,0,0,17945000,17945000,None,USD,726261000,203000000,None,10503000,385485000,340776000,19833000,33928000,162372000,170134000,6680000,149600000,355447000,6371000,121579000,15766000,15766000,27000,99490000,271324000,None,-11824000,0,104574000,244073000,149876000,105813000,0,0,162372000,0,170134000,0,None,2803000,None,454893000,None,244073000,None,263906000,None,None,None,8243000,726261000,6371000,None,25000000,USD,None,8898000,-17995000,-13531000,-363000,-382000,-19000,-4030000,17945000,-5235000,13142000,-4030000,8738000,0,93622000,-14661000,0,699000,4464000,-4447000,None,-5235000,84.1,69.45
12,2017-06-30,USD,407145000,37793000,335645000,71500000,33707000,21260000,0,0,31697000,0,32976000,None,33707000,4817000,2010000,None,None,None,0,0,0,10437000,0,0,21260000,21260000,None,USD,689331000,201638000,None,6468000,369110000,320221000,15528000,26882000,159762000,152189000,1595000,138725000,343309000,11606000,109173000,15766000,260175000,27000,94830000,251192000,None,-20142000,0,99337000,244409000,133781000,93407000,0,0,159762000,0,152189000,0,None,2946000,None,438139000,None,244409000,None,259937000,None,None,None,8243000,689331000,11606000,None,25000000,USD,None,1627000,-78744000,-73454000,48196000,49115000,-3000,-1515000,21260000,687000,30316000,-1515000,8361000,0,922000,-32000,0,400000,5290000,215000,None,687000,72.85,84.1
13,2017-03-31,USD,345427000,33634000,287878000,57549000,23915000,17467000,0,0,21901000,0,29449000,None,23915000,4185000,2014000,None,None,None,0,0,0,4434000,0,0,17467000,17467000,None,USD,602726000,164168000,None,4646000,307064000,295662000,7502000,24560000,156463000,130929000,1610000,110200000,277446000,10919000,103390000,15766000,15766000,27000,88095000,237185000,None,21294000,0,93759000,196172000,127861000,87624000,0,0,156463000,0,130929000,0,None,3078000,None,365541000,None,196172000,None,203674000,None,None,None,8243000,602726000,10919000,None,23000000,USD,None,16016000,-13590000,-10106000,-61634000,28967000,-3025000,3305000,17467000,4470000,-10907000,3305000,7417000,0,93626000,-5400000,0,3402000,3484000,-53114000,None,4470000,70.9,72.85
14,2016-12-31,USD,323936000,30882000,270955000,52981000,22099000,14816000,0,0,20112000,0,27241000,None,22099000,3720000,1987000,None,None,None,0,0,0,5296000,-7185000,0,14816000,14816000,None,USD,534950000,164539000,None,7846000,349502000,185448000,6598000,23575000,63716000,113462000,1610000,109893000,276698000,6449000,86093000,15766000,15766000,27000,85483000,172769000,None,-88984000,0,38455000,256811000,120019000,70327000,185448000,8243000,63716000,0,113462000,0,None,2266000,None,362181000,None,256811000,None,263409000,None,None,None,8243000,534950000,6449000,None,23000000,USD,None,-10580000,-31272000,-26732000,-7739000,-11170000,-2884000,-1629000,14816000,4972000,47414000,-2778000,6235000,0,-547000,-2778000,11324000,3968000,4540000,38531000,None,4972000,76.3,70.9
15,2016-09-30,USD,304151000,28735000,252426000,48852000,20117000,12073000,0,0,18200000,0,25048000,None,20117000,3687000,1917000,None,None,None,0,6000,0,6127000,0,0,12025000,12073000,None,USD,534065000,150846000,None,4856000,363262000,170803000,0,266346000,62117000,99182000,1867000,100800000,254439000,1477000,96916000,15766000,15766000,32000,81439000,198187000,None,-80843000,0,75739000,264479000,116115000,81150000,0,0,62117000,0,99150000,0,None,2358000,435000,335878000,None,None,None,None,None,None,None,9504000,534065000,1477000,None,23000000,USD,None,2225000,-49839000,-45043000,19141000,18826000,37000,-534000,12073000,1442000,32455000,-371000,6722000,0,2000,-8704000,0,1911000,4796000,18809000,None,1442000,61.92,76.3
16,2016-06-30,USD,315163000,27277000,259879000,55284000,28007000,16703000,0,0,26375000,0,24049000,None,28007000,3225000,1632000,None,None,None,0,3000,0,9672000,0,0,16703000,16703000,None,USD,496519000,129914000,None,4579000,339456000,157063000,0,252308000,60450000,87125000,1870000,84044000,220094000,35000,87148000,10714000,10714000,32000,78437000,197988000,None,-56895000,0,91293000,250438000,102081000,76434000,0,0,60450000,0,87125000,0,None,2229000,None,3907000,None,None,None,None,None,None,None,9456000,496519000,35000,None,23000000,USD,None,2213000,-33763000,-30606000,19511000,19814000,242000,-1097000,16703000,-10624000,3325000,-1022000,6048000,0,61000,684000,0,-433000,3157000,-20868000,None,-10624000,60.29,61.92
17,2016-03-31,USD,278637000,24738000,233285000,45352000,20614000,12033000,0,0,18965000,0,21932000,None,20614000,2768000,1649000,None,None,None,0,38000,0,6932000,0,0,12033000,12033000,None,USD,454268000,120152000,None,81124000,314757000,139511000,1901000,23238000,58217000,72050000,1901000,77488000,201647000,10659000,82048000,10714000,None,32000,70803000,181818000,None,19359000,0,67443000,230808000,100080000,71334000,0,0,58217000,0,72050000,0,None,2253000,None,1754000,None,230808000,None,232709000,None,None,None,9212000,454268000,10659000,None,23000000,USD,None,18938000,-39124000,-36211000,37693000,35743000,915000,None,12033000,10572000,13953000,2542000,5357000,0,-2865000,-1663000,0,1894000,2913000,-25148000,None,10572000,45.39,60.29
18,2015-12-31,USD,248659000,22669000,205016000,41451000,18782000,12036000,0,0,17318000,0,19826000,None,18833000,2798000,1464000,None,None,None,0,45000,0,5282000,-4319000,0,12036000,12036000,None,USD,386049000,106759000,None,6119000,257452000,128597000,1885000,1919000,57683000,62606000,1919000,68606000,178433000,87000,57926000,10714000,10714000,32000,67878000,133897000,None,-46768000,0,44054000,193770000,89478000,51049000,128597000,128597000,57683000,128597000,62574000,-128597000,None,555000,None,2513000,None,193770000,None,193770000,None,None,None,8308000,386049000,87000,None,15160781,USD,None,-10126000,-4239000,-1012000,-20429000,-37374000,42000,465000,12036000,-1323000,40290000,-2668000,5474000,0,-16987000,6737000,9017000,2172000,3227000,26665000,None,-1323000,43.5,45.39
19,2015-09-30,USD,214805000,19839000,179764000,35041000,15202000,8960000,0,0,14049000,0,17474000,None,15202000,2354000,1153000,None,None,None,0,11000,0,5089000,0,0,8960000,8960000,None,USD,419148000,178712000,None,185419000,286909000,132239000,0,216262000,57933000,65831000,2155000,78331000,181840000,1410000,67357000,10714000,None,31000,66661000,170647000,None,132239000,0,69475000,214107000,96183000,59933000,0,0,57933000,0,65831000,0,None,None,None,66661000,None,None,None,None,None,None,None,8444000,419148000,1410000,None,23000000,USD,None,-5524000,-79404000,-77908000,74597000,76231000,-211000,None,8960000,-5196000,-2023000,-447000,4116000,0,1845000,-3566000,0,-468000,1496000,-5094000,None,-5196000,39.49,43.5
