,fiscalDateEnding,reportedCurrency_x,totalRevenue,totalOperatingExpense,costOfRevenue,grossProfit,ebit,netIncome_x,researchAndDevelopment,effectOfAccountingCharges,incomeBeforeTax,minorityInterest,sellingGeneralAdministrative,otherNonOperatingIncome,operatingIncome,otherOperatingExpense,interestExpense,taxProvision,interestIncome,netInterestIncome,extraordinaryItems,nonRecurring,otherItems,incomeTaxExpense,totalOtherIncomeExpense,discontinuedOperations,netIncomeFromContinuingOperations,netIncomeApplicableToCommonShares,preferredStockAndOtherAdjustments,reportedCurrency_y,totalAssets,intangibleAssets,earningAssets,otherCurrentAssets,totalLiabilities,totalShareholderEquity,deferredLongTermLiabilities,otherCurrentLiabilities,commonStock,retainedEarnings,otherLiabilities,goodwill,otherAssets,cash,totalCurrentLiabilities,shortTermDebt,currentLongTermDebt,otherShareholderEquity,propertyPlantEquipment,totalCurrentAssets,longTermInvestments,netTangibleAssets,shortTermInvestments,netReceivables,longTermDebt,inventory,accountsPayable,totalPermanentEquity,additionalPaidInCapital,commonStockTotalEquity,preferredStockTotalEquity,retainedEarningsTotalEquity,treasuryStock,accumulatedAmortization,otherNonCurrrentAssets,deferredLongTermAssetCharges,totalNonCurrentAssets,capitalLeaseObligations,totalLongTermDebt,otherNonCurrentLiabilities,totalNonCurrentLiabilities,negativeGoodwill,warrants,preferredStockRedeemable,capitalSurplus,liabilitiesAndShareholderEquity,cashAndShortTermInvestments,accumulatedDepreciation,commonStockSharesOutstanding,reportedCurrency,investments,changeInLiabilities,cashflowFromInvestment,otherCashflowFromInvestment,netBorrowings,cashflowFromFinancing,otherCashflowFromFinancing,changeInOperatingActivities,netIncome_y,changeInCash,operatingCashflow,otherOperatingCashflow,depreciation,dividendPayout,stockSaleAndPurchase,changeInInventory,changeInAccountReceivables,changeInNetIncome,capitalExpenditures,changeInReceivables,changeInExchangeRate,changeInCashAndCashEquivalents,clossingVal,nextClossingVal
0,2020-06-30,USD,0,5014000,None,None,-5838000,-5578000,2133000,None,-5844000,-1485000,2881000,None,-5014000,None,0,0,None,-200000,None,None,None,None,-630000,None,-5844000,-5649000,None,USD,8882000,None,None,375000,21687000,-11320000,None,None,48000,-73908000,None,None,728000,7080000,21537000,None,16200000,None,None,8154000,None,-13713000,None,None,None,None,3646000,None,None,None,None,None,None,None,728000,None,728000,None,None,None,150000,None,None,None,None,None,None,None,None,USD,-42000,-510000,-42000,None,3946000,3946000,None,-365000,-5578000,-1651000,-5555000,None,6000,None,None,None,None,892000,42000,None,None,None,2.11,
1,2020-03-31,USD,0,5253000,None,None,-14856000,-14475000,2628000,None,-14911000,-1232000,2625000,None,-5253000,None,52000,0,-8060000,-462000,None,None,None,None,-9196000,None,-14911000,-14545000,None,USD,10114000,None,None,133000,26342000,-14996000,None,None,44000,-68259000,-1000,None,691000,8731000,26343000,20663000,20663000,1000,691000,9423000,None,-17318000,None,None,None,None,4157000,None,None,None,None,None,None,None,691000,None,691000,None,None,None,-1000,None,None,None,50896000,None,8770000,None,44000000,USD,-2000,1804000,-2000,None,6162000,6305000,5000,-227000,-14475000,2512000,-3791000,None,3000,None,143000,None,None,9104000,2000,None,None,None,1.98,2.11
2,2019-12-31,USD,0,4588740,None,None,-6517511,-6243808,2254905,None,-6554076,-814279,2333835,None,-4588740,None,32667,0,-250440,-582921,None,None,None,None,-1382415,None,-6554076,-6313301,None,USD,7240452,None,None,None,11878582,-3823851,None,None,40479,-53714751,None,None,692937,6219231,11878582,8139000,8139000,None,692940,6547515,None,-6120295,None,None,None,None,2352809,None,None,None,None,None,None,None,692937,None,692937,None,None,None,0,None,None,None,47553980,None,6253350,None,30000000,USD,-2145,551667,-2145,None,6214250,6214250,5000,132331,-6243808,2121711,-4090394,None,3898,0,5547440,None,None,1465518,2145,None,None,None,1.2,1.98
3,2019-09-30,USD,0,3243680,None,None,-3267530,-3084960,1519415,None,-3271309,-520356,1724265,None,-3243680,None,0,0,379230,0,None,None,None,None,-27629,None,-3271309,-3153089,None,USD,4405884,None,None,200000,6812509,-1886269,None,None,36556,-47402814,None,None,None,4097520,6812509,4471540,4471535,None,51001,4354883,None,-4114584,None,None,None,None,1800453,None,None,None,None,None,None,None,51001,None,51001,None,None,None,0,None,None,None,43251670,None,4097520,None,31000000,USD,0,373397,-2145,None,6214250,67436,5000,-341713,-3084960,-2810548,-2877984,None,3779,None,5547440,None,None,171513,25060,None,None,None,0.9585,1.2
4,2019-06-30,USD,0,3319214,None,None,-3735851,-3593611,1405060,None,-3739133,-342727,1914154,None,-3319214,None,0,0,-161110,0,None,None,None,None,-419919,None,-3739133,-3660403,None,USD,7060424,None,None,97576,8939599,-1536448,None,222553,34139,-44251062,None,None,None,6908068,8939599,6790100,6790096,None,54780,7005644,None,-3697971,None,None,None,None,1427056,None,None,None,None,None,None,None,54780,None,54780,None,None,None,0,None,None,None,40518950,None,6922320,None,28000000,USD,-22210,41225,-22210,None,-119811,5259091,-101098,367086,-3593611,2717623,-2519258,None,3282,None,5480000,None,None,662760,22210,None,None,None,1.14,0.9585
5,2019-03-31,USD,0,3143661,None,None,-3700346,-3534860,1450950,None,-3703610,-225760,1692710,None,-3144660,None,0,0,-558950,0,None,None,None,None,-559952,None,-3703613,-3600340,None,USD,4355510,None,None,17080,9798280,-5442770,None,222553,27190,-40591970,None,None,None,14250,10024040,8251220,8251215,None,35850,4319660,None,-7538815,None,None,None,None,1385831,None,None,None,None,None,None,None,35852,None,35852,None,None,None,0,None,None,None,33025960,None,4204700,None,27000000,USD,-2848,-353006,-2850,None,-159191,-159190,-101098,-834921,-3703610,-4031670,-3869640,None,3270,None,None,None,None,849887,2850,None,None,None,1.1,1.14
6,2018-12-31,USD,0,3311894,0,0,-3311894,-6831814,1371011,0,-6922255,-161512,1940883,None,-3311894,0,-684125,None,None,None,0,0,0,0,-3610361,0,-6922255,-6896011,None,USD,8496430,None,None,238040,10972583,-4346486,None,222553,27143,-36992911,None,None,None,8222119,10972583,7903000,7903000,None,36271,8460159,None,-4346486,None,None,None,None,1738837,None,None,None,None,None,None,None,None,None,None,None,None,None,None,None,None,None,32619280,None,8236370,None,22000000,USD,None,100574,-3145,None,2750000,2003000,-747000,474395,-6831814,-1019415,-3019270,None,3546,-7099,13734390,None,None,2745042,3145,None,None,None,0.962,1.1
7,2018-09-30,USD,0,2568824,0,0,-2568824,-3246227,1171324,0,-3278658,-90569,1397500,None,-2568824,0,-707714,None,None,None,0,0,0,0,-709834,0,-3278658,-3311124,None,USD,9398185,0,None,119842,5834573,1687233,0,222553,26543,-30096200,None,0,0,9241534,5834573,3256153,3256153,None,36671,9361514,None,1687233,0,None,0,0,1638262,-319067,31756890,26543,1967000,-30096200,0,None,None,None,None,None,None,None,None,None,None,None,31756890,None,9255780,None,27000000,USD,None,338745,-23464,0,2750000,-6156,943,36478,-3246227,-1896108,-1866488,None,2639,-7099,13734390,0,0,496029,23464,None,None,None,1.3,0.962
8,2018-06-30,USD,0,2738785,0,0,-2738785,-5065340,1148129,0,-5146540,-72054,1590656,None,-2738785,0,-500304,None,None,None,0,0,0,0,-2407755,0,-5146540,-5128963,None,USD,11237092,0,None,84541,4715259,4886643,0,222553,26510,-26524851,None,0,0,11137642,4715259,2750305,2750305,None,12586,11224506,None,4886643,0,None,0,0,1297197,6521833,0,0,1707000,0,0,None,None,None,None,None,None,None,None,None,None,None,None,None,None,None,19000000,USD,None,529591,-23464,0,2750000,9209196,-227805,395826,-5065340,7506950,-1702246,None,1802,-7099,9200000,0,0,2130141,23464,None,None,None,0.95,1.3
9,2018-03-31,USD,0,1943702,0,0,-1943702,-2825369,562535,0,-2825369,-72054,1381167,None,-1943702,0,-500304,None,None,None,0,0,0,0,-881667,0,-2825369,-3414700,None,USD,3758913,0,None,92542,3511077,-1459408,0,494000,17509,-21459511,None,0,0,3630692,1261076,2250001,2250001,None,14388,3744525,None,-1459408,0,None,2250001,0,767606,0,0,0,1707000,0,0,None,None,None,None,None,None,None,None,None,None,None,None,None,None,None,17000000,USD,None,-96799,-23464,0,2750000,4295573,-113438,-432490,-2825369,2095670,-2199903,None,1803,-7099,0,0,0,847219,23464,None,None,None,1.64,0.95
10,2017-12-31,USD,0,12130427,0,0,679837,870000,556000,0,870000,-89458,1886000,None,-7420132,0,363000,None,None,None,0,0,0,0,-1485150,0,5451192,310000,None,USD,1640000,0,None,88000,4488000,-3881007,0,1680000,15000,-17907611,None,0,0,1535000,2544000,1944268,1944268,None,17000,1623489,None,-3881007,0,None,1944000,0,864000,0,0,0,1033000,0,0,None,None,None,None,None,None,None,None,None,None,None,None,None,None,None,13000000,USD,None,-83793,-5301,0,4842577,7562000,-78178,643008,870000,949342,-6608208,None,7110,-7099,0,0,0,1997135,5000,None,None,None,2.2853,1.64
11,2017-09-30,USD,0,-6117740,0,0,-19502788,700748,705000,0,0,-72054,1967000,None,700748,0,362000,None,None,None,0,0,0,0,0,0,-26791018,-26985569,None,USD,3233000,0,None,104000,9146000,-319067,0,6571000,13000,-7701835,None,0,0,3111000,7563000,1582767,1582767,None,18000,741170,None,-6102747,0,None,1583000,0,992000,0,0,0,190000,0,0,None,None,None,None,None,None,None,None,None,None,None,None,None,None,None,13000000,USD,None,-660796,-21793,0,4842577,7552000,-113438,-17742,-1928722,3029404,-3251887,None,0,0,0,0,0,3433631,5000,None,None,None,5.43,2.2853
12,2017-06-30,USD,0,2021432,0,0,15058920,-1314735,701000,0,0,0,2020000,None,-1314735,0,0,None,None,None,0,0,0,0,0,0,16090645,16145134,None,USD,226000,0,None,125000,5276000,-319067,0,3624000,13000,-7701835,None,0,0,82000,5276000,714596,714596,None,19000,741170,None,-5049882,0,None,0,0,1652000,0,0,0,0,0,0,None,None,None,None,None,None,None,None,None,None,None,None,None,None,None,13000000,USD,None,718281,-14443,0,4842577,2150000,-113438,223444,-1314735,-823604,-2025042,None,0,0,0,0,0,-777425,5000,None,None,None,4.504,5.43
13,2017-03-31,USD,0,0,0,0,-4270088,0,657000,0,0,0,2154000,None,0,0,0,None,None,None,0,0,0,0,0,0,-4270088,-4296528,None,USD,1094000,0,None,167000,5409000,0,0,4475000,13000,0,None,0,0,905000,5409000,997898,997898,None,22000,0,None,-4314475,0,None,0,0,934000,0,0,0,0,0,0,None,None,None,None,None,None,None,None,None,None,None,None,None,None,None,13000000,USD,None,68129,0,0,4842577,2150000,-388628,-11353,0,319976,0,None,0,0,0,0,0,2386503,5000,None,None,None,5.0,4.504
14,2016-12-31,USD,0,5650851,0,0,-5650851,-5650851,607000,0,-5650851,-161512,1709000,None,-5650851,0,-724684,None,None,None,0,0,0,0,0,0,-5650851,-5650851,None,USD,870000,0,None,155000,1189000,-319067,111249,240000,13000,-7701835,None,0,111000,586000,1189000,None,None,None,18000,741170,None,-319067,0,None,0,0,949000,0,0,0,0,0,0,None,None,None,None,None,None,None,None,None,None,None,None,None,None,None,13000000,USD,None,877592,-21793,0,4842577,4295000,-1004938,-432756,-5650851,-181588,-4454857,None,3793,-7099,0,0,0,747365,22000,None,None,None,6.9,5.0
15,2016-09-30,USD,0,0,0,0,0,0,579000,0,0,0,1927000,None,0,0,0,None,None,None,0,0,0,0,0,0,0,0,None,USD,1986000,0,None,177000,842000,1144000,0,233000,13000,0,None,0,0,1789000,842000,None,None,None,20000,0,None,None,0,None,0,0,609000,0,0,0,0,0,0,None,None,None,None,None,None,None,None,None,None,None,None,None,None,None,13000000,USD,None,None,0,0,None,4295000,None,None,0,None,0,None,0,0,0,0,0,None,22000,None,None,None,14.0,6.9
16,2016-06-30,USD,0,0,0,0,0,0,355000,0,0,0,1314000,None,0,0,0,None,None,None,0,0,0,0,0,0,0,0,None,USD,3153000,0,None,116000,404000,2749000,0,188000,13000,0,None,0,0,3023000,404000,None,None,None,14000,0,None,None,0,None,0,0,216000,0,0,0,0,0,0,None,None,None,None,None,None,None,None,None,None,None,None,None,None,None,13000000,USD,None,None,0,0,None,4295000,None,None,0,None,0,None,0,0,0,0,0,None,14000,None,None,None,nan,14.0
17,2016-03-31,USD,0,0,0,0,0,0,179000,0,0,0,697000,None,0,0,0,None,None,None,0,0,0,0,0,0,0,0,None,USD,781000,None,None,91000,844000,None,None,484000,12000,None,None,None,442000,236000,844000,None,None,None,12000,None,None,None,None,None,None,None,360000,None,None,None,None,None,None,None,None,None,None,None,None,None,None,None,None,None,None,None,None,None,12000000,USD,None,261000,None,None,None,None,None,None,None,None,None,None,None,None,None,None,None,None,13000,None,None,None,nan,nan
18,2015-12-31,USD,0,1776600,0,0,-1776600,-1776600,141000,0,-1776600,-161512,731000,None,-1776600,0,-724684,None,None,None,0,0,0,0,0,0,-1776600,-1776600,None,USD,1214000,None,None,9000,580000,634000,438061,415000,12000,-2050984,None,None,438000,767000,580000,None,None,None,None,776029,None,633918,None,None,None,None,165000,None,None,None,None,None,None,None,None,None,None,None,None,None,None,None,None,None,None,None,None,None,11000000,USD,None,400000,-21793,None,4842577,1178000,-72204,293090,-1776600,-71809,-1249605,None,3793,-7099,1250000,None,None,133333,21793,None,None,None,nan,nan
19,2015-09-30,USD,0,0,0,0,0,0,264000,0,0,0,539000,None,0,0,0,None,None,None,0,0,0,0,0,0,0,0,None,USD,1810000,None,None,None,239000,1571000,None,None,12000,None,None,None,395000,1415000,239000,None,None,None,None,None,None,None,None,None,None,None,239000,None,None,None,None,None,None,None,None,None,None,None,None,None,None,None,None,None,None,None,None,None,11000000,USD,None,141000,None,None,None,1178000,None,None,None,None,None,None,None,None,None,None,None,None,0,None,None,None,nan,nan
