,fiscalDateEnding,reportedCurrency_x,totalRevenue,totalOperatingExpense,costOfRevenue,grossProfit,ebit,netIncome_x,researchAndDevelopment,effectOfAccountingCharges,incomeBeforeTax,minorityInterest,sellingGeneralAdministrative,otherNonOperatingIncome,operatingIncome,otherOperatingExpense,interestExpense,taxProvision,interestIncome,netInterestIncome,extraordinaryItems,nonRecurring,otherItems,incomeTaxExpense,totalOtherIncomeExpense,discontinuedOperations,netIncomeFromContinuingOperations,netIncomeApplicableToCommonShares,preferredStockAndOtherAdjustments,reportedCurrency_y,totalAssets,intangibleAssets,earningAssets,otherCurrentAssets,totalLiabilities,totalShareholderEquity,deferredLongTermLiabilities,otherCurrentLiabilities,commonStock,retainedEarnings,otherLiabilities,goodwill,otherAssets,cash,totalCurrentLiabilities,shortTermDebt,currentLongTermDebt,otherShareholderEquity,propertyPlantEquipment,totalCurrentAssets,longTermInvestments,netTangibleAssets,shortTermInvestments,netReceivables,longTermDebt,inventory,accountsPayable,totalPermanentEquity,additionalPaidInCapital,commonStockTotalEquity,preferredStockTotalEquity,retainedEarningsTotalEquity,treasuryStock,accumulatedAmortization,otherNonCurrrentAssets,deferredLongTermAssetCharges,totalNonCurrentAssets,capitalLeaseObligations,totalLongTermDebt,otherNonCurrentLiabilities,totalNonCurrentLiabilities,negativeGoodwill,warrants,preferredStockRedeemable,capitalSurplus,liabilitiesAndShareholderEquity,cashAndShortTermInvestments,accumulatedDepreciation,commonStockSharesOutstanding,reportedCurrency,investments,changeInLiabilities,cashflowFromInvestment,otherCashflowFromInvestment,netBorrowings,cashflowFromFinancing,otherCashflowFromFinancing,changeInOperatingActivities,netIncome_y,changeInCash,operatingCashflow,otherOperatingCashflow,depreciation,dividendPayout,stockSaleAndPurchase,changeInInventory,changeInAccountReceivables,changeInNetIncome,capitalExpenditures,changeInReceivables,changeInExchangeRate,changeInCashAndCashEquivalents,clossingVal,nextClossingVal
0,2020-06-30,USD,414400000,304000000,None,414400000,110400000,89900000,None,None,110400000,None,304000000,None,110400000,18600000,52000000,20500000,457600000,405600000,None,None,None,20500000,None,None,89900000,86400000,-3500000,USD,61509700000,188200000,9232600000,None,53746700000,7763000000,None,50084300000,5300000,1524600000,516800000,3065500000,46552300000,491900000,50084300000,None,None,-193200000,285700000,1479300000,45049700000,4265200000,9220400000,None,1014500000,None,None,None,None,5300000,244100000,1524600000,-1469000000,None,3208300000,None,51797400000,None,1014500000,2647900000,3662400000,None,None,None,7651200000,61509700000,1479300000,None,None,USD,317000000,0,-858200000,-1169600000,-4129000000,985200000,5193200000,-115400000,89900000,227400000,100400000,-86200000,10200000,-79000000,0,None,None,86500000,5600000,None,None,227400000,11.57,
1,2020-03-31,USD,486300000,320100000,None,486300000,166200000,130400000,None,None,166200000,None,320100000,None,166200000,21800000,103100000,35800000,499100000,396000000,None,None,None,35800000,None,None,130400000,126900000,-3500000,USD,60433300000,198500000,9316900000,None,52707800000,7725500000,None,45861100000,5300000,1514500000,532100000,3065500000,45404100000,507600000,45861100000,None,None,-213800000,300800000,1251900000,43961500000,4217400000,9295800000,None,1012600000,None,None,None,None,5300000,244100000,1514500000,-1469000000,None,3103600000,None,50629900000,None,1012600000,5834100000,6846700000,None,None,None,7644400000,60433300000,1251900000,None,430000000,USD,-653500000,0,-1286700000,-621600000,756100000,1521800000,1151600000,-470900000,130400000,450900000,215800000,-459700000,10700000,-80800000,-305100000,None,None,534400000,11600000,None,None,450900000,11.05,11.57
2,2019-12-31,USD,499600000,325700000,None,499600000,173900000,137500000,None,None,173900000,None,325700000,None,173900000,11300000,114100000,36500000,496800000,382700000,None,None,None,36400000,-71200000,None,137500000,133900000,24600000,USD,58589800000,209100000,8618000000,839000000,50642600000,7947200000,None,45209500000,5300000,1512800000,351300000,3065500000,44583000000,801000000,45209500000,3105600000,3105600000,-289800000,305500000,8590900000,43860800000,4428500000,7789900000,169100000,993100000,23400000,31300000,None,None,5300000,244100000,1512800000,-1164600000,None,2558000000,None,49998900000,313200000,993100000,4440000000,5433100000,None,None,None,7639400000,58589800000,8590900000,None,397000000,USD,-197400000,0,266000000,476800000,-14200000,-492500000,-413400000,28400000,137400000,8000000,234500000,-900000,22500000,-73500000,8600000,None,None,75500000,13400000,None,None,8000000,16.9,11.05
3,2019-09-30,USD,446900000,281400000,None,446900000,165500000,135100000,None,None,165500000,None,281400000,None,165500000,26800000,122200000,30400000,470900000,348700000,None,None,None,30400000,-18000000,None,135100000,131600000,-3500000,USD,52071800000,196800000,7317800000,24800000,44941100000,7130700000,None,39938500000,4900000,1449300000,483900000,2868100000,39894300000,793000000,39938500000,315600000,315600000,-307000000,258500000,7928200000,38560200000,3821700000,7135200000,None,915700000,26300000,38573500000,None,None,4900000,244100000,1449300000,-1162100000,None,2260000000,None,44143600000,None,915700000,4086900000,5002600000,None,None,None,6901500000,52071800000,7928200000,None,395000000,USD,-292100000,0,-315600000,700000,1229200000,265400000,-893800000,-109400000,135200000,12300000,62500000,-99500000,17800000,-73400000,3400000,None,None,9000000,24200000,None,None,12300000,15.64,16.9
4,2019-06-30,USD,446800000,278400000,None,446800000,168400000,133200000,None,None,168400000,None,278400000,None,168400000,31100000,124700000,35200000,472800000,348100000,None,None,None,35200000,3600000,None,133200000,129700000,-3500000,USD,51622500000,204800000,7378100000,17400000,44576300000,7046200000,None,40577300000,4900000,1388100000,473700000,2868100000,39693300000,780700000,40577300000,235200000,235200000,-319500000,261000000,7866600000,38330100000,3729200000,7085900000,None,911500000,14400000,39467300000,None,None,4900000,244100000,1388100000,-1162100000,None,2091900000,None,43755900000,None,911500000,3087500000,3999000000,None,None,None,6890700000,51622500000,7866600000,None,395000000,USD,-108400000,0,-20700000,113500000,-154300000,221600000,446800000,-198900000,133200000,166200000,-34700000,-189100000,17700000,-73300000,2400000,None,None,3500000,25800000,None,None,166200000,16.78,15.64
5,2019-03-31,USD,421800000,277200000,None,421800000,144600000,114600000,None,None,144600000,None,277200000,None,144600000,19200000,107700000,30000000,440500000,332800000,None,None,None,30000000,-27300000,None,114600000,111100000,-3500000,USD,48091900000,173300000,7289300000,7800000,41470700000,6621200000,None,37920900000,4700000,1328600000,463300000,2723200000,36533100000,614500000,37920900000,266400000,266400000,-352900000,255800000,7790000000,35282100000,3480600000,7175500000,None,903200000,16600000,36900900000,None,None,4700000,244100000,1328600000,-1162100000,None,1867500000,None,40301900000,None,903200000,2646600000,3549800000,None,None,None,6558800000,48091900000,7790000000,None,374000000,USD,-182000000,0,-240200000,-53900000,-734200000,-55800000,741900000,-186600000,114600000,-317500000,-21500000,-177200000,16200000,-68700000,5200000,None,None,24900000,4300000,None,None,-317500000,16.44,16.78
6,2018-12-31,USD,411500000,262700000,109100000,411500000,148800000,133000000,0,0,148800000,0,262700000,None,148800000,20100000,236700000,None,None,None,9200000,0,0,15800000,-19000000,0,133000000,129400000,-3600000,USD,47877300000,180000000,None,281800000,41343400000,6533900000,None,37004000000,4700000,1284800000,391700000,2685700000,35857000000,932000000,37004000000,2675200000,2675200000,-386900000,267300000,8165200000,35020500000,3424100000,7233200000,57800000,906800000,18100000,36159000000,None,None,4700000,244100000,1284800000,-1162100000,None,1558600000,None,39712100000,None,906800000,3432600000,4339400000,None,None,None,6549300000,47877300000,8165200000,None,352000000,USD,79800000,0,83700000,43200000,-293000000,180800000,541800000,-54100000,133000000,394000000,129500000,-44100000,16400000,-68600000,600000,None,None,24200000,39300000,None,None,394000000,14.43,16.44
7,2018-09-30,USD,390500000,241300000,91800000,390500000,149200000,117000000,0,0,149200000,0,241300000,None,149200000,19200000,9400000,None,None,None,0,0,0,32200000,-14900000,0,117000000,113500000,-3500000,USD,44133200000,133700000,None,15200000,38174300000,5958900000,0,33945200000,4400000,1220900000,474900000,2435200000,33165800000,538000000,33945200000,261300000,261300000,-402700000,243800000,7922600000,31976500000,3145900000,7384600000,None,911600000,15100000,33210200000,0,0,4400000,244100000,1220900000,-1162100000,None,1421400000,None,36210600000,None,911600000,3317500000,4229100000,None,None,None,6054300000,44133200000,7922600000,None,345000000,USD,207800000,0,195600000,3600000,-1246700000,-559000000,742000000,29600000,117000000,-177800000,185600000,29500000,13700000,-63600000,9300000,2300000,0,25400000,15800000,None,None,-177800000,17.12,14.43
8,2018-06-30,USD,389600000,248600000,80700000,389600000,141000000,110200000,0,0,141000000,0,248600000,None,141000000,19600000,10900000,None,None,None,0,0,0,30800000,-21800000,0,110200000,106700000,-3500000,USD,44574500000,138600000,None,17100000,38674300000,5900200000,0,33323200000,4400000,1167900000,494600000,2435200000,33468300000,715800000,33323200000,254900000,254900000,-394400000,246300000,8039900000,32292300000,3082300000,7324100000,None,907800000,18800000,32468200000,0,0,4400000,244100000,1167900000,-1162100000,None,1422200000,None,36534600000,None,907800000,4443300000,5351100000,None,None,None,6040300000,44574500000,8039900000,None,345000000,USD,-504400000,0,-557000000,-32700000,763200000,280500000,-425900000,-19200000,110200000,-156700000,119800000,-20100000,13800000,-63400000,6600000,0,0,15900000,19900000,None,None,-156700000,18.09,17.12
9,2018-03-31,USD,380800000,243500000,68700000,380800000,137300000,107900000,0,0,137300000,0,243500000,None,137300000,15700000,63300000,None,None,None,0,0,0,29400000,-15400000,0,107900000,104400000,-3500000,USD,44100500000,143500000,None,23500000,38255000000,5845500000,0,33698800000,4400000,1121400000,592400000,2411400000,11081100000,872500000,33698800000,265800000,265800000,-391300000,250000000,8045500000,31879500000,3046500000,7173000000,None,1087300000,27800000,32893800000,0,0,4400000,244100000,1121400000,-1162100000,None,1370600000,None,36055000000,None,1087300000,3468900000,4556200000,None,None,None,6029000000,44100500000,8045500000,None,344000000,USD,288000000,0,277300000,2200000,-225900000,-441800000,-162500000,3700000,107900000,-10100000,154400000,4500000,14200000,-62300000,8900000,6500000,0,27800000,12900000,None,None,-10100000,18.66,18.09
10,2017-12-31,USD,1426500000,1544100000,65800000,1426500000,-705600000,106300000,0,0,132400000,0,171400000,None,180700000,110800000,194400000,None,None,None,0,0,0,26100000,-100600000,0,98800000,102700000,None,USD,44453400000,148600000,None,251900000,38633500000,5819900000,0,33876300000,4400000,1040200000,571800000,2411400000,10777600000,882600000,33876300000,3058500000,3058500000,-319000000,253000000,7925200000,32357500000,3015800000,7042600000,100500000,1109400000,33500000,33056300000,0,0,4400000,244100000,1040200000,-1162100000,None,1357700000,None,36528200000,None,1109400000,3647800000,4757200000,None,None,None,6012300000,44453400000,7925200000,None,333000000,USD,-194700000,0,-693500000,12700000,-799500000,360000000,1343100000,37100000,106300000,268500000,602000000,None,69100000,-242000000,0,25900000,0,124800000,29000000,None,None,None,18.7,18.66
11,2017-09-30,USD,366900000,237100000,61600000,366900000,129800000,90800000,0,0,129800000,0,237100000,None,129800000,-22700000,2300000,None,None,None,0,0,0,39000000,0,0,90800000,87300000,-3500000,USD,43998200000,156500000,None,15000000,38252100000,5746100000,0,33090300000,4300000,996400000,654600000,2411400000,10839800000,716600000,33090300000,5111600000,5111600000,-308800000,264700000,7630900000,32166100000,2934100000,6914300000,None,1137300000,26000000,32547300000,0,0,4300000,244100000,996400000,-1162100000,None,1368600000,None,36367300000,None,1137300000,4024500000,5161800000,None,None,None,5972200000,43998200000,7630900000,None,339000000,USD,-18400000,0,-170800000,-142000000,-649300000,24700000,732600000,49500000,90800000,44400000,190500000,49600000,17800000,-61800000,3200000,27000000,0,32300000,10400000,None,None,44400000,18.14,18.7
12,2017-06-30,USD,359400000,257300000,54200000,359400000,102100000,69300000,0,0,102100000,0,257300000,None,102100000,-23700000,-36700000,None,None,None,0,0,0,32800000,0,0,69300000,65800000,-3500000,USD,43023200000,163300000,None,26500000,37319700000,5703500000,0,32443700000,4300000,967800000,514100000,2263000000,10663700000,672200000,32443700000,5056100000,5056100000,-315600000,270200000,7552200000,31406100000,3033100000,6880000000,None,907100000,37500000,31814700000,0,0,4300000,244100000,967800000,-1162100000,None,1368400000,None,35471000000,None,907100000,3968900000,4876000000,None,None,None,5965000000,43023200000,7552200000,None,339000000,USD,-590900000,0,-419100000,180000000,887000000,285100000,-543400000,-66200000,69300000,-100800000,33200000,-66000000,18000000,-61800000,3300000,14400000,0,11900000,8200000,None,None,-100800000,17.66,18.14
13,2017-03-31,USD,328900000,226100000,46300000,328900000,102800000,70800000,0,0,102800000,0,226100000,None,102800000,10700000,41900000,None,None,None,0,0,0,32000000,0,0,70800000,67300000,-3500000,USD,40229600000,143100000,None,17100000,35034600000,5195000000,0,31118700000,4100000,960900000,442000000,1992700000,9729100000,773000000,31118700000,3183000000,3183000000,-324700000,239400000,7196500000,29473100000,2815100000,6423500000,None,985800000,32100000,30505700000,0,0,4100000,244100000,960900000,-1162100000,None,1184800000,None,33033100000,None,985800000,2930100000,3915900000,None,None,None,5472700000,40229600000,7196500000,None,311000000,USD,380900000,0,373500000,1200000,-998200000,-391200000,644900000,31000000,70800000,158900000,176600000,33000000,15600000,-56200000,18300000,23100000,0,57200000,8600000,None,None,158900000,18.2,17.66
14,2016-12-31,USD,1276900000,803100000,47200000,1276900000,-301700000,75900000,0,0,106100000,0,151800000,None,156000000,37600000,154400000,None,None,None,0,0,0,30200000,-64300000,0,103900000,74100000,None,USD,40609800000,149400000,None,232900000,35467900000,5141900000,0,29860800000,4000000,949300000,520200000,1992700000,10007300000,614100000,29860800000,3143300000,3143300000,-339600000,244500000,7352000000,29554900000,2755700000,6737900000,61900000,1030100000,51400000,29860800000,0,0,4000000,244100000,949300000,-1162000000,None,1316300000,None,33257800000,None,1030100000,4577000000,5607100000,None,None,None,5446100000,40609800000,7352000000,None,304000000,USD,-309600000,0,-1753400000,19000000,-247900000,1316600000,1443400000,-104200000,75900000,-101200000,335600000,None,60500000,-207500000,0,1500000,0,62100000,42400000,None,None,None,19.36,18.2
15,2016-09-30,USD,327700000,221400000,47600000,327700000,106300000,73700000,0,0,106300000,0,221400000,None,106300000,98200000,100000,None,None,None,0,0,0,32600000,0,0,73700000,73700000,None,USD,40692100000,113300000,None,None,35829800000,4862300000,0,30499500000,4000000,927300000,683900000,1957000000,10519600000,720300000,30499500000,4436500000,4436500000,-266800000,245100000,7766600000,29188000000,2792000000,7046300000,None,1053900000,65600000,29655500000,0,0,4000000,0,927300000,-1162000000,None,1422100000,None,32925500000,None,1053900000,4276400000,5330300000,None,None,None,5359800000,40692100000,7766600000,None,303000000,USD,-605500000,None,-613600000,3100000,-126200000,483800000,656400000,15600000,73700000,12500000,142300000,15600000,15000000,-51700000,5300000,0,0,38000000,11200000,None,None,12500000,15.82,19.36
16,2016-06-30,USD,315400000,212900000,48500000,315400000,102500000,68500000,0,0,102500000,0,212900000,None,102500000,-65700000,-37300000,None,None,None,0,0,0,34000000,0,0,68500000,68500000,None,USD,40150000000,119100000,None,None,35320300000,4829700000,0,29679100000,3900000,905800000,699800000,1957000000,10300400000,707800000,29679100000,4563200000,4563200000,-268400000,249500000,7493200000,28879300000,2753600000,6785400000,None,1058200000,74400000,28999100000,0,0,3900000,0,905800000,-1162000000,None,1451900000,None,32656800000,None,1058200000,4583000000,5641200000,None,None,None,5350400000,40150000000,7493200000,None,303000000,USD,-557000000,None,-566700000,4800000,846600000,692800000,-106400000,-50100000,68500000,154100000,28000000,-50100000,15000000,-51700000,4300000,0,0,-5400000,14500000,None,None,154100000,14.66,15.82
17,2016-03-31,USD,311900000,217300000,48400000,311900000,94600000,62900000,0,0,94600000,0,217300000,None,94600000,16300000,37900000,None,None,None,0,0,0,31700000,0,0,62900000,62900000,None,USD,39263800000,123300000,None,None,34472600000,4791200000,0,29408500000,3900000,889600000,599400000,1955600000,10117700000,553700000,29408500000,3717300000,3717300000,-284700000,252100000,7285300000,28326700000,2712300000,6731600000,None,1050400000,45100000,29105500000,0,0,3900000,0,889600000,-1161900000,None,1320800000,None,31978500000,None,1050400000,4013700000,5064100000,None,None,None,5344300000,39263800000,7285300000,None,302000000,USD,-321600000,None,-323300000,1800000,-589400000,45600000,688100000,10700000,62900000,-161600000,116100000,10700000,15000000,-50700000,-2400000,3900000,0,27500000,3500000,None,None,-161600000,15.93,14.66
18,2015-12-31,USD,1250600000,788700000,45100000,1250600000,0,70800000,0,0,105400000,0,149000000,None,148200000,75000000,101700000,None,None,None,0,0,0,34600000,-71400000,0,260100000,70800000,None,USD,38877400000,129100000,None,211100000,34145800000,4731600000,0,28791400000,3900000,880800000,382400000,1958700000,9462900000,715300000,28791400000,3669500000,3669500000,-329000000,257800000,7164700000,28234400000,2643800000,6449400000,60000000,1038700000,47100000,28417400000,0,0,3900000,0,880800000,-1161800000,None,1132700000,None,31712700000,None,1038700000,4315700000,5354400000,None,None,None,5337700000,38877400000,7164700000,None,300000000,USD,-1316800000,0,-3347200000,24600000,618200000,2720500000,2279200000,-92500000,70800000,-298400000,328300000,None,63200000,-201200000,0,5200000,0,58800000,80300000,None,None,None,16.15,15.93
19,2015-09-30,USD,315700000,214200000,41300000,315700000,101500000,68400000,0,0,101500000,0,214200000,None,101500000,0,1000000,None,None,None,0,0,0,33100000,0,0,68400000,68400000,None,USD,37477700000,130200000,None,None,32746900000,4730800000,0,28639700000,3900000,861000000,425500000,1954500000,9154200000,544900000,28639700000,None,None,-299700000,258700000,6466200000,27500900000,2646100000,5921300000,None,1044900000,55200000,28279700000,0,0,3900000,0,861000000,-1161700000,None,1167200000,None,31011500000,None,1044900000,3062300000,4107200000,None,None,None,5327300000,37477700000,6466200000,None,301000000,USD,-307900000,None,-318700000,9800000,-565300000,231300000,844900000,None,68400000,-13400000,74000000,-51700000,15700000,-50600000,2300000,2300000,0,41600000,20600000,None,None,-13400000,15.72,16.15
