,fiscalDateEnding,reportedCurrency_x,totalRevenue,totalOperatingExpense,costOfRevenue,grossProfit,ebit,netIncome_x,researchAndDevelopment,effectOfAccountingCharges,incomeBeforeTax,minorityInterest,sellingGeneralAdministrative,otherNonOperatingIncome,operatingIncome,otherOperatingExpense,interestExpense,taxProvision,interestIncome,netInterestIncome,extraordinaryItems,nonRecurring,otherItems,incomeTaxExpense,totalOtherIncomeExpense,discontinuedOperations,netIncomeFromContinuingOperations,netIncomeApplicableToCommonShares,preferredStockAndOtherAdjustments,reportedCurrency_y,totalAssets,intangibleAssets,earningAssets,otherCurrentAssets,totalLiabilities,totalShareholderEquity,deferredLongTermLiabilities,otherCurrentLiabilities,commonStock,retainedEarnings,otherLiabilities,goodwill,otherAssets,cash,totalCurrentLiabilities,shortTermDebt,currentLongTermDebt,otherShareholderEquity,propertyPlantEquipment,totalCurrentAssets,longTermInvestments,netTangibleAssets,shortTermInvestments,netReceivables,longTermDebt,inventory,accountsPayable,totalPermanentEquity,additionalPaidInCapital,commonStockTotalEquity,preferredStockTotalEquity,retainedEarningsTotalEquity,treasuryStock,accumulatedAmortization,otherNonCurrrentAssets,deferredLongTermAssetCharges,totalNonCurrentAssets,capitalLeaseObligations,totalLongTermDebt,otherNonCurrentLiabilities,totalNonCurrentLiabilities,negativeGoodwill,warrants,preferredStockRedeemable,capitalSurplus,liabilitiesAndShareholderEquity,cashAndShortTermInvestments,accumulatedDepreciation,commonStockSharesOutstanding,reportedCurrency,investments,changeInLiabilities,cashflowFromInvestment,otherCashflowFromInvestment,netBorrowings,cashflowFromFinancing,otherCashflowFromFinancing,changeInOperatingActivities,netIncome_y,changeInCash,operatingCashflow,otherOperatingCashflow,depreciation,dividendPayout,stockSaleAndPurchase,changeInInventory,changeInAccountReceivables,changeInNetIncome,capitalExpenditures,changeInReceivables,changeInExchangeRate,changeInCashAndCashEquivalents,clossingVal,nextClossingVal
0,2020-06-30,USD,8959000,None,None,None,None,1841000,None,None,2267000,292000,3935000,None,None,685000,2874000,439000,10450000,7576000,None,None,None,439000,None,None,1828000,1443000,None,USD,1167024000,141000,None,None,1074417000,92315000,None,None,48000,47660000,9679000,4536000,824518000,45123000,None,None,10158000,-5152000,24623000,None,258993000,87626000,116131000,4973000,80384000,None,276000,None,None,None,None,None,None,None,None,None,None,2587000,None,None,None,None,None,None,None,None,None,None,None,USD,-69102000,0,-69102000,702000,-16040000,54320000,70713000,-101000,1841000,-12456000,2326000,None,401000,-354000,None,None,-1273000,1387000,417000,None,None,None,9.54,
1,2020-03-31,USD,9335000,None,None,None,None,1690000,None,None,2215000,305000,4212000,None,None,808000,3264000,455000,10973000,7709000,None,None,None,455000,None,None,1760000,1323000,None,USD,1107643000,145000,255823000,None,1019332000,88006000,None,None,47000,46174000,9099000,4536000,769717000,57579000,None,None,8138000,-7886000,24653000,None,242347000,83313000,121458000,3700000,98435000,None,407000,None,None,None,None,None,None,None,None,None,None,2618000,15136000,None,None,None,None,None,49659000,None,None,None,5000000,USD,-16759000,0,-16759000,157000,-1688000,16183000,18029000,-1262000,1690000,37419000,37995000,None,144000,-352000,194000,None,12000,37328000,19000,None,None,None,10.7,9.54
2,2019-12-31,USD,8893000,6198000,None,8479000,None,1860000,None,None,2281000,235000,4164000,None,2281000,805000,3476000,415000,11183000,7707000,None,None,None,415000,None,None,1866000,1511000,None,USD,1093807000,149000,286622000,None,1003138000,90434000,None,None,47000,44839000,9276000,4536000,764633000,20160000,None,25138000,25138000,-3826000,25085000,None,234656000,85737000,111134000,3712000,83115000,None,396000,None,None,None,None,None,None,None,None,None,None,2650000,15128000,None,None,None,None,None,49362000,None,None,None,4000000,USD,-56999000,0,-56999000,-512000,13873000,35821000,22290000,-753000,1860000,-19613000,1565000,None,394000,-353000,19787000,None,-399000,648000,675000,None,None,None,13.9,10.7
3,2019-09-30,USD,8301000,6124000,None,7891000,None,1295000,None,None,1609000,229000,4230000,None,1767000,869000,3528000,324000,10670000,7142000,None,None,None,324000,-158000,None,1285000,1012000,None,USD,1056120000,153000,258485000,3313000,966929000,88962000,None,None,47000,43332000,9109000,4536000,744289000,39773000,878430000,18238000,18238000,-3665000,24833000,43234000,234865000,84261000,120002000,3313000,76133000,148000,468000,None,None,None,None,None,None,None,None,None,None,2681000,15119000,None,None,None,None,None,49236000,None,None,None,5000000,USD,-54467000,0,-54467000,700000,-10182000,40421000,50962000,976000,1295000,-10569000,3477000,None,395000,-351000,19769000,None,26000,711000,553000,None,None,None,13.43,13.9
4,2019-06-30,USD,7696000,6153000,None,7315000,None,607000,None,None,776000,239000,4413000,None,1162000,955000,3402000,175000,10034000,6632000,None,None,None,175000,-386000,None,601000,492000,None,USD,1012856000,157000,228900000,3339000,925012000,87605000,None,None,47000,42389000,8563000,4536000,711379000,50342000,838193000,29000000,29000000,-3968000,24705000,54272000,213364000,82900000,117530000,3339000,75545000,591000,446000,None,None,None,None,None,None,None,None,None,None,2711000,15111000,None,None,None,None,None,49125000,None,None,None,4000000,USD,-14083000,0,-14083000,-290000,12572000,34968000,3090000,2546000,607000,25526000,4641000,None,391000,-263000,19769000,None,25000,1001000,1092000,None,None,None,14.55,13.43
5,2019-03-31,USD,7441000,6363000,None,7496000,None,514000,None,None,785000,258000,4728000,None,1133000,654000,3122000,251000,9592000,6547000,None,None,None,251000,-348000,None,534000,514000,None,USD,975072000,161000,254874000,7996000,908892000,66180000,None,None,44000,42133000,7388000,4536000,678826000,24816000,819110000,13000000,13000000,-4462000,24001000,28803000,234657000,61483000,155302000,3364000,15102000,623000,471000,None,None,None,None,None,None,None,None,None,None,2711000,15102000,None,None,None,None,None,29454000,None,None,None,4000000,USD,-37262000,0,-37262000,-35986000,-41100000,37325000,37388000,-2532000,514000,-1500000,-1563000,None,360000,-263000,200000,None,-296000,299000,1276000,None,None,None,13.05,14.55
6,2018-12-31,USD,7190000,5966000,3041000,7190000,0,1097000,0,0,1139000,238000,5245000,None,1224000,721000,0,41000,9255000,6510000,0,0,0,41000,-85000,0,1098000,1097000,None,USD,933115000,181000,254215000,7068000,868656000,64221000,None,None,44000,42114000,7664000,4536000,639256000,22316000,797591000,31227000,31227000,-7076000,20623000,30557000,237962000,59520000,None,None,63401000,1173000,727060000,None,None,None,None,None,None,None,None,None,None,None,15094000,None,None,None,None,None,29139000,None,None,None,4000000,USD,-15718000,0,-22168000,-1548000,38898000,9511000,-29149000,597000,1097000,-9658000,2999000,None,324000,-261000,385000,None,None,1044000,3516000,None,None,None,15.66,13.05
7,2018-09-30,USD,7045000,5760000,2725000,7045000,0,985000,0,0,1133000,243000,5062000,None,1285000,698000,0,157000,8830000,6396000,0,0,0,157000,-152000,0,976000,985000,None,USD,921615000,169000,244603000,7393000,858052000,63320000,None,None,44000,41270000,6801000,4536000,640570000,31496000,758530000,None,None,-6927000,17418000,39157000,219765000,58615000,None,None,92721000,268000,756204000,None,None,None,None,None,-1079000,None,None,None,None,None,15085000,None,None,None,None,None,28933000,None,None,None,4000000,USD,-5316000,0,-20153000,247000,-4467000,18455000,23026000,-983000,985000,-766000,932000,None,276000,-262000,362000,4000,132000,745000,1017000,None,None,None,15.05,15.66
8,2018-06-30,USD,7194000,5992000,2346000,7194000,0,945000,0,0,1067000,252000,5253000,None,1202000,739000,-471000,166000,8516000,6467000,0,0,0,166000,-135000,0,901000,945000,None,USD,903482000,173000,243018000,7090000,840613000,62617000,None,None,43000,40540000,8010000,4536000,626913000,32375000,760024000,99179000,99179000,-6595000,16692000,39562000,215606000,57908000,None,None,72579000,97000,733169000,None,None,None,None,None,-1124000,None,None,None,None,None,15076000,None,None,None,None,None,28629000,None,None,None,4000000,USD,10815000,0,5547000,-5693000,20215000,9332000,-10747000,1856000,945000,18461000,3582000,None,302000,-256000,204000,None,322000,132000,208000,None,None,None,15.97,15.05
9,2018-03-31,USD,6618000,5339000,2429000,6618000,0,1004000,0,0,1216000,30000,3675000,None,2693000,558000,471000,182000,8209000,6393000,0,0,0,182000,-63000,0,1034000,1004000,None,USD,891137000,4714000,235967000,8109000,828699000,62075000,None,743805000,43000,34817000,5938000,4536000,255362000,13170000,764623000,78956000,78956000,-6181000,16790000,21387000,226684000,57361000,None,3000000,58356000,108000,743805000,None,None,None,None,None,-1169000,None,None,None,None,None,15068000,None,None,None,None,None,28384000,None,None,None,4000000,USD,12479000,0,-15251000,434000,-10000000,10070000,20232000,-1208000,1004000,-3712000,1469000,None,307000,-246000,84000,None,47000,1224000,951000,None,None,None,15.45,15.97
10,2017-12-31,USD,23455000,25378000,2421000,31288000,-1680000,864000,0,0,765000,315000,3860000,None,2496000,3001000,6384000,None,None,None,0,0,0,53000,-482000,0,3616000,864000,None,USD,881257000,4718000,None,9347000,819113000,61811000,None,723603000,43000,34812000,6563000,4536000,268976000,15691000,754389000,2000000,2000000,-5422000,16117000,25506000,241189000,57093000,12283000,3047000,58347000,468000,723603000,None,None,None,None,None,-1214000,None,None,None,None,None,None,None,None,None,None,None,None,None,None,None,4000000,USD,-41210000,0,-133943000,565000,14881000,126673000,112521000,-1246000,864000,-428000,6842000,None,1079000,-884000,155000,None,-515000,3677000,1975000,None,None,None,15.4,15.45
11,2017-09-30,USD,11429000,-9700000,1950000,-12070000,5040000,907000,0,0,1311000,18000,3514000,None,2780000,-309000,514000,None,None,None,0,0,0,386000,90000,0,448000,907000,None,USD,874604000,4722000,None,2638000,812215000,61904000,None,716427000,43000,35050000,5941000,4536000,236796000,61218000,750641000,89847000,89847000,-3810000,16051000,64527000,209733000,57182000,None,2638000,55811000,671000,716427000,None,None,None,None,None,-1259000,None,None,None,None,None,None,None,None,None,None,None,None,None,None,None,4000000,USD,112000,0,-17645000,359000,-9900000,120847000,105497000,-1132000,907000,45894000,4355000,None,270000,-648000,88000,None,41000,803000,1640000,None,None,None,15.3,15.4
12,2017-06-30,USD,17278000,4943000,1926000,6221000,-5040000,920000,0,0,1197000,39000,3350000,None,2595000,-466000,-1216000,None,None,None,0,0,0,238000,-81000,0,-1441000,920000,None,USD,811221000,4726000,None,2679000,749690000,61064000,None,643843000,43000,34502000,6109000,4536000,236870000,15324000,685485000,99738000,99738000,-3724000,15782000,18681000,210924000,56338000,None,2679000,58202000,678000,643843000,None,None,None,None,None,-1304000,None,None,None,None,None,None,None,None,None,None,None,None,None,None,None,4000000,USD,-67000,0,-29944000,306000,31675000,58280000,32895000,570000,920000,-21295000,3383000,None,263000,-425000,5000,None,32000,993000,1108000,None,None,None,15.7,15.3
13,2017-03-31,USD,7833000,0,1762000,0,1680000,800000,0,0,1072000,27000,3389000,None,2402000,389000,608000,None,None,None,0,0,0,245000,0,0,800000,800000,None,USD,802345000,4730000,None,None,742507000,59379000,None,669532000,43000,33009000,4921000,4536000,234178000,245161000,None,20921000,20921000,-4556000,15724000,None,720687000,54649000,None,2711000,47133000,694000,669532000,None,None,None,None,None,-1349000,None,None,None,None,None,None,None,None,None,None,None,None,None,None,None,4000000,USD,-38266000,None,-38814000,152000,-5926000,52494000,58576000,-1356000,800000,14200000,520000,None,708000,-212000,83000,None,-179000,547000,794000,None,None,None,14.6,15.7
14,2016-12-31,USD,23519000,18765000,1378000,23519000,0,959000,0,0,1252000,2000,3250000,None,2566000,2482000,3804000,None,None,None,0,0,0,291000,-345000,0,3298000,959000,None,USD,749034000,4734000,None,15732000,690673000,57929000,53000,610983000,43000,31797000,5718000,4536000,224941000,9219000,653005000,73972000,73972000,-5216000,15177000,25548000,199850000,53195000,15451000,2532000,32025000,597000,610983000,None,None,None,None,None,-1394000,None,None,None,None,None,None,None,None,None,None,None,None,None,None,None,4000000,USD,-56730000,0,-121457000,194000,17111000,122260000,120140000,574000,959000,7174000,6371000,None,1047000,-915000,143000,5000,-479000,1701000,1362000,None,None,None,13.49,14.6
15,2016-09-30,USD,0,0,1274000,0,0,820000,0,0,1138000,-34000,3232000,None,2396000,0,0,None,None,None,0,0,0,322000,0,0,0,820000,None,USD,717130000,4738000,None,None,657856000,58844000,None,None,43000,32920000,5615000,4536000,210495000,None,None,None,None,None,15020000,None,None,None,None,None,32016000,655000,555125000,None,None,None,None,None,-1439000,None,None,None,None,None,None,None,None,None,None,None,None,None,None,None,4000000,USD,None,None,None,185000,None,89726000,64280000,None,820000,None,4062000,None,None,-704000,None,None,None,None,949000,None,None,None,12.16,13.49
16,2016-06-30,USD,0,0,1023000,0,0,832000,0,0,1101000,34000,3078000,None,2569000,0,0,None,None,None,0,0,0,225000,0,0,0,832000,None,USD,670971000,4742000,None,None,610848000,59689000,None,None,44000,32259000,6322000,4536000,185838000,None,None,None,None,None,14880000,None,None,None,None,None,28508000,506000,526068000,None,None,None,None,None,-1484000,None,None,None,None,None,None,None,None,None,None,None,None,None,None,None,4000000,USD,None,None,None,170000,None,43915000,35227000,None,832000,None,3255000,None,None,-485000,None,None,None,None,504000,None,None,None,11.27,12.16
17,2016-03-31,USD,0,0,1082000,0,0,661000,0,0,928000,0,3148000,None,2243000,0,0,None,None,None,0,0,0,273000,0,0,0,645000,None,USD,665326000,4746000,None,None,606552000,58774000,None,None,44000,31490000,6195000,4536000,195770000,None,None,None,None,None,14914000,None,None,None,None,None,31499000,659000,539358000,None,None,None,None,None,-1529000,None,None,None,None,None,None,None,None,None,None,None,None,None,None,None,4000000,USD,None,None,None,None,None,40470000,49037000,None,661000,None,489000,None,None,-267000,None,None,None,None,313000,None,None,None,11.02,11.27
18,2015-12-31,USD,21590000,17179000,1144000,21590000,0,781000,0,0,1033000,10000,2913000,None,2448000,2317000,2657000,None,None,None,0,0,0,242000,-408000,0,2932000,748000,None,USD,623254000,4750000,None,5953000,552025000,70805000,None,490315000,44000,30618000,5419000,4536000,167926000,11345000,515341000,56318000,56318000,-4139000,14834000,17815000,145663000,53055000,5621000,2053000,31491000,517000,490315000,None,None,None,13000000,None,-1574000,None,None,None,None,None,None,None,None,None,None,None,None,None,None,None,4000000,USD,-15448000,0,-61485000,574000,-14964000,59063000,74757000,600000,781000,3889000,6311000,None,1028000,-739000,9000,1000,-204000,1828000,2632000,None,None,None,12.9,11.02
19,2015-09-30,USD,0,0,872000,0,0,885000,0,0,1211000,11000,3013000,None,2319000,0,0,None,None,None,0,0,0,315000,0,0,0,853000,None,USD,607198000,4754000,None,None,536018000,70766000,None,None,44000,30682000,5296000,4536000,166198000,None,None,None,None,None,14091000,None,None,None,None,None,19155000,472000,496342000,None,None,None,13000000,None,-1619000,None,None,None,None,None,None,None,None,None,None,None,None,None,None,None,4000000,USD,None,None,None,149000,None,43410000,80774000,None,885000,None,4270000,None,None,-489000,None,1000,None,None,1651000,None,None,None,11.1,12.9
