,fiscalDateEnding,reportedCurrency_x,totalRevenue,totalOperatingExpense,costOfRevenue,grossProfit,ebit,netIncome_x,researchAndDevelopment,effectOfAccountingCharges,incomeBeforeTax,minorityInterest,sellingGeneralAdministrative,otherNonOperatingIncome,operatingIncome,otherOperatingExpense,interestExpense,taxProvision,interestIncome,netInterestIncome,extraordinaryItems,nonRecurring,otherItems,incomeTaxExpense,totalOtherIncomeExpense,discontinuedOperations,netIncomeFromContinuingOperations,netIncomeApplicableToCommonShares,preferredStockAndOtherAdjustments,reportedCurrency_y,totalAssets,intangibleAssets,earningAssets,otherCurrentAssets,totalLiabilities,totalShareholderEquity,deferredLongTermLiabilities,otherCurrentLiabilities,commonStock,retainedEarnings,otherLiabilities,goodwill,otherAssets,cash,totalCurrentLiabilities,shortTermDebt,currentLongTermDebt,otherShareholderEquity,propertyPlantEquipment,totalCurrentAssets,longTermInvestments,netTangibleAssets,shortTermInvestments,netReceivables,longTermDebt,inventory,accountsPayable,totalPermanentEquity,additionalPaidInCapital,commonStockTotalEquity,preferredStockTotalEquity,retainedEarningsTotalEquity,treasuryStock,accumulatedAmortization,otherNonCurrrentAssets,deferredLongTermAssetCharges,totalNonCurrentAssets,capitalLeaseObligations,totalLongTermDebt,otherNonCurrentLiabilities,totalNonCurrentLiabilities,negativeGoodwill,warrants,preferredStockRedeemable,capitalSurplus,liabilitiesAndShareholderEquity,cashAndShortTermInvestments,accumulatedDepreciation,commonStockSharesOutstanding,reportedCurrency,investments,changeInLiabilities,cashflowFromInvestment,otherCashflowFromInvestment,netBorrowings,cashflowFromFinancing,otherCashflowFromFinancing,changeInOperatingActivities,netIncome_y,changeInCash,operatingCashflow,otherOperatingCashflow,depreciation,dividendPayout,stockSaleAndPurchase,changeInInventory,changeInAccountReceivables,changeInNetIncome,capitalExpenditures,changeInReceivables,changeInExchangeRate,changeInCashAndCashEquivalents,clossingVal,nextClossingVal
0,2020-06-30,USD,9067000,None,None,None,None,3620000,None,None,4321000,None,2648000,None,None,519000,4486000,701000,9791000,5305000,None,None,None,701000,None,None,3620000,3620000,None,USD,1187812000,366000,467113000,None,1059573000,128239000,None,None,108000,52911000,41355000,6102000,632733000,62371000,None,None,25000000,-3978000,8477000,None,467113000,121771000,441403000,5134000,266069000,None,38096000,None,None,None,None,None,None,None,None,None,None,None,None,None,None,None,None,None,None,None,None,None,None,USD,58269000,0,58269000,2570000,-63555000,-75108000,-3743000,277000,3620000,-16668000,171000,None,116000,-571000,-8026000,None,-722000,-2226000,122000,None,None,None,12.04,
1,2020-04-30,USD,9067000,None,None,None,None,3620000,None,None,4321000,None,2648000,None,None,519000,4486000,701000,9791000,5305000,None,None,None,701000,None,None,3620000,3620000,None,USD,None,None,None,None,None,None,None,None,108000,52911000,None,None,632733000,None,None,None,None,-3978000,8477000,None,None,121771000,None,None,None,None,None,None,None,None,None,None,None,None,None,None,None,None,None,None,None,None,None,None,None,None,None,None,None,USD,58269000,0,58269000,2570000,-63555000,-75108000,-520590,277000,3620000,-16668000,171000,None,116000,-571000,-8026000,None,-722000,-3146000,122000,None,None,None,12.3,12.04
2,2020-03-31,USD,8456000,None,None,None,None,2924000,None,None,3496000,None,3180000,None,None,522000,5222000,572000,11010000,5788000,None,None,None,572000,None,None,2924000,2924000,None,USD,1267234000,392000,628719000,None,1134988000,132246000,None,None,108000,49862000,48880000,6102000,623966000,79039000,None,None,80000000,-4853000,8571000,None,540307000,125752000,511333000,4412000,274624000,None,46213000,None,None,None,None,None,-30994000,None,None,None,None,None,None,None,None,None,None,None,118123000,None,None,None,None,USD,81638000,0,81638000,2027000,-53532000,-50161000,9907000,958000,2924000,47881000,16404000,None,113000,-4453000,-1999000,None,191000,12192000,109000,None,None,None,14.8,12.3
3,2020-01-31,USD,8456000,None,None,None,None,2924000,None,None,3496000,None,3180000,None,None,522000,5222000,572000,11010000,5788000,None,None,None,572000,None,None,2924000,2924000,None,USD,None,None,None,None,None,None,None,None,108000,49862000,None,None,623966000,None,None,None,None,-4853000,8571000,None,None,125752000,None,None,None,None,None,None,None,None,None,None,None,None,None,None,None,None,None,None,None,None,None,None,None,None,None,None,None,USD,81638000,0,81638000,2027000,-53532000,-50161000,9907000,958000,2924000,47881000,16404000,None,113000,-4453000,-1999000,None,191000,12192000,109000,None,None,None,17.61,14.8
4,2019-12-31,USD,7175000,3991000,None,7050000,None,2463000,None,None,3029000,None,2588000,None,3059000,640000,5484000,566000,11827000,6343000,None,None,None,566000,-30000,None,2463000,2463000,None,USD,1295401000,418000,645381000,4603000,1153102000,142299000,None,3309000,108000,51391000,None,6102000,640625000,31158000,880849000,130000000,130000000,1825000,8575000,38467000,601214000,135779000,530918000,4603000,278156000,491000,20702000,None,None,None,None,None,-29698000,None,None,None,None,None,None,None,None,None,None,None,118673000,None,None,None,None,USD,-25662000,0,-25662000,-1173000,31252000,7098000,-23532000,-2333000,2463000,-19161000,-597000,None,155000,-622000,0,None,-54000,-858000,124000,None,None,None,18.53,17.61
5,2019-10-31,USD,7175000,None,None,None,None,2463000,None,None,3029000,None,2588000,None,None,640000,5484000,566000,11827000,6343000,None,None,None,566000,None,None,2463000,2463000,None,USD,None,None,None,None,None,None,None,None,108000,51391000,None,None,640625000,None,None,None,None,1825000,8575000,None,None,135779000,None,None,None,None,None,None,None,None,None,None,None,None,None,None,None,None,None,None,None,None,None,None,None,None,None,None,None,USD,-25662000,0,-25662000,-1173000,31252000,7098000,-23532000,-2333000,2463000,-19161000,-597000,None,155000,-622000,0,None,-54000,-858000,124000,None,None,None,17.45,18.53
6,2019-09-30,USD,7182000,3711000,None,7082000,None,2586000,None,None,3345000,None,2536000,None,3371000,411000,5434000,759000,11631000,6197000,None,None,None,759000,-26000,None,2586000,2586000,None,USD,1289434000,448000,643436000,4549000,1149823000,139611000,None,2332000,108000,49625000,27475000,6102000,636061000,50319000,875459000,90000000,90000000,1192000,7206000,58065000,581552000,133061000,512822000,4549000,286904000,348000,25143000,None,None,None,None,None,-29698000,None,None,None,None,None,None,None,None,None,None,None,118384000,None,None,None,None,USD,-82838000,0,-82838000,-3050000,75695000,90078000,14826000,1594000,2586000,9891000,2651000,None,150000,-445000,52000,None,-656000,-1053000,117000,None,None,None,17.01,17.45
7,2019-07-31,USD,7182000,None,None,None,None,2586000,None,None,3345000,None,2536000,None,None,411000,5434000,759000,11631000,6197000,None,None,None,759000,None,None,2586000,2586000,None,USD,None,None,None,None,None,None,None,None,108000,49625000,None,None,636061000,None,None,None,None,1192000,7206000,None,None,133061000,None,None,None,None,None,None,None,None,None,None,None,None,None,None,None,None,None,None,None,None,None,None,None,None,None,None,None,USD,-82838000,0,-82838000,-3050000,75695000,90078000,14826000,1594000,2586000,9891000,2651000,None,150000,-445000,52000,None,-656000,-1053000,117000,None,None,None,18.27,17.01
8,2019-06-30,USD,7402000,3906000,None,7402000,None,2630000,None,None,3212000,None,2763000,None,3496000,627000,5058000,582000,11273000,6215000,None,None,None,582000,-284000,None,2630000,2630000,None,USD,1191344000,478000,544617000,3893000,1056596000,134748000,None,3533000,108000,47484000,25789000,6102000,3165000,40428000,794834000,36500000,36500000,-1222000,7239000,47495000,495333000,128168000,438179000,3893000,264766000,423000,13450000,None,None,None,None,None,-29708000,None,None,None,None,None,None,None,None,None,None,None,118086000,None,None,None,None,USD,9135000,0,-100446000,-100177000,76316000,-23743000,93465000,-138000,2630000,-12516000,2092000,None,159000,-4446000,-912000,None,421000,-1010000,44000,None,None,None,18.92,18.27
9,2019-03-31,USD,6866000,3991000,None,6866000,None,2340000,None,None,2720000,None,2673000,None,2875000,640000,4811000,380000,11135000,6324000,None,None,None,380000,-155000,None,2340000,2340000,None,USD,1202398000,508000,562248000,4314000,1068507000,133891000,None,2260000,108000,49300000,17914000,6102000,625046000,52944000,871924000,25500000,25500000,-4525000,7355000,59788000,503599000,127281000,446166000,4314000,199594000,423000,15654000,None,None,None,None,None,-28968000,None,None,None,None,None,None,None,None,None,None,None,117976000,None,None,None,9000000,USD,-41182000,0,-41182000,-302000,7643000,78639000,71932000,1573000,2340000,40695000,3238000,None,155000,-446000,-561000,None,-174000,-686000,199000,None,None,None,17.35,18.92
10,2018-12-31,USD,6395000,3959000,3986000,6395000,0,1974000,None,None,2403000,None,3297000,None,2436000,662000,None,None,None,None,None,None,None,429000,-33000,None,1974000,1974000,None,USD,1115162000,538000,None,4140000,984484000,130678000,None,3410000,108000,47381000,14720000,6102000,630856000,9898000,839891000,4308000,4308000,-6033000,7310000,19571000,450785000,124038000,1604000,None,144593000,1027000,762116000,None,None,None,None,None,-29399000,None,None,None,None,None,None,None,None,None,None,None,118621000,None,None,None,None,USD,-80442000,0,-68399000,-2496000,62768000,30120000,-30514000,-1390000,1974000,-38273000,6000,None,188000,-447000,-1687000,None,None,-451000,26000,None,None,None,17.6,17.35
11,2018-09-30,USD,6536000,3701000,3526000,6536000,0,2437000,0,0,2579000,0,3170000,None,2835000,531000,10137000,None,None,None,0,0,0,142000,-256000,0,2437000,2437000,None,USD,1081170000,571000,None,3825000,952761000,128409000,None,2083000,108000,45854000,13820000,6102000,643863000,48171000,828245000,20167000,20167000,-8154000,7439000,57156000,366039000,121736000,1604000,None,124516000,1026000,792763000,None,None,None,None,None,-27744000,None,None,None,None,None,None,None,None,None,None,None,None,None,None,None,None,USD,-42710000,0,-44709000,-532000,-9399000,53846000,67543000,291000,2437000,12116000,2979000,None,189000,-452500,None,None,1299000,217000,46000,None,None,None,17.31,17.6
12,2018-06-30,USD,6882000,3646000,3034000,6882000,0,2436000,0,0,3112000,0,3193000,None,3236000,453000,0,None,None,None,0,0,0,676000,-124000,0,2436000,2436000,None,USD,1028858000,605000,None,3670000,897341000,131517000,None,3808000,108000,47023000,18124000,6102000,635303000,36055000,790715000,22538000,22538000,-6600000,7549000,42988000,336311000,124810000,1604000,None,106626000,85000,727190000,None,None,None,None,None,-27155000,None,None,None,None,None,None,None,None,None,None,None,None,None,None,None,None,USD,-45919000,0,-64446000,-294000,37918000,78685000,41910000,1590000,2436000,17947000,3708000,None,191000,-449100,None,None,None,-113000,35000,None,None,None,19.3,17.31
13,2018-03-31,USD,6645000,3755000,2277000,6645000,0,2157000,0,0,2776000,0,2345000,None,4144000,550000,0,None,None,None,0,0,0,619000,-114000,0,2157000,2157000,None,USD,944375000,6741000,None,3439000,812315000,132060000,None,2490000,108000,40580000,11258000,6102000,332527000,18108000,734559000,28599000,28599000,-4455000,7671000,24770000,288888000,125319000,1604000,None,106355000,85000,674702000,None,None,None,None,None,-27177000,None,None,None,None,None,None,None,None,None,None,None,None,None,None,None,9000000,USD,-7962000,0,-12100000,278000,-10407000,47902000,39003000,514000,2157000,1449000,3616000,None,189000,-2246000,334000,None,None,280000,179000,None,None,None,18.14,19.3
14,2017-12-31,USD,6341000,4006000,2110000,6341000,0,34000,0,0,2298000,0,2245000,None,3940000,518000,0,None,None,None,0,0,0,2264000,-37000,0,34000,34000,None,USD,933750000,6774000,None,3452000,800336000,133414000,None,3498000,108000,41563000,11388000,6102000,327426000,16659000,732103000,38683000,38683000,-1765000,7711000,23424000,284806000,126640000,1604000,None,106916000,363000,652032000,None,None,None,None,None,-27296000,None,None,None,None,None,None,None,None,None,None,None,None,None,None,None,None,USD,-39422000,0,-49213000,-857000,22713000,37668000,17340000,-1268000,34000,-11244000,301000,None,194000,-1796000,309000,None,None,1965000,63000,None,None,None,17.6,18.14
15,2017-09-30,USD,92362000,54393000,2068000,92362000,-21935000,2071000,0,0,2782000,0,1875000,None,4226000,4874000,2402000,None,None,None,0,0,0,711000,-16893000,0,696000,2071000,None,USD,899540000,6811000,None,2825000,763361000,136179000,None,2207000,108000,44027000,13061000,6102000,290694000,27903000,669043000,35777000,35777000,-760000,7804000,35755000,239686000,129368000,1604000,None,94318000,192000,635982000,None,None,None,None,None,-26707000,None,None,None,None,None,None,None,None,None,None,None,None,None,None,None,None,USD,3907000,0,-70187000,-10140000,6856000,79735000,75730000,-382000,2071000,15463000,5915000,None,665000,-1035000,5189000,52000,530000,3751000,308000,None,None,None,18.53,17.6
16,2017-06-30,USD,72077000,-40574000,1409000,-72077000,21935000,2116000,0,0,3147000,0,1884000,None,4605000,-2664000,2864000,None,None,None,0,0,0,1031000,14146000,0,2082000,2116000,None,USD,870703000,7910000,None,3089000,736507000,134196000,None,3982000,108000,42300000,13583000,7163000,293233000,22927000,677551000,108078000,108078000,-687000,8076000,33558000,248860000,126286000,1853000,None,88078000,192000,614846000,None,None,None,None,None,-26692000,None,None,None,None,None,None,None,None,None,None,None,None,None,None,None,None,USD,6206000,-454000,-16360000,-67000,2021000,54555000,54902000,1114000,2116000,9869000,4420000,None,121000,-764000,995000,52000,None,135000,229000,None,None,None,18.16,18.53
17,2017-03-31,USD,0,0,3737000,0,0,-731000,0,0,-1101000,0,2140000,None,1151000,0,0,None,None,None,0,0,0,-370000,0,0,0,-731000,None,USD,844228000,7948000,None,None,713462000,130766000,None,None,108000,39820000,12295000,7163000,299021000,None,None,None,None,None,8219000,None,None,None,None,None,79057000,192000,595110000,None,None,None,None,None,-26629000,None,None,None,None,None,None,None,None,None,None,None,None,None,None,None,None,USD,None,None,None,None,None,30812000,33974000,None,None,None,1935000,None,None,-495000,None,44000,None,None,214000,None,None,None,17.85,18.16
18,2016-12-31,USD,0,0,1042000,0,0,731000,0,0,1101000,0,1569000,None,2170000,0,0,None,None,None,0,0,0,370000,0,0,0,731000,None,USD,590114000,None,None,None,476998000,113116000,None,None,95000,42553000,3983000,None,228849000,None,None,None,None,None,1268000,None,None,None,None,None,15788000,585000,408215000,None,None,None,None,None,-21098000,None,None,None,None,None,None,None,None,None,None,None,None,None,None,None,None,USD,None,None,None,None,None,33777000,19779000,None,731000,None,None,None,None,-225000,None,2478000,None,None,6000,None,None,None,17.12,17.85
