,fiscalDateEnding,reportedCurrency_x,totalRevenue,totalOperatingExpense,costOfRevenue,grossProfit,ebit,netIncome_x,researchAndDevelopment,effectOfAccountingCharges,incomeBeforeTax,minorityInterest,sellingGeneralAdministrative,otherNonOperatingIncome,operatingIncome,otherOperatingExpense,interestExpense,taxProvision,interestIncome,netInterestIncome,extraordinaryItems,nonRecurring,otherItems,incomeTaxExpense,totalOtherIncomeExpense,discontinuedOperations,netIncomeFromContinuingOperations,netIncomeApplicableToCommonShares,preferredStockAndOtherAdjustments,reportedCurrency_y,totalAssets,intangibleAssets,earningAssets,otherCurrentAssets,totalLiabilities,totalShareholderEquity,deferredLongTermLiabilities,otherCurrentLiabilities,commonStock,retainedEarnings,otherLiabilities,goodwill,otherAssets,cash,totalCurrentLiabilities,shortTermDebt,currentLongTermDebt,otherShareholderEquity,propertyPlantEquipment,totalCurrentAssets,longTermInvestments,netTangibleAssets,shortTermInvestments,netReceivables,longTermDebt,inventory,accountsPayable,totalPermanentEquity,additionalPaidInCapital,commonStockTotalEquity,preferredStockTotalEquity,retainedEarningsTotalEquity,treasuryStock,accumulatedAmortization,otherNonCurrrentAssets,deferredLongTermAssetCharges,totalNonCurrentAssets,capitalLeaseObligations,totalLongTermDebt,otherNonCurrentLiabilities,totalNonCurrentLiabilities,negativeGoodwill,warrants,preferredStockRedeemable,capitalSurplus,liabilitiesAndShareholderEquity,cashAndShortTermInvestments,accumulatedDepreciation,commonStockSharesOutstanding,reportedCurrency,investments,changeInLiabilities,cashflowFromInvestment,otherCashflowFromInvestment,netBorrowings,cashflowFromFinancing,otherCashflowFromFinancing,changeInOperatingActivities,netIncome_y,changeInCash,operatingCashflow,otherOperatingCashflow,depreciation,dividendPayout,stockSaleAndPurchase,changeInInventory,changeInAccountReceivables,changeInNetIncome,capitalExpenditures,changeInReceivables,changeInExchangeRate,changeInCashAndCashEquivalents,clossingVal,nextClossingVal
0,2020-06-30,USD,56162000,78049000,63631000,56162000,-21887000,-22216000,None,None,-22275000,-100000,41038000,None,-21887000,35712000,388000,41000,None,-388000,None,1299000,None,41000,-1299000,None,-22316000,-22216000,None,USD,327272000,3404000,None,8448000,292619000,34475000,4303000,38653000,334000,-289638000,4223000,2222000,4303000,29092000,63556000,None,None,None,68492000,43720000,None,28849000,None,3357000,23086000,2823000,24903000,None,None,334000,None,-289638000,-112757000,None,205131000,None,4303000,240407000,23086000,205977000,229063000,None,None,None,436536000,327272000,29092000,None,23898000,USD,-2473000,7325000,-2473000,None,-17138000,-17144000,-6000,7094000,-22316000,-16724000,2893000,12336000,4955000,None,0,422000,-683000,854000,2473000,-683000,None,-16724000,2.28,
1,2020-03-31,USD,87590000,104575000,82364000,87590000,-16985000,-13336000,None,None,-17059000,-14000,53896000,None,-16985000,44658000,74000,-3709000,None,-74000,None,6021000,None,-3709000,-5957000,None,-13350000,-13336000,None,USD,351069000,3404000,None,8454000,294865000,55926000,4032000,29701000,331000,-267422000,3274000,2222000,4032000,45816000,88689000,39786000,39786000,None,73006000,60166000,None,50300000,None,2651000,None,3245000,19202000,None,None,331000,None,-267422000,-112751000,None,208239000,None,4032000,232603000,None,206176000,206176000,None,None,None,435768000,351069000,45816000,None,23684000,USD,-4860000,-4911000,-4860000,None,39786000,39686000,-71000,-15049000,-13350000,27010000,-7816000,2626000,5456000,None,-29000,228000,1620000,515000,4860000,1620000,None,27010000,3.09,2.28
2,2019-12-31,USD,101752000,102614000,85893000,101752000,-862000,-1332000,None,None,-966000,107000,54970000,None,-862000,46681000,104000,259000,None,-104000,None,963000,None,259000,-954000,None,-1225000,-1332000,None,USD,332879000,3404000,None,5687000,263710000,68848000,4010000,29319000,331000,-254081000,3210000,2222000,4010000,18806000,53774000,None,None,None,79032000,32223000,None,63222000,None,4257000,None,3473000,24455000,None,None,331000,None,-254081000,-112680000,None,211988000,None,4010000,236045000,None,209936000,209936000,None,None,None,435278000,332879000,18806000,None,23638000,USD,-4832000,-466000,-4832000,None,-149000,-425000,-56000,-3781000,-1225000,3048000,8305000,3257000,5672000,None,-220000,-156000,827000,396000,4832000,827000,None,3048000,4.22,3.09
3,2019-09-30,USD,104238000,106381000,88094000,104238000,-2143000,-2355000,None,None,-2171000,118000,56960000,None,-2143000,47755000,28000,66000,None,-28000,None,1666000,None,66000,-1650000,None,-2237000,-2355000,None,USD,333563000,3404000,None,7934000,263387000,69811000,3957000,28998000,331000,-252749000,2988000,2222000,3957000,15758000,53203000,None,None,None,79626000,32093000,None,64185000,None,5084000,None,3317000,24205000,None,None,331000,None,-252749000,-112624000,None,212261000,None,3957000,236194000,None,210184000,210184000,None,None,None,434853000,333563000,15758000,None,23607518,USD,-4303000,-1706000,-4303000,None,-40000,-880000,-200000,-9688000,-2237000,-2308000,2875000,1477000,5365000,None,-840000,40000,-539000,475000,4303000,-539000,None,-2308000,4.36,4.22
4,2019-06-30,USD,105630000,107098000,87424000,105630000,-1468000,-1866000,None,None,-1503000,117000,57773000,None,-1468000,49079000,35000,246000,-35000,-35000,None,246000,None,246000,-246000,None,-1749000,-1866000,None,USD,344842000,3404000,None,8182000,271966000,72470000,6898000,29126000,331000,-250394000,6255000,2222000,6898000,18066000,54813000,None,None,None,81628000,34150000,None,66844000,None,4545000,None,3357000,25687000,None,None,331000,None,-250394000,-111874000,None,216540000,None,6898000,240024000,None,217153000,217153000,None,None,None,434407000,344842000,18066000,None,23768375,USD,-2658000,2573000,-2658000,None,39786000,-2468000,-10000,-3414000,-1749000,4235000,9361000,789000,5576000,-177000,-2458000,-64000,1003000,1233000,2658000,1003000,None,4235000,5.09,4.36
5,2019-03-31,USD,98087000,102810000,25978000,98087000,-4723000,-18439000,None,None,-4755000,65000,56827000,None,-4723000,45891000,32000,13619000,-32000,-32000,None,92000,None,13619000,-82000,None,-18374000,-18439000,None,USD,351530000,3404000,None,9920000,275442000,75661000,6963000,28768000,330000,-248528000,6239000,2222000,6963000,13831000,52195000,28768000,28768000,None,84172000,32592000,None,70035000,None,5548000,217008000,3293000,23427000,None,None,330000,None,-248528000,-109541000,None,222177000,None,6963000,245776000,None,223247000,223247000,None,None,None,433400000,351530000,13831000,None,24038211,USD,-2572000,-4472000,-2572000,None,None,-999000,-25000,-10747000,-18374000,-5944000,-2373000,1511000,5545000,None,-974000,189000,-811000,14039000,2572000,-811000,None,-5944000,8.51,5.09
6,2018-12-31,USD,102378000,107748000,73950000,102378000,-5370000,-4363000,0,0,-5403000,44000,24744000,None,-5370000,77677000,33000,-1084000,None,None,0,5327000,0,-1084000,-7017000,0,-4319000,-4363000,None,USD,153215000,3404000,None,11426000,57682000,95171000,22905000,3772000,330000,-229558000,28656000,2222000,20387000,19775000,29026000,None,None,None,87782000,39420000,None,89545000,None,4737000,None,3482000,29026000,None,None,330000,None,-229558000,-108372000,None,None,13385000,7002000,None,None,5751000,28656000,None,None,None,432771000,153215000,19775000,None,24142586,USD,None,2231000,-4673000,None,None,-10598000,-78000,3174000,-4319000,-6936000,8335000,6855000,5620000,-173000,-10520000,-22000,616000,-2646000,4673000,616000,None,-6936000,8.05,8.51
7,2018-09-30,USD,106996000,109693000,75907000,106996000,-2697000,-1961000,0,0,-2751000,119000,55820000,None,-2697000,49378000,54000,None,None,None,0,4495000,0,-909000,-4440000,0,-1842000,-1961000,None,USD,166042000,3404000,None,10980000,55958000,109671000,22998000,23597000,329000,-225195000,28981000,2222000,19676000,26711000,26977000,None,None,None,94237000,46503000,None,104045000,0,5353000,0,3459000,26977000,110084000,432329000,329000,0,-225195000,-97792000,None,None,12612000,7064000,None,None,5983000,28981000,None,None,None,432329000,166042000,26711000,None,25102339,USD,None,-3378000,-5108000,0,None,-7277000,396000,-3592000,-1842000,-7599000,4786000,3536000,5857000,-151000,-7673000,-198000,306000,505000,5108000,306000,None,-7599000,12.3,8.05
8,2018-06-30,USD,110347000,110252000,76036000,110347000,95000,-360000,0,0,67000,125000,73630000,None,95000,34497000,28000,None,None,None,0,2125000,0,302000,-3785000,0,-235000,-360000,None,USD,176274000,3404000,None,13242000,56940000,118909000,22811000,26020000,327000,-223234000,26420000,2222000,14624000,34310000,30520000,None,None,None,99551000,56473000,None,113283000,0,5659000,0,3262000,30520000,119334000,430643000,327000,0,-223234000,-88827000,None,None,9803000,4821000,None,None,3609000,26420000,None,None,None,430643000,176274000,34310000,None,25651953,USD,None,4014000,-6675000,0,None,847000,-256000,1966000,-235000,5374000,11202000,1056000,5867000,-256000,847000,195000,-781000,1086000,6675000,-781000,None,5374000,12.95,12.3
9,2018-03-31,USD,102917000,105547000,72941000,102917000,-2630000,-2194000,0,0,-2657000,41000,70993000,None,-2630000,32462000,27000,None,None,None,0,2092000,0,-504000,-2351000,0,-2153000,-2194000,None,USD,170593000,3404000,None,11251000,53260000,116777000,22964000,176000,321000,-222874000,27178000,2222000,15712000,28936000,26082000,None,None,None,100732000,48523000,None,111151000,0,4879000,0,3457000,26082000,117333000,424771000,321000,0,-222874000,-85441000,None,None,10902000,4810000,None,None,4214000,27178000,None,None,None,424771000,170593000,28936000,None,25286229,USD,None,-593000,-4939000,0,None,1680000,-512000,-145000,-2153000,3406000,6665000,2710000,5835000,0,2192000,68000,-41000,839000,4939000,-41000,None,3406000,12.05,12.95
10,2017-12-31,USD,112149000,114925000,75707000,112149000,-2776000,-7261000,0,0,-2799000,71000,72997000,None,-2776000,36443000,23000,None,None,None,0,5485000,0,4391000,-13580000,0,-7190000,-7261000,None,USD,170730000,3404000,None,11061000,53492000,116723000,22987000,23273000,318000,-219990000,26140000,2222000,21668000,25530000,27352000,None,None,None,103859000,45203000,None,111097000,0,5087000,0,3525000,27352000,0,421657000,318000,0,-219990000,-85262000,None,None,11202000,4840000,None,None,3153000,26140000,None,None,None,421657000,170730000,25530000,None,24999688,USD,None,-447000,-11158000,0,None,1059000,-502000,-2426000,-7190000,3352000,13451000,6305000,6729000,-159000,705000,-214000,-650000,7496000,11158000,772000,None,3352000,12.3,12.05
11,2017-09-30,USD,106127000,106701000,72056000,106127000,-574000,-240000,0,0,-606000,121000,70109000,None,-574000,34720000,32000,None,None,None,0,1872000,0,-487000,0,0,-119000,-240000,None,USD,176230000,3404000,None,10694000,54274000,121353000,23000000,24194000,313000,-212729000,25511000,2222000,28811000,22178000,28763000,None,None,None,105379000,42040000,None,115727000,0,5858000,0,3310000,28763000,121956000,414943000,313000,0,-212729000,-81174000,None,None,18381000,4804000,None,None,2511000,25511000,None,None,None,414943000,176230000,22178000,None,24804265,USD,None,4864000,-8200000,0,None,-4032000,-241000,3445000,-119000,996000,13228000,589000,6325000,-241000,-4032000,11000,0,1191000,8200000,367000,None,996000,12.4,12.3
12,2017-06-30,USD,108136000,107972000,72451000,108136000,164000,-138000,0,0,123000,75000,69004000,None,164000,35081000,41000,None,None,None,0,3887000,0,186000,0,0,-63000,-138000,None,USD,173465000,3404000,None,9198000,48696000,124046000,22174000,19721000,313000,-212489000,24748000,2222000,28918000,21182000,23948000,None,None,None,105270000,39277000,None,118420000,0,5576000,0,3321000,23948000,124769000,413539000,313000,0,-212489000,-77317000,None,None,18436000,4856000,None,None,2574000,24748000,None,None,None,413539000,173465000,21182000,None,25125482,USD,None,-6650000,-8399000,0,None,-515000,-42000,-8180000,-63000,-6194000,2720000,1514000,6455000,-113000,-575000,-180000,0,2359000,8399000,-715000,None,-6194000,11.5,12.4
13,2017-03-31,USD,101699000,100436000,68758000,101699000,1263000,683000,0,0,1235000,-1000,66616000,None,1263000,32862000,28000,None,None,None,0,958000,0,553000,0,0,682000,683000,None,USD,178966000,3404000,None,7445000,54665000,123551000,21708000,24202000,310000,-212351000,24250000,2222000,29682000,27376000,30415000,None,None,909000,106460000,42824000,None,117925000,0,4861000,0,3142000,30415000,124301000,408992000,310000,0,-212351000,-74309000,None,None,19225000,4831000,None,None,2542000,24250000,None,909000,None,408992000,178966000,27376000,None,25045688,USD,None,3283000,-6927000,0,None,-1496000,-60000,465000,682000,3997000,12420000,1461000,6208000,0,-1436000,223000,0,1637000,6927000,-1074000,None,3997000,13.9,11.5
14,2016-12-31,USD,102358000,99588000,68548000,102358000,2770000,1956000,0,0,2738000,71000,63732000,None,2770000,33540000,32000,None,None,None,0,2316000,0,711000,-4275000,0,2027000,1956000,None,USD,175445000,3404000,None,8020000,51209000,123485000,21076000,23082000,309000,-213034000,23394000,2222000,29820000,23379000,27815000,None,None,909000,107074000,38551000,None,117859000,0,3787000,0,3365000,27815000,0,407622000,309000,0,-213034000,-72321000,None,None,19410000,4784000,None,None,2318000,23394000,None,909000,None,407622000,175445000,23379000,None,25139127,USD,None,-1188000,-16829000,0,None,-1597000,-55000,7312000,2027000,-6355000,12071000,5007000,5747000,-164000,-1791000,-329000,674000,72000,16829000,735000,None,-6355000,12.9,13.9
15,2016-09-30,USD,103782000,100940000,69979000,103782000,2842000,1795000,0,0,2809000,54000,64611000,None,2842000,34134000,33000,None,None,None,0,2195000,0,960000,0,0,1849000,1795000,None,USD,172466000,3404000,None,10529000,49386000,122313000,19732000,23029000,308000,-214990000,21317000,2222000,27031000,29734000,28069000,None,None,909000,97614000,47821000,None,116687000,0,4522000,0,3036000,28069000,123080000,406533000,308000,0,-214990000,-70447000,None,None,17461000,3944000,None,None,1585000,21317000,None,909000,None,406533000,172466000,29734000,None,25241726,USD,None,3006000,-7705000,0,None,-2062000,-154000,-5073000,1849000,-187000,9580000,-3204000,5665000,-90000,-1908000,3000,0,2229000,7705000,32000,None,-187000,12.43,12.9
16,2016-06-30,USD,105036000,99524000,69122000,105036000,5512000,3373000,0,0,5471000,59000,64101000,None,5512000,34176000,41000,None,None,None,0,1247000,0,2039000,0,0,3432000,3373000,None,USD,166294000,3404000,None,5191000,43172000,122393000,18398000,18090000,306000,-216785000,19888000,2222000,27777000,29921000,23284000,None,None,909000,95812000,42705000,None,116767000,0,4554000,0,3039000,23284000,123122000,404585000,306000,0,-216785000,-66622000,None,None,18162000,3989000,None,None,1490000,19888000,None,909000,None,404585000,166294000,29921000,None,25357542,USD,None,-2046000,-6668000,-1108000,None,-9322000,-86000,3436000,3432000,-3565000,12425000,4447000,5685000,-159000,-9236000,-70000,0,1374000,5560000,-397000,None,-3565000,12.54,12.43
17,2016-03-31,USD,95955000,94066000,64953000,95955000,1889000,1088000,0,0,1861000,40000,61987000,None,1889000,31910000,28000,None,None,None,0,169000,0,733000,0,0,1128000,1088000,None,USD,173218000,3404000,None,8939000,44995000,127394000,18027000,22423000,304000,-220158000,19307000,1428000,27207000,33486000,25688000,None,None,None,96478000,49533000,None,122562000,0,4157000,0,2951000,25688000,128223000,128223000,304000,128223000,-220158000,-54359000,None,None,18375000,4000000,None,None,1280000,19307000,None,909000,None,400698000,173218000,33486000,None,26029282,USD,None,2437000,-6618000,0,None,-3795000,-63000,None,1128000,1480000,11893000,1197000,5671000,0,-3732000,208000,304000,948000,6618000,304000,None,1480000,13.61,12.54
18,2015-12-31,USD,95093000,93075000,63714000,95093000,2018000,1235000,0,0,1977000,56000,58591000,None,2218000,32287000,41000,None,None,None,0,2197000,0,686000,-3810000,0,1291000,1235000,None,USD,174507000,3404000,None,10155000,44294000,129424000,17820000,19277000,303000,-221246000,19112000,1428000,27292000,32006000,25182000,None,None,909000,97434000,49781000,None,124592000,0,4461000,0,3159000,25182000,130213000,130213000,303000,130213000,-221246000,-50000000,None,None,18439000,4021000,None,None,1292000,19112000,None,909000,None,399458000,174507000,32006000,None,29000000,USD,None,238000,-8401000,0,14000,-12358000,-96000,2403000,1235000,-10762000,9997000,1149000,5485000,-113000,-12163000,-332000,-445000,1352000,8401000,814000,None,-10762000,11.71,13.61
19,2015-09-30,USD,96039000,93660000,65420000,96039000,2379000,1401000,0,0,2323000,56000,59251000,None,2379000,32766000,56000,None,None,None,0,1643000,0,866000,0,0,1457000,1401000,None,USD,183936000,3404000,None,9793000,43246000,139871000,17083000,21920000,303000,-222481000,17759000,1428000,26574000,42768000,25487000,None,None,None,96001000,61361000,None,135039000,0,5970000,0,2830000,25487000,140690000,140690000,303000,140690000,-222481000,-37276000,None,None,17860000,3882000,None,None,676000,17759000,None,909000,None,398416000,183936000,42768000,None,27366312,USD,None,3285000,-9756000,-333000,None,-12942000,-183000,None,1457000,-11337000,11361000,-277000,5528000,-77000,-12759000,-4000,0,1613000,45225000,-241000,None,-11337000,11.01,11.71
