,fiscalDateEnding,reportedCurrency_x,totalRevenue,totalOperatingExpense,costOfRevenue,grossProfit,ebit,netIncome_x,researchAndDevelopment,effectOfAccountingCharges,incomeBeforeTax,minorityInterest,sellingGeneralAdministrative,otherNonOperatingIncome,operatingIncome,otherOperatingExpense,interestExpense,taxProvision,interestIncome,netInterestIncome,extraordinaryItems,nonRecurring,otherItems,incomeTaxExpense,totalOtherIncomeExpense,discontinuedOperations,netIncomeFromContinuingOperations,netIncomeApplicableToCommonShares,preferredStockAndOtherAdjustments,reportedCurrency_y,totalAssets,intangibleAssets,earningAssets,otherCurrentAssets,totalLiabilities,totalShareholderEquity,deferredLongTermLiabilities,otherCurrentLiabilities,commonStock,retainedEarnings,otherLiabilities,goodwill,otherAssets,cash,totalCurrentLiabilities,shortTermDebt,currentLongTermDebt,otherShareholderEquity,propertyPlantEquipment,totalCurrentAssets,longTermInvestments,netTangibleAssets,shortTermInvestments,netReceivables,longTermDebt,inventory,accountsPayable,totalPermanentEquity,additionalPaidInCapital,commonStockTotalEquity,preferredStockTotalEquity,retainedEarningsTotalEquity,treasuryStock,accumulatedAmortization,otherNonCurrrentAssets,deferredLongTermAssetCharges,totalNonCurrentAssets,capitalLeaseObligations,totalLongTermDebt,otherNonCurrentLiabilities,totalNonCurrentLiabilities,negativeGoodwill,warrants,preferredStockRedeemable,capitalSurplus,liabilitiesAndShareholderEquity,cashAndShortTermInvestments,accumulatedDepreciation,commonStockSharesOutstanding,reportedCurrency,investments,changeInLiabilities,cashflowFromInvestment,otherCashflowFromInvestment,netBorrowings,cashflowFromFinancing,otherCashflowFromFinancing,changeInOperatingActivities,netIncome_y,changeInCash,operatingCashflow,otherOperatingCashflow,depreciation,dividendPayout,stockSaleAndPurchase,changeInInventory,changeInAccountReceivables,changeInNetIncome,capitalExpenditures,changeInReceivables,changeInExchangeRate,changeInCashAndCashEquivalents,clossingVal,nextClossingVal
0,2020-06-30,USD,70582000,63453000,9415000,70582000,7179000,3395000,24691000,None,3395000,None,29347000,50000,7129000,9415000,3784000,None,66000,-3718000,None,None,None,None,-16000,None,3395000,3395000,None,USD,263814000,78148000,None,25074000,240411000,23403000,1043000,14119000,4000,-1291174000,28153000,None,6089000,90896000,94526000,None,None,1000,2859000,159224000,None,-54745000,16376000,23987000,96573000,2891000,80407000,None,None,4000,None,-1291174000,None,None,23583000,None,104590000,24011000,96573000,49312000,145885000,None,None,None,1314572000,263814000,107272000,None,39626917,USD,793000,-5767000,-9219000,-10000000,None,2000,None,-2507000,3395000,7011000,16228000,-2228000,2237000,None,2000,406000,7555000,10630000,25000,7555000,None,7011000,10.43,
1,2020-03-31,USD,51217000,65468000,9076000,51217000,-13865000,-16933000,25455000,None,-16933000,None,30937000,386000,-14251000,9076000,3068000,None,386000,-2682000,None,None,None,None,None,None,-16933000,-16933000,None,USD,225529000,39474000,None,23287000,216152000,9377000,852000,3735000,4000,-1294569000,8000000,None,6273000,83385000,90467000,None,None,2000,3085000,158681000,None,-30097000,17170000,31542000,95755000,3297000,86732000,None,None,4000,None,-1294569000,None,None,24289000,None,66848000,24665000,95755000,29930000,125685000,None,None,None,1303940000,225529000,100555000,None,39317221,USD,34377000,-1494000,34377000,34377000,None,0,None,-729000,-16933000,22837000,-11540000,-1163000,1916000,None,None,-127000,-2646000,8907000,13000,-2646000,None,22837000,8.44,10.43
2,2019-12-31,USD,62922000,71640000,10142000,62922000,-8123000,-11199000,30241000,None,-11199000,None,31257000,595000,-8718000,10142000,3076000,None,498000,-2578000,None,None,None,None,-1086000,None,-11199000,-11199000,None,USD,234905000,40461000,None,22586000,217442000,17463000,868000,2624000,4000,-1277636000,9000000,None,6322000,60037000,90837000,None,None,62000,3304000,166296000,None,-22998000,51607000,28896000,94962000,3170000,88213000,None,None,4000,None,-1277636000,None,None,24844000,None,68609000,25267000,94962000,31643000,126605000,None,None,None,1295033000,234905000,111644000,None,39203304,USD,-126000,2361000,-432000,-306000,55000000,-1000,-13418000,-10194000,-11199000,1133000,1566000,-2453000,1899000,None,-1000,-47000,-1714000,12719000,25000,-1714000,None,1133000,8.75,8.44
3,2019-09-30,USD,56352000,70800000,9371000,56352000,-13833000,-16885000,30027000,None,-16885000,None,31402000,615000,-14448000,9371000,3052000,None,569000,-2483000,None,None,None,None,46000,None,-16885000,-16885000,None,USD,232044000,41447000,None,10351000,214864000,17180000,1664000,2516000,4000,-1266437000,9000000,None,16104000,58904000,88343000,None,None,115000,3204000,151095000,None,-24267000,51535000,27182000,94185000,3123000,85827000,None,None,4000,None,-1266437000,None,None,36298000,None,80949000,25852000,94185000,32336000,126521000,None,None,None,1283498000,232044000,110439000,None,38943774,USD,38972000,-3495000,38972000,5600000,55000000,76000,-13418000,3136000,-16885000,31741000,-7307000,616000,1943000,None,76000,137000,-1836000,12213000,306000,-1836000,None,31741000,10.765,8.75
4,2019-06-30,USD,53919000,79699000,9317000,53919000,-32976000,-37424000,36855000,None,-37424000,None,33527000,-7196000,-25780000,9317000,4448000,None,908000,-3540000,None,None,None,None,-8104000,None,-37424000,-37424000,None,USD,239858000,42434000,None,11338000,218087000,21771000,1440000,2339000,4000,-1249552000,9000000,None,15732000,27164000,91661000,None,None,110000,3432000,157609000,None,-20663000,90501000,25346000,93434000,3260000,89322000,None,None,4000,None,-1249552000,None,None,36383000,None,82249000,26331000,93434000,32992000,126426000,None,None,None,1271209000,239858000,117665000,None,38738707,USD,11206000,-9837000,11206000,-33400000,-68418000,-68224000,-13418000,14823000,-37424000,-12771000,44247000,10853000,2100000,None,194000,-623000,55638000,23540000,306000,55638000,None,-12771000,12.71,10.765
5,2019-03-31,USD,99067000,89219000,7985000,99067000,-5644000,-10087000,35728000,None,-10087000,None,45506000,-15492000,9848000,7985000,4443000,None,-3571000,-3571000,None,None,None,None,-16364000,None,-10087000,-10087000,None,USD,331355000,43421000,None,22134000,287884000,43471000,1461000,2239000,4000,-1212128000,9000000,None,6938000,48786000,101398000,2239000,2239000,9000,3718000,256158000,None,50000,101617000,80984000,152841000,2637000,99159000,None,None,4000,None,-1212128000,None,None,28058000,None,75197000,26884000,152841000,33645000,186486000,None,None,None,1255586000,331355000,150403000,None,38573118,USD,-44583000,32044000,-44583000,-44583000,-55000000,1082000,1100000,25712000,-10087000,-59631000,-16130000,1862000,2135000,None,1082000,-12000,-60211000,18139000,306000,-60211000,None,-59631000,38.79,12.71
6,2018-12-31,USD,71079000,89632000,10359000,71079000,-26874000,-30694000,38324000,0,-30694000,0,40949000,-8321000,-18553000,10359000,3820000,None,None,None,0,0,0,17000,-12141000,0,-30694000,-30694000,None,USD,259122000,44408000,None,14184000,224816000,34306000,5815000,12818000,4000,-1202041000,5815000,None,7748000,108419000,67115000,None,None,-12000,3963000,203003000,None,-10102000,57002000,20773000,151886000,2625000,67115000,None,None,4000,None,-1202041000,None,None,7748000,None,56119000,None,151886000,None,157701000,None,None,None,1236355000,259122000,165421000,None,38325037,USD,2641000,9294000,2582000,-44600000,29991000,30492000,-9000,13477000,-30695000,40121000,7047000,8563000,2105000,None,501000,207000,-1023000,18596000,59000,-1023000,None,40121000,20.35,38.79
7,2018-09-30,USD,62629000,73910000,9048000,62629000,-10702000,-14201000,36360000,0,-14201000,0,28502000,579000,-11281000,9048000,3499000,None,None,None,0,0,0,0,-2920000,0,-14201000,-14201000,None,USD,230723000,45395000,None,23878000,184810000,45913000,5876000,5953000,4000,-1171346000,5876000,0,6677000,68299000,57880000,None,None,-3000,4240000,174411000,None,518000,59652000,19750000,121054000,2832000,57880000,0,0,4000,0,-1171346000,0,None,6677000,None,56312000,None,121054000,None,126930000,None,None,None,1217258000,230723000,127951000,None,38125122,USD,-21055000,-5556000,-21360000,-44600000,30000000,1010000,-9000,-11277000,-14201000,-27612000,-7262000,-11603000,2055000,0,1010000,-357000,1593000,20807000,305000,1593000,None,-27612000,45.85,20.35
8,2018-06-30,USD,50767000,92211000,8831000,50767000,-41748000,-44335000,43245000,0,-44335000,0,40135000,-304000,-41444000,8831000,2587000,None,None,None,0,0,0,0,-2891000,0,-44335000,-44335000,None,USD,227621000,46382000,None,11730000,189322000,38299000,5523000,4863000,4000,-1157145000,5523000,0,6868000,95912000,63530000,120269000,120269000,-160000,4311000,170060000,None,-8083000,38600000,21343000,120269000,2475000,63530000,0,0,4000,0,-1157145000,0,None,6868000,None,57561000,None,120269000,None,125792000,None,None,None,1195600000,227621000,134512000,None,37890220,USD,-38600000,5344000,-38805000,-44600000,70808000,73802000,-4192000,8397000,-44334000,17360000,-17637000,1764000,1883000,0,2994000,267000,-5034000,22473000,205000,-5034000,None,17360000,59.15,45.85
9,2018-03-31,USD,66516000,89910000,6383000,66516000,-23266000,-24345000,46925000,0,-24345000,0,36602000,128000,-23394000,6383000,1079000,None,None,None,0,0,0,0,-951000,0,-24345000,-24345000,None,USD,169639000,47368000,None,13583000,112183000,57456000,5509000,3922000,4000,-1112811000,5509000,0,6765000,78552000,58118000,48556000,48556000,-68000,4320000,111186000,None,10088000,0,16309000,48556000,2742000,58118000,0,0,4000,0,-1112811000,0,None,6765000,None,58453000,None,48556000,None,54065000,None,None,None,1170331000,169639000,78552000,None,37762519,USD,-38600000,-307000,-40000,-57600000,75000000,3147000,-4192000,2968000,-24345000,-3146000,-6253000,-942000,1341000,0,3147000,-713000,-6639000,25352000,40000,-6639000,None,-3146000,68.05,59.15
10,2017-12-31,USD,21608000,85174000,83814000,21608000,-63358000,-64078000,50254000,0,-64078000,0,30874000,208000,-63566000,4046000,720000,None,None,None,0,0,0,0,175000,0,-64078000,-64078000,None,USD,165525000,48355000,None,12997000,112223000,53302000,5406000,30648000,4000,-1088466000,5406000,0,54661000,81698000,58340000,48477000,48477000,-449000,4470000,106394000,None,4947000,0,9670000,48477000,2029000,58340000,0,0,4000,0,-1088466000,0,None,6306000,None,59131000,None,48477000,None,53883000,None,None,None,1142213000,165525000,81698000,None,37594851,USD,26627000,11193000,-23518000,-50001000,48425000,61108000,-1575000,11981000,-64078000,1981000,-35609000,-1886000,1360000,0,12683000,-1940000,-9670000,25522000,145000,-5780000,None,1981000,98.85,68.05
11,2017-09-30,USD,6077000,83517000,82617000,6077000,-77180000,-77180000,49502000,0,-77180000,0,32489000,260000,-77440000,1526000,0,None,None,None,0,0,0,0,-90000,0,-77180000,-77180000,None,USD,181858000,49379000,None,9281000,102690000,79168000,5438000,79608000,4000,-1024388000,5438000,0,57547000,79717000,97252000,None,None,-5660000,4714000,119597000,None,29789000,26620000,3890000,0,89000,97252000,0,0,4000,0,-1024388000,0,None,8168000,None,62261000,None,None,None,5438000,None,None,None,1109212000,181858000,106337000,None,37384975,USD,44231000,59000,44076000,0,50000000,9731000,-1575000,5836000,-77180000,-1100000,-54907000,-1198000,900000,0,9731000,-89000,3890000,26491000,154000,-3890000,None,-1100000,119.75,98.85
12,2017-06-30,USD,0,78182000,77908000,0,-77832000,-77832000,53253000,0,-77832000,0,24929000,350000,-78182000,0,0,None,None,None,0,0,0,0,13000,0,-77832000,-77832000,None,USD,172819000,0,None,9155000,52711000,120108000,5470000,22573000,4000,-947208000,5470000,0,7127000,80817000,47241000,None,None,-25000,4888000,160804000,None,120108000,70832000,None,0,0,47241000,0,0,4000,0,-947208000,0,None,7127000,None,12015000,None,None,None,5470000,None,None,None,1067337000,172819000,151649000,None,37064310,USD,18086000,3358000,18078000,1000,50000000,3565000,-1575000,4144000,-77832000,-24269000,-45912000,1330000,274000,0,3565000,0,0,26958000,8000,None,None,-24269000,87.4,119.75
13,2017-03-31,USD,0,73202000,72925000,0,-72865000,-72865000,54801000,0,-72865000,0,18401000,337000,-73202000,0,0,None,None,None,0,0,0,0,337000,0,-72865000,-72865000,None,USD,216624000,0,None,10654000,49232000,167392000,5502000,19760000,4000,-869376000,5502000,0,6990000,105086000,43730000,None,None,-61000,5000000,204634000,None,167392000,88894000,None,0,0,43730000,0,0,4000,0,-869376000,0,None,6990000,None,11990000,None,None,None,5502000,None,None,None,1036825000,216624000,193980000,None,36963278,USD,-53949000,6269000,-54072000,1000,50000000,706000,-1575000,513000,-72865000,-89408000,-36042000,513000,277000,0,706000,0,0,29764000,124000,None,None,-89408000,37.2,87.4
14,2016-12-31,USD,0,337830000,0,0,-72661000,-72661000,268784000,0,-72661000,0,69046000,209000,-72870000,0,-720000,None,None,None,0,0,0,0,367000,0,-72661000,-72661000,None,USD,252790000,0,None,6998000,42966000,209824000,5505000,17426000,4000,-796511000,5505000,0,11163000,194494000,37461000,None,None,-13000,5153000,236474000,None,209824000,34982000,None,0,0,37461000,0,0,4000,0,-796511000,0,None,11163000,None,16316000,None,None,None,5505000,None,None,None,1006344000,252790000,229476000,None,36826010,USD,21393000,-139000,20835000,-1000,50000000,162079000,-1575000,10312000,-72661000,141953000,-40961000,802000,584000,0,162079000,-2029000,-9670000,29274000,557000,None,None,141953000,30.7,37.2
15,2016-09-30,USD,0,-65999000,0,0,-65781000,-65781000,-51977000,0,-65781000,0,-14022000,218000,-65999000,0,0,None,None,None,0,0,0,0,334000,0,-65781000,-65781000,None,USD,134031000,0,None,7290000,42883000,91148000,5284000,16721000,3000,-723850000,5284000,0,11451000,52541000,37599000,None,None,3000,5180000,117400000,None,91148000,56390000,1179000,0,0,37599000,0,0,3000,0,-723850000,0,None,11451000,None,16631000,None,None,None,5284000,None,None,None,814992000,134031000,108931000,None,32503092,USD,29533000,-1369000,29467000,-1000,None,129000,None,2398000,-65781000,-5295000,-34891000,2398000,110000,0,129000,0,0,29751000,65000,None,None,-5295000,67.05,30.7
16,2016-06-30,USD,0,-66481000,0,0,-66597000,-66597000,-54216000,0,-66597000,0,-12265000,-116000,-66481000,0,0,None,None,None,0,0,0,0,-390000,0,-66597000,-66597000,None,USD,170892000,0,None,8782000,43815000,127077000,4847000,14344000,3000,-658069000,4847000,0,11919000,57836000,38968000,None,None,31000,5224000,153749000,None,127077000,85952000,1179000,0,0,38968000,0,0,3000,0,-658069000,0,None,11919000,None,17143000,None,None,None,4847000,None,None,None,785112000,170892000,143788000,None,32493092,USD,17046000,63000,10427000,-1000,None,222000,None,4562000,-66597000,-20383000,-30810000,4562000,3244000,0,0,0,0,29097000,6618000,-1179000,None,-20383000,29.79,67.05
17,2016-03-31,USD,0,71246000,0,0,-70972000,-70972000,60207000,0,-70972000,0,11039000,274000,-71246000,0,0,None,None,None,0,0,0,0,274000,0,-70972000,-70972000,None,USD,205174000,0,None,8143000,40231000,164943000,1326000,14068000,3000,-591472000,1326000,0,13598000,78219000,38905000,None,None,29000,2219000,189357000,None,164943000,102995000,None,0,0,38905000,0,0,3000,0,-591472000,0,None,13598000,None,15817000,None,None,None,1326000,None,None,None,756383000,205174000,181214000,None,32493092,USD,81501000,6463000,81456000,-1000,None,222000,None,None,-70972000,46650000,-35028000,-237000,208000,0,222000,0,0,29510000,44000,None,None,46650000,29.37,29.79
18,2015-12-31,USD,0,313327000,0,0,-61719000,-61719000,275049000,0,-61719000,0,38278000,316000,-62035000,0,-720000,None,None,None,0,0,0,0,899000,0,-61719000,-61719000,None,USD,239842000,0,None,7660000,33835000,206007000,1393000,14639000,3000,-520500000,1393000,0,13910000,31569000,32442000,None,None,-147000,2383000,223549000,None,206007000,184320000,None,0,0,32442000,0,0,3000,0,-520500000,0,None,13910000,None,16293000,None,None,None,1393000,None,None,None,726651000,239842000,215889000,None,32000000,USD,39742000,7111000,39682000,-1000,50000000,1320000,-1575000,-13879000,-61719000,7971000,-33031000,-311000,208000,0,1320000,-2029000,1760000,21680000,59000,None,None,7971000,78.4,29.37
19,2015-09-30,USD,0,-60733000,0,0,-60417000,-60417000,-51924000,0,-60417000,0,-8809000,316000,-60733000,0,0,None,None,None,0,0,0,0,23000,0,-60417000,-60417000,None,USD,271624000,0,None,6888000,26783000,244841000,1452000,15548000,3000,-458781000,1452000,0,14429000,23598000,25331000,None,None,-32000,2532000,254663000,None,244841000,224177000,None,0,0,25331000,0,0,3000,0,-458781000,0,None,14429000,None,16961000,None,None,None,1452000,None,None,None,703651000,271624000,247775000,None,32423527,USD,-1497000,-768000,-4746000,-3097000,None,5374000,None,None,-60417000,-36239000,-36867000,-838000,378000,0,5374000,0,1760000,24778000,152000,None,None,-36239000,75.36,78.4
