,fiscalDateEnding,reportedCurrency_x,totalRevenue,totalOperatingExpense,costOfRevenue,grossProfit,ebit,netIncome_x,researchAndDevelopment,effectOfAccountingCharges,incomeBeforeTax,minorityInterest,sellingGeneralAdministrative,otherNonOperatingIncome,operatingIncome,otherOperatingExpense,interestExpense,taxProvision,interestIncome,netInterestIncome,extraordinaryItems,nonRecurring,otherItems,incomeTaxExpense,totalOtherIncomeExpense,discontinuedOperations,netIncomeFromContinuingOperations,netIncomeApplicableToCommonShares,preferredStockAndOtherAdjustments,reportedCurrency_y,totalAssets,intangibleAssets,earningAssets,otherCurrentAssets,totalLiabilities,totalShareholderEquity,deferredLongTermLiabilities,otherCurrentLiabilities,commonStock,retainedEarnings,otherLiabilities,goodwill,otherAssets,cash,totalCurrentLiabilities,shortTermDebt,currentLongTermDebt,otherShareholderEquity,propertyPlantEquipment,totalCurrentAssets,longTermInvestments,netTangibleAssets,shortTermInvestments,netReceivables,longTermDebt,inventory,accountsPayable,totalPermanentEquity,additionalPaidInCapital,commonStockTotalEquity,preferredStockTotalEquity,retainedEarningsTotalEquity,treasuryStock,accumulatedAmortization,otherNonCurrrentAssets,deferredLongTermAssetCharges,totalNonCurrentAssets,capitalLeaseObligations,totalLongTermDebt,otherNonCurrentLiabilities,totalNonCurrentLiabilities,negativeGoodwill,warrants,preferredStockRedeemable,capitalSurplus,liabilitiesAndShareholderEquity,cashAndShortTermInvestments,accumulatedDepreciation,commonStockSharesOutstanding,reportedCurrency,investments,changeInLiabilities,cashflowFromInvestment,otherCashflowFromInvestment,netBorrowings,cashflowFromFinancing,otherCashflowFromFinancing,changeInOperatingActivities,netIncome_y,changeInCash,operatingCashflow,otherOperatingCashflow,depreciation,dividendPayout,stockSaleAndPurchase,changeInInventory,changeInAccountReceivables,changeInNetIncome,capitalExpenditures,changeInReceivables,changeInExchangeRate,changeInCashAndCashEquivalents,clossingVal,nextClossingVal
0,2020-06-30,USD,5764100000,418300000,2441500000,3322600000,2932800000,147700000,66500000,None,184000000,None,120200000,28500000,2904300000,231600000,46900000,36300000,19500000,19500000,None,None,None,36300000,9000000,None,147700000,147700000,None,USD,26406400000,None,None,1639300000,16629600000,9776800000,774900000,None,346500000,10679100000,1795100000,None,818000000,3128000000,3136400000,2979800000,2979800000,-1289900000,3025000000,7044100000,11133100000,9776800000,1147200000,1248300000,7416800000,1136400000,3136400000,None,None,346500000,None,10679100000,-41600000,None,1672800000,None,15830900000,None,7416800000,1833100000,10024800000,None,None,None,82700000,26406400000,3128000000,None,None,USD,-69500000,-330200000,-214300000,150500000,-839000000,-944700000,110827500,None,147700000,-224100000,934900000,188900000,52400000,-110600000,4900000,153500000,712500000,10100000,295300000,712500000,None,-224100000,74.85,
1,2020-03-31,USD,9939700000,481400000,4189600000,5750100000,5296600000,359400000,71000000,None,462200000,None,164000000,27900000,5268700000,246400000,56400000,102800000,13100000,13100000,None,None,None,102800000,14800000,None,359400000,359400000,None,USD,27294700000,None,None,1626900000,17657300000,9637400000,780100000,None,346400000,10642200000,1877900000,None,815200000,3323100000,3220800000,3912500000,3912500000,-1383900000,2925300000,7405100000,11699800000,9637400000,1097000000,1277000000,7226000000,1270100000,3220800000,None,None,346400000,None,10642200000,-41500000,None,1664700000,None,16289800000,None,7226000000,1935700000,9941800000,None,None,None,74200000,27294700000,3323100000,None,347000000,USD,-24600000,-41100000,-379800000,101300000,108900000,-833700000,110827500,None,359400000,-787600000,425900000,202000000,70000000,-907400000,-35200000,-169000000,12600000,-8000000,456500000,12600000,None,-787600000,61.13,74.85
2,2019-12-31,USD,11828100000,512300000,4890000000,6938100000,6456200000,531300000,83600000,None,687800000,None,183200000,30400000,6425800000,245500000,57500000,156500000,10300000,10300000,None,None,None,156500000,20100000,None,531300000,531300000,None,USD,28361100000,None,None,388000000,18655000000,9706100000,790200000,843000000,346300000,10398500000,1567100000,None,810900000,4175100000,3990700000,4110200000,3797200000,-1100100000,2883800000,8016700000,12086000000,9706100000,1162100000,1306100000,7112500000,1153200000,3990700000,None,None,346300000,None,10398500000,None,None,1558700000,None,16528500000,None,7112500000,2022400000,9925100000,None,None,None,61400000,28361100000,5337200000,None,348000000,USD,-248400000,100300000,-650900000,142700000,255900000,172100000,110827500,-86500000,531300000,464900000,943700000,-339300000,79100000,-110800000,27000000,159800000,383700000,28800000,545200000,383700000,None,464900000,79.1,61.13
3,2019-09-30,USD,12371200000,455700000,5106800000,7264400000,6841400000,607900000,82200000,None,777600000,None,172600000,32700000,6808700000,200900000,59600000,169700000,11600000,11600000,None,None,None,169700000,21100000,None,607900000,607900000,None,USD,27767700000,None,None,387300000,17805000000,9962700000,753700000,79100000,347400000,10798700000,1920500000,None,774600000,3669500000,3539800000,4140000000,4140000000,-1190000000,2690800000,8051900000,11671700000,9962700000,1107800000,1729000000,90700000,1292600000,3539800000,None,None,347400000,None,10798700000,-110200000,None,1678000000,None,16040500000,None,90700000,2018000000,2862400000,None,None,None,116800000,27767700000,4777300000,None,347000000,USD,-79500000,27400000,-431100000,163700000,347900000,193300000,110827500,-86500000,607900000,489300000,727100000,549300000,-277200000,-110800000,-43800000,13500000,-218600000,24800000,515300000,-218600000,None,487900000,70.01,79.1
4,2019-06-30,USD,12894400000,443400000,5341700000,7552700000,7140900000,619700000,82500000,None,814400000,None,173300000,31600000,7109300000,187600000,60000000,194700000,9800000,9800000,None,None,None,194700000,21800000,None,619700000,619700000,None,USD,27168200000,None,None,403700000,17532800000,9635400000,737600000,167500000,347200000,10301800000,1902100000,None,1477800000,3219400000,3467600000,3900000000,3900000000,-1062200000,2624400000,7632700000,11604500000,9635400000,1117300000,1711200000,90600000,1336600000,3467600000,None,None,347200000,None,10301800000,-56500000,None,1521300000,None,15750200000,None,90600000,2089300000,2917500000,None,None,None,105100000,27168200000,4336700000,None,348000000,USD,-320900000,-122200000,-724700000,116300000,394800000,268300000,23900000,-86500000,619700000,370100000,826500000,None,261200000,-110900000,-15600000,-55900000,87600000,36100000,520100000,87600000,6700000,376800000,71.66,70.01
5,2019-03-31,USD,12625700000,427300000,5217100000,7408600000,7010900000,629000000,78300000,0,819400000,0,169400000,29600000,6981300000,179600000,53400000,190400000,10300000,10300000,0,0,0,190400000,19300000,0,629000000,629000000,None,USD,26157000000,0,None,401700000,17051500000,9105500000,692000000,238100000,347000000,9793100000,1829900000,0,705700000,2842600000,3507400000,3424800000,3424800000,-1095500000,2521500000,7225200000,11355700000,9105500000,1081600000,1736200000,89500000,1272600000,3507400000,0,0,347000000,0,9793100000,-33400000,None,1363600000,None,15240800000,None,89500000,2085400000,2866900000,None,None,None,94300000,26157000000,3924200000,None,348000000,USD,-179300000,425500000,-400700000,168800000,272800000,-550300000,15900000,-86500000,629000000,-588000000,363000000,None,259100000,-806100000,-17000000,-92800000,-845200000,-12600000,390200000,-845200000,-5300000,-593300000,68.14,71.66
6,2018-12-31,USD,17534200000,426000000,5088600000,12445600000,12057800000,578100000,80500000,0,752400000,0,166200000,38200000,12019600000,179300000,50900000,None,None,None,0,0,0,174300000,24900000,0,578100000,578100000,None,USD,25482400000,0,None,364700000,16889500000,8592900000,704900000,1670900000,346600000,9275400000,1840900000,0,651900000,3435900000,3722800000,3540800000,0,-1098500000,2480900000,7163400000,10840800000,8592900000,1020400000,1314400000,6409700000,1184700000,3722800000,0,0,346600000,0,9275400000,0,None,1199000000,None,14520700000,None,6409700000,1988100000,9102700000,None,None,None,69400000,25482400000,4456300000,None,352000000,USD,-282200000,-81800000,-654200000,167400000,427600000,134800000,39701000,273500000,578100000,545700000,1065100000,-16600000,259700000,-97700000,-195100000,94500000,190900000,40300000,539400000,190900000,-23800000,521900000,57.14,68.14
7,2018-09-30,USD,11173700000,409200000,4653600000,6520100000,6134700000,545300000,72900000,0,668800000,0,153500000,23800000,6110900000,182800000,49000000,None,None,None,0,0,0,123500000,10200000,0,545300000,545300000,None,USD,25103400000,0,None,376800000,15932400000,9171000000,695600000,53600000,352200000,9718400000,1836800000,0,723500000,2914000000,3234100000,3002200000,0,-895000000,2443600000,7069700000,10579000000,9171000000,1000300000,1608600000,230300000,1292000000,3234100000,0,0,352200000,0,9718400000,-153200000,None,1344000000,None,14366600000,None,230300000,1885700000,2811600000,None,None,None,148600000,25103400000,3914300000,None,352000000,USD,-198800000,139700000,-531300000,161800000,369700000,214900000,186649000,9000000,545300000,412300000,728700000,9000000,252600000,-98100000,-56700000,-38700000,-192000000,12800000,494300000,-192000000,-5100000,407200000,68.19,57.14
8,2018-06-30,USD,11272400000,423600000,4647300000,6625100000,6232500000,559600000,76700000,0,719600000,0,156800000,31000000,6201500000,190100000,45700000,None,None,None,0,-4474442.59,0,160000000,18600000,0,559600000,559600000,None,USD,24155800000,0,None,492900000,15376400000,8779400000,682100000,254400000,352200000,9271300000,1620900000,0,673400000,2506800000,3096000000,3130600000,7004474442.59,-893700000,2397400000,6743100000,10185500000,8779400000,1033300000,1546900000,230200000,1258500000,3096000000,0,0,352200000,0,9271300000,-94200000,None,1242100000,None,13825000000,None,230200000,1873500000,2785800000,None,None,None,143800000,24155800000,3540100000,None,353000000,USD,-315500000,211800000,-689100000,169900000,238400000,60700000,186649000,6800000,559600000,44800000,673200000,6800000,268300000,-98400000,-79300000,-253000000,-164800000,44500000,543500000,-164800000,-42100000,2700000,61.96,68.19
9,2018-03-31,USD,5654000000,436500000,4535500000,1118500000,710700000,512100000,76000000,0,669400000,0,168200000,28700000,682000000,192300000,41300000,None,None,None,0,5900000,0,157300000,28700000,0,512100000,512100000,None,USD,23781700000,0,None,396600000,15214400000,8567300000,730000000,165400000,352100000,8810100000,1662300000,0,685800000,2504100000,3016800000,3234200000,9238200000,-718300000,2454700000,6405700000,10103900000,8567300000,1046500000,1468800000,280500000,1068300000,3016800000,0,0,352100000,0,8810100000,-16700000,None,1219000000,None,13777600000,None,280500000,1824500000,2835000000,None,None,None,140100000,23781700000,3550600000,None,354000000,USD,167200000,549300000,-56100000,151800000,174800000,-339300000,186649000,31700000,512100000,129900000,525300000,31700000,273500000,-510100000,-4000000,-135500000,-588400000,-117400000,375100000,-588400000,9500000,139400000,66.17,61.96
10,2017-12-31,USD,5454600000,408000000,4409500000,1045100000,644100000,589200000,70600000,0,604300000,0,143700000,7000000,637100000,193700000,39800000,None,None,None,0,-7400000,0,15100000,29700000,0,589200000,589200000,None,USD,23440200000,117400000,None,404400000,15389700000,8050500000,773700000,1836900000,351800000,8369100000,2421300000,117400000,944200000,2364700000,2991600000,2933900000,8977700000,-793600000,2464400000,6082600000,9697100000,8050500000,1367100000,1127900000,5945500000,928400000,2991600000,0,0,351800000,0,8369100000,0,None,944200000,None,13105700000,None,5945500000,2278800000,8998000000,None,None,None,123200000,23440200000,3731800000,None,353000000,USD,-424800000,-441400000,-825100000,102600000,52300000,-24500000,None,407200000,589200000,43700000,893300000,271500000,293200000,-87900000,11100000,57900000,-479200000,-175800000,502900000,298700000,7700000,51400000,71.08,66.17
11,2017-09-30,USD,5059700000,398600000,4046800000,1012900000,620100000,402700000,67000000,0,581800000,0,140700000,5800000,614300000,190900000,38300000,None,None,None,0,52400000,0,179100000,0,0,402700000,402700000,None,USD,23103900000,0,None,252400000,15168300000,7935600000,977800000,5200000,351500000,8290700000,3102400000,0,993000000,2313300000,2760100000,2865100000,8923300000,-816200000,2389100000,5980500000,9548700000,7935600000,1216000000,1323800000,5966900000,983000000,2760100000,0,0,351500000,0,8290700000,0,None,993000000,None,12930800000,None,5966900000,2124600000,9069300000,None,None,None,109600000,23103900000,3529300000,None,353000000,USD,-69300000,210200000,-369200000,127500000,217000000,138500000,122726866,-7700000,402700000,406600000,637300000,-7700000,286100000,-87900000,9400000,-81000000,0,3700000,427400000,-176700000,26900000,433500000,72.34,71.08
12,2017-06-30,USD,4704200000,379800000,3755200000,949000000,576400000,373000000,66100000,0,539000000,0,134100000,7200000,569200000,179600000,37400000,None,None,None,0,-28600000,0,166000000,0,0,373000000,373000000,None,USD,22053300000,0,None,269900000,14552800000,7500500000,949300000,6700000,351300000,7975900000,2992500000,0,948200000,1879800000,2554900000,8616800000,8616800000,-925200000,2325600000,5440900000,None,7500500000,1244600000,10509900000,5655200000,885300000,2554900000,0,0,351300000,0,7975900000,0,None,948200000,None,3273800000,None,5655200000,5393400000,11997900000,None,None,None,98500000,22053300000,3124400000,None,353000000,USD,-70100000,214700000,-433300000,123800000,24700000,-62100000,122726866,46400000,373000000,79300000,574700000,46400000,269000000,-87800000,1000000,-92000000,0,3600000,487000000,-240000000,36100000,115400000,66.04,72.34
13,2017-03-31,USD,4237900000,383100000,3382200000,855700000,482300000,310300000,61000000,0,448200000,0,136500000,9700000,472600000,185600000,34100000,None,None,None,0,5900000,0,137900000,0,0,310300000,310300000,None,USD,21039700000,0,None,223900000,13960400000,7079300000,933100000,13900000,351300000,7690900000,2817600000,0,966500000,1764400000,2388600000,2516100000,2516100000,-1058000000,2270400000,5036400000,None,7079300000,1206400000,10116600000,5849400000,772200000,2388600000,0,0,351300000,0,7690900000,0,None,966500000,None,3236900000,None,5849400000,4789300000,11571800000,None,None,None,95100000,21039700000,2970800000,None,353000000,USD,-29700000,387700000,-337000000,122000000,-168800000,-445700000,122726866,259500000,310300000,-172200000,610500000,59400000,259200000,-294700000,17800000,-34800000,0,-10100000,429300000,-361200000,20900000,-151300000,67.2,66.04
14,2016-12-31,USD,4070700000,376100000,3243200000,827500000,451000000,288800000,67600000,0,418900000,0,-803300000,-400000,451400000,1111800000,32100000,None,None,None,0,9300000,0,130100000,-817000000,0,288800000,288800000,None,USD,20638900000,103000000,None,225600000,13861300000,6777600000,934900000,1305900000,350700000,7484900000,1880800000,103000000,1031500000,1915700000,2244500000,8521600000,8521600000,-1128100000,2260000000,4738200000,None,6777600000,1140900000,9699600000,6027700000,727800000,2244500000,0,0,350700000,0,7484900000,0,None,1031500000,None,3291500000,None,6027700000,4654200000,11616800000,None,None,None,70100000,20638900000,3056600000,None,352000000,USD,-240300000,-270500000,-642900000,118000000,88700000,8500000,None,496800000,288800000,175900000,810300000,207300000,247500000,-84100000,3900000,71500000,455900000,-57700000,520600000,323400000,-48100000,127800000,63.9,67.2
15,2016-09-30,USD,4249400000,357700000,3371500000,877900000,527100000,346200000,59200000,0,494900000,0,130800000,6900000,520200000,167700000,32200000,None,None,None,0,20100000,0,148700000,0,0,346200000,346200000,None,USD,20968900000,0,None,218300000,13990700000,6978200000,931600000,None,351700000,7516700000,2789600000,0,1035600000,1787900000,2295900000,2516000000,2516000000,-926700000,2251300000,4869500000,None,6978200000,1078900000,10104200000,6014300000,824100000,2295900000,0,0,351700000,0,7516700000,-56300000,None,1035600000,None,3286900000,None,6014300000,4748900000,11694800000,None,None,None,92800000,20968900000,2866800000,None,352000000,USD,296400000,39400000,-135300000,93400000,90100000,9800000,None,132000000,346200000,-284400000,-158900000,-813100000,250200000,-84200000,3900000,4900000,122100000,7400000,525100000,6100000,7400000,-277000000,58.78,63.9
16,2016-06-30,USD,4413200000,248900000,3489400000,923800000,678800000,481300000,60800000,0,646200000,0,135300000,3900000,674900000,52800000,32600000,None,None,None,0,-14400000,0,164900000,0,0,481300000,481300000,None,USD,21427200000,0,None,245700000,14717500000,6709700000,906800000,835900000,351600000,7254800000,2723000000,0,987500000,2064900000,3174200000,2426300000,2426300000,-927100000,2210500000,5538000000,None,6709700000,1426300000,10124900000,6018100000,824900000,2338300000,0,0,351600000,0,7254800000,-56300000,None,987500000,None,3198000000,None,6018100000,4618400000,11543300000,None,None,None,86700000,21427200000,3491200000,None,352000000,USD,-101900000,84100000,-493900000,109800000,-39600000,-118900000,None,105900000,481300000,240800000,853600000,-73000000,252900000,-84100000,4800000,-1900000,96100000,-41800000,501800000,152000000,-23200000,217600000,51.87,58.78
17,2016-03-31,USD,4300000000,1291300000,3413600000,886400000,-399300000,-594600000,59600000,0,-429600000,0,1077400000,5600000,-404900000,154300000,30300000,None,None,None,0,3400000,0,165000000,0,0,-594600000,-594600000,None,USD,21356900000,0,None,266300000,15013700000,6343200000,907100000,967300000,351500000,6857700000,2756500000,0,894500000,1847300000,3333900000,2754700000,2754700000,-889200000,2207700000,5392600000,None,6343200000,1466100000,10345900000,5822600000,829100000,2366600000,0,0,351500000,0,6857700000,-56300000,None,894500000,None,3102200000,None,5822600000,4950100000,11679800000,None,None,None,79500000,21356900000,3313400000,None,351000000,USD,2600000,322200000,-292200000,122600000,-92300000,-722900000,None,160900000,-594600000,-219300000,795800000,991800000,242500000,-576900000,-53700000,-10400000,0,-14000000,417400000,-141700000,50200000,-169100000,54.69,51.87
18,2015-12-31,USD,4355300000,360700000,3469400000,885900000,528800000,347200000,66700000,0,498700000,0,145400000,3600000,525200000,148600000,30100000,None,None,None,0,12400000,0,151500000,9500000,0,347200000,347200000,None,USD,21109800000,105600000,None,245700000,14169400000,6940400000,889100000,1634600000,351300000,7536800000,1829300000,105600000,871100000,2016400000,2564300000,8638200000,8638200000,-1017000000,2176400000,5299200000,None,6940400000,1448100000,10182600000,5795000000,796500000,2564300000,0,0,351300000,0,7536800000,0,None,871100000,None,3047500000,None,5795000000,4921000000,11605100000,None,None,None,69300000,21109800000,3464500000,None,356000000,USD,-232000000,-395000000,-573200000,103300000,-11300000,-221400000,None,370400000,347200000,-89800000,704800000,89100000,227800000,-84800000,-125300000,89400000,-168100000,6200000,444500000,340100000,-19900000,-109700000,47.4,54.69
19,2015-09-30,USD,4847200000,343500000,3772900000,995900000,653700000,431200000,57600000,0,624500000,0,131000000,1300000,652400000,154900000,29200000,None,None,None,0,0,0,193300000,0,0,431200000,431200000,None,USD,21519800000,0,None,355600000,14176000000,7343800000,912600000,None,355000000,7879000000,2642500000,0,830100000,2126100000,2520500000,None,None,-958200000,2140700000,5817400000,None,7343800000,1398800000,10425800000,6143700000,893100000,2520500000,0,0,355000000,0,7879000000,-78600000,None,830100000,None,2970800000,None,6143700000,4599200000,11655500000,None,None,None,146600000,21519800000,3524900000,None,356000000,USD,-133600000,-49700000,-487000000,94600000,172000000,19600000,None,None,431200000,196700000,664100000,-12000000,230900000,-85200000,-67200000,-26600000,0,29100000,448000000,61200000,-33700000,163000000,52.15,47.4
