,fiscalDateEnding,reportedCurrency_x,totalRevenue,totalOperatingExpense,costOfRevenue,grossProfit,ebit,netIncome_x,researchAndDevelopment,effectOfAccountingCharges,incomeBeforeTax,minorityInterest,sellingGeneralAdministrative,otherNonOperatingIncome,operatingIncome,otherOperatingExpense,interestExpense,taxProvision,interestIncome,netInterestIncome,extraordinaryItems,nonRecurring,otherItems,incomeTaxExpense,totalOtherIncomeExpense,discontinuedOperations,netIncomeFromContinuingOperations,netIncomeApplicableToCommonShares,preferredStockAndOtherAdjustments,reportedCurrency_y,totalAssets,intangibleAssets,earningAssets,otherCurrentAssets,totalLiabilities,totalShareholderEquity,deferredLongTermLiabilities,otherCurrentLiabilities,commonStock,retainedEarnings,otherLiabilities,goodwill,otherAssets,cash,totalCurrentLiabilities,shortTermDebt,currentLongTermDebt,otherShareholderEquity,propertyPlantEquipment,totalCurrentAssets,longTermInvestments,netTangibleAssets,shortTermInvestments,netReceivables,longTermDebt,inventory,accountsPayable,totalPermanentEquity,additionalPaidInCapital,commonStockTotalEquity,preferredStockTotalEquity,retainedEarningsTotalEquity,treasuryStock,accumulatedAmortization,otherNonCurrrentAssets,deferredLongTermAssetCharges,totalNonCurrentAssets,capitalLeaseObligations,totalLongTermDebt,otherNonCurrentLiabilities,totalNonCurrentLiabilities,negativeGoodwill,warrants,preferredStockRedeemable,capitalSurplus,liabilitiesAndShareholderEquity,cashAndShortTermInvestments,accumulatedDepreciation,commonStockSharesOutstanding,reportedCurrency,investments,changeInLiabilities,cashflowFromInvestment,otherCashflowFromInvestment,netBorrowings,cashflowFromFinancing,otherCashflowFromFinancing,changeInOperatingActivities,netIncome_y,changeInCash,operatingCashflow,otherOperatingCashflow,depreciation,dividendPayout,stockSaleAndPurchase,changeInInventory,changeInAccountReceivables,changeInNetIncome,capitalExpenditures,changeInReceivables,changeInExchangeRate,changeInCashAndCashEquivalents,clossingVal,nextClossingVal
0,2020-06-30,USD,181555000,20289000,149836000,31719000,14908000,2638000,None,None,3091000,None,20289000,None,14908000,None,8339000,453000,-8339000,-8339000,None,None,None,453000,-3478000,None,2638000,2638000,None,USD,2205170000,16660000,None,22107000,1079694000,1125476000,10942000,9839000,66871000,-442153000,167012000,None,90044000,80987000,128626000,45988000,45988000,-169426000,1905144000,179897000,73541000,1108816000,None,24588000,711001000,52215000,82638000,None,None,66871000,None,-442153000,None,None,29928000,None,2025273000,4783000,711001000,229125000,951068000,None,None,None,1670184000,2205170000,80987000,None,66871000,USD,-8654000,0,-8654000,-8114000,None,-30037000,-284000,13840000,2638000,1114000,39805000,20189000,18171000,-26744000,-3009000,None,None,-1193000,540000,None,None,1114000,38.03,
1,2020-03-31,USD,208880000,17842000,172046000,36834000,22627000,-16832000,None,None,-27694000,None,17842000,None,22627000,None,3698000,-10862000,-3698000,-3698000,None,None,None,-10862000,-46623000,None,-16832000,-16832000,None,USD,2212882000,16854000,None,15626000,1063268000,1149614000,11445000,10182000,66951000,-415153000,238443000,None,104478000,79484000,114077000,45981000,45981000,-170306000,1917377000,174173000,72582000,1132760000,None,23356000,710748000,55707000,68096000,None,None,66951000,None,-415153000,None,None,31896000,None,2038709000,4885000,710748000,226998000,949191000,None,None,None,1668122000,2212882000,79484000,None,66951000,USD,-11034000,0,-11034000,-6844000,None,-39538000,-242000,2557000,-16832000,-2434000,48138000,14745000,19044000,-26941000,-12355000,None,None,31181000,4190000,None,None,-2434000,31.39,38.03
2,2019-12-31,USD,203499000,14866000,169544000,33955000,20024000,11399000,None,None,10549000,None,14866000,None,20024000,None,8540000,-850000,-8540000,-8540000,None,None,None,-850000,-935000,None,11399000,11399000,None,USD,2235059000,17049000,None,20183000,1008228000,1226831000,20165000,10827000,67221000,-359330000,149605000,None,86896000,83310000,113252000,45974000,45974000,-147359000,1925046000,183441000,74233000,1209782000,None,14167000,710495000,65781000,67278000,None,None,67221000,None,-359330000,None,None,35290000,None,2051618000,4998000,710495000,164316000,894976000,None,None,None,1666299000,2235059000,83310000,None,68000000,USD,-17670000,-7460000,-17670000,-17322000,None,-27507000,-619000,-4485000,11399000,-11536000,33641000,-643000,19516000,-26888000,0,-3519000,7238000,7110000,348000,7238000,None,-11536000,43.27,31.39
3,2019-09-30,USD,226302000,13407000,182634000,43668000,31196000,20565000,None,None,21786000,None,13407000,None,31196000,None,8475000,1221000,-8475000,-8475000,None,None,None,1221000,-935000,None,20565000,20565000,None,USD,2257054000,17244000,None,23492000,1021325000,1235729000,14913000,8860000,67221000,-343747000,138054000,None,95395000,94747000,124266000,39995000,39995000,-152078000,1927783000,199655000,76924000,1218485000,None,27214000,716350000,54202000,84271000,None,None,67221000,None,-343747000,None,None,35448000,None,2057399000,4883000,716350000,165796000,897059000,None,None,None,1664333000,2257054000,94747000,None,67221000,USD,-13069000,0,-13069000,-28571000,None,-27017000,-129000,-8745000,20565000,-2180000,37906000,-1804000,19178000,-26888000,0,-3519000,7238000,-33000,15502000,None,None,-2180000,41.085,43.27
4,2019-06-30,USD,215581000,15841000,175673000,39908000,24956000,17137000,None,None,16185000,None,15841000,None,24956000,None,7882000,-952000,-7882000,-7882000,None,None,None,-952000,-889000,None,17137000,17137000,None,USD,2258941000,17439000,None,19890000,1012891000,1246050000,14623000,9170000,67186000,-337330000,138798000,None,95529000,97970000,124477000,39988000,39988000,-146187000,1932445000,196460000,79238000,1228611000,None,24479000,716094000,54121000,84489000,None,None,67186000,None,-337330000,None,None,33359000,None,2062481000,4982000,716094000,157697000,888414000,None,None,None,1662381000,2258941000,97970000,None,67186000,USD,-16917000,0,-16917000,-4897000,None,-41947000,-51000,8507000,17137000,-10410000,48454000,16050000,17137000,-26881000,-15015000,-3519000,7238000,-1870000,12020000,None,None,-10410000,38.98,41.085
5,2019-03-31,USD,181716000,8374000,154215000,27501000,14595000,6560000,None,None,8151000,None,17550000,-5512000,20107000,-9176000,5464000,1591000,None,-5464000,None,None,None,1591000,2684000,None,6560000,6560000,None,USD,2273214000,17634000,None,18625000,994828000,1278386000,15956000,10349000,67588000,-312874000,140738000,None,98583000,104787000,118543000,39981000,39981000,-136778000,1939286000,203829000,80675000,1260752000,None,18009000,715837000,62408000,78562000,None,None,67588000,None,-312874000,None,None,31790000,None,2069385000,4443000,715837000,144492000,876285000,None,None,None,1660450000,2273214000,104787000,None,67588000,USD,52173000,0,52173000,55933000,None,-42301000,-5078000,13983000,6560000,28939000,19067000,16879000,16274000,-27065000,-10158000,-3519000,7238000,-20646000,3760000,None,None,28939000,37.79,38.98
6,2018-12-31,USD,217250000,17227000,192000000,25250000,9964000,1799000,0,0,-2079000,0,16353000,None,9964000,874000,10102000,None,None,None,-300000,0,0,-3878000,-10976000,0,1799000,1799000,None,USD,2325852000,17828000,None,103349000,1011073000,1314779000,32009000,29321000,67570000,-282391000,156510000,None,93573000,76639000,136284000,39973000,39973000,-129431000,1945008000,262198000,79537000,1296951000,None,21405000,715391000,60805000,66990000,None,None,67570000,None,-282391000,None,None,21281000,None,2063654000,None,715391000,127389000,874789000,None,None,None,1659031000,2325852000,76639000,None,62000000,USD,None,-11385000,-20857000,-4762000,108434000,-71471000,-2442000,3120000,1799000,-61802000,30526000,17572000,19476000,-71463000,None,273000,2822000,-31000,16095000,2822000,None,-61802000,31.64,37.79
7,2018-09-30,USD,289199000,17815000,195584000,93615000,77742000,60336000,0,0,65691000,0,16843000,None,77742000,972000,10109000,None,None,None,0,0,0,5355000,-11081000,0,60336000,60336000,None,USD,2413071000,19241000,None,18988000,1234002000,1179069000,38575000,254086000,62755000,-256280000,141757000,0,90945000,137535000,308346000,None,None,-111156000,2024195000,269416000,76523000,1159828000,0,39029000,783899000,73864000,308346000,0,0,62755000,0,-256280000,0,None,23696000,None,2143655000,None,783899000,103182000,925656000,None,None,None,1483750000,2413071000,137535000,None,65000000,USD,None,0,-12347000,-5221000,-25000,-25142000,-15000,-1982000,60336000,15524000,53013000,11497000,19445000,-25102000,0,273000,2822000,-38265000,7126000,None,None,15524000,40.95,31.64
8,2018-06-30,USD,268233000,19818000,180906000,87327000,69417000,46148000,0,0,58153000,0,18800000,None,69417000,1018000,9356000,None,None,None,0,-19255000,0,12005000,-10374000,0,46148000,46148000,None,USD,2397149000,19344000,None,18025000,1036223000,1360926000,27040000,27014000,62754000,-69426000,174374000,0,93758000,125719000,77940000,783909000,783909000,-114450000,2031489000,250450000,75578000,1341582000,0,43322000,783436000,63384000,77940000,0,0,62754000,0,-69426000,0,None,20288000,None,2146699000,None,783436000,147807000,958283000,None,None,None,1482048000,2397149000,125719000,None,63000000,USD,None,0,-11864000,-3960000,None,-25198000,-97000,-18782000,46148000,23379000,60441000,-15654000,21605000,-25101000,0,273000,2822000,8342000,7904000,None,None,23379000,50.85,40.95
9,2018-03-31,USD,199897000,34768000,139155000,60742000,27831000,14597000,0,0,20314000,0,15513000,None,27831000,19255000,5660000,None,None,None,0,19255000,0,5717000,-26764000,0,14597000,14597000,None,USD,2372353000,19000000,None,21824000,1036911000,1335442000,22927000,32083000,62755000,-90334000,170969000,0,89438000,102340000,81298000,784644000,784644000,-117381000,2047517000,214529000,78454000,1316442000,0,28212000,782974000,62153000,81298000,0,0,62755000,0,-90334000,0,None,12853000,None,2157824000,None,782974000,149712000,955613000,None,None,None,1480402000,2372353000,102340000,None,51000000,USD,None,0,-2841000,791000,-22659000,-50190000,-2429000,7475000,14597000,-18117000,34914000,10681000,12635000,-25102000,0,5595000,17893000,-2999000,3632000,None,None,-18117000,52.05,50.85
10,2017-12-31,USD,175244000,17141000,121055000,54189000,37048000,11588000,0,0,29653000,0,13635000,None,37048000,97000,7395000,None,None,None,0,3409000,0,18065000,-30458000,0,11588000,11588000,None,USD,953079000,0,None,11478000,752537000,200542000,0,46071000,40612000,-104363000,118683000,0,28067000,120457000,74798000,14263000,14263000,-94851000,731705000,193307000,1156000,200542000,0,11240000,559056000,50132000,60535000,0,0,40612000,0,-104363000,0,None,8271000,19796000,759772000,None,559056000,118683000,677739000,None,None,None,359144000,953079000,120457000,None,41000000,USD,None,7300000,-6859000,-3439000,-6000000,-22801000,-556000,-4306000,11588000,3654000,33314000,-11941000,8004000,-16245000,0,2490000,3602000,12271000,3420000,3602000,None,3654000,49.9,52.05
11,2017-09-30,USD,190441000,21677000,124971000,65470000,43793000,33700000,0,0,36457000,0,14619000,None,43793000,2080000,7336000,None,None,None,0,4978000,0,2757000,0,0,33700000,33700000,None,USD,970993000,0,None,8820000,779803000,191190000,0,5839000,40611000,-99677000,133900000,0,48964000,116803000,86884000,20304000,20304000,-107480000,733684000,188345000,None,191190000,0,23461000,559019000,39261000,66580000,0,0,40611000,0,-99677000,0,None,8075000,40889000,782648000,None,559019000,133900000,692919000,None,None,None,357736000,970993000,116803000,None,41000000,USD,None,0,-28224000,-5817000,-6000000,-15259000,-30000,10570000,33700000,6479000,49962000,8583000,8565000,-15229000,0,0,0,-886000,22407000,None,None,6479000,51.0,49.9
12,2017-06-30,USD,163229000,10900000,111556000,51673000,40773000,24244000,0,0,33425000,0,14165000,None,40773000,-3265000,7348000,None,None,None,0,-19912000,0,9181000,0,0,24244000,24244000,None,USD,946774000,0,None,12396000,776445000,170329000,0,5839000,40610000,-118120000,138274000,0,46545000,110324000,79318000,20349000,579317000,-108614000,713849000,186380000,None,170329000,0,23536000,558853000,40124000,58969000,0,0,40610000,0,-118120000,0,None,7100000,39445000,760394000,None,558853000,138274000,697127000,None,None,None,356453000,946774000,110324000,None,41000000,USD,None,0,-8554000,-3119000,-5000000,-20220000,9000,-47000,24244000,8660000,37434000,6528000,6641000,-15229000,0,0,0,21000,5435000,None,None,8660000,45.7,51.0
13,2017-03-31,USD,149681000,12989000,112783000,36898000,23909000,16921000,0,0,18939000,0,12989000,None,23909000,-3265000,4970000,None,None,None,0,4978000,0,2018000,0,0,16921000,16921000,None,USD,932671000,0,None,8675000,773409000,159262000,0,5839000,40608000,-127109000,139443000,0,48872000,101664000,75456000,25408000,25408000,-109411000,711785000,172014000,None,159262000,0,16328000,558510000,45347000,50048000,0,0,40608000,0,-127109000,0,None,7322000,41550000,760657000,None,558510000,139443000,697953000,None,None,None,355174000,932671000,101664000,None,41000000,USD,None,2025000,-6383000,-2747000,-5000000,-16486000,-1258000,9966000,16921000,19080000,41949000,9966000,6702000,-15228000,0,0,0,8360000,3636000,None,None,19080000,45.7,45.7
14,2016-12-31,USD,155681000,12985000,116980000,38701000,25716000,14373000,0,0,18792000,0,12985000,None,25716000,1022000,6924000,None,None,None,0,1022000,0,4419000,-77463000,0,14373000,14373000,None,USD,927681000,0,None,11155000,771407000,156274000,0,36211000,40519000,-128775000,137870000,0,49360000,82584000,60581000,11032000,11032000,-110744000,714676000,163645000,1363000,156274000,0,17284000,572956000,52622000,49549000,0,0,40519000,0,-128775000,0,None,7309000,42051000,764036000,None,572956000,137870000,710826000,None,None,None,355274000,927681000,82584000,None,41000000,USD,None,7877000,37311000,-1103000,2836000,-15227000,-2868000,-5010000,14373000,49811000,27727000,12845000,8467000,-15195000,0,-17460000,-3712000,5337000,1668000,-3712000,None,49811000,41.65,45.7
15,2016-09-30,USD,174027000,12901000,122132000,51895000,38994000,27646000,0,0,31208000,0,12901000,None,38994000,0,7786000,None,None,None,0,0,0,3562000,0,0,27646000,27646000,None,USD,933125000,0,None,9940000,777362000,155763000,0,5973000,40519000,-127926000,133181000,0,51015000,32734000,63864000,5053000,5053000,-110532000,721134000,160976000,None,155763000,40121000,37175000,580317000,41006000,58811000,0,0,40519000,0,-127926000,0,None,8622000,42393000,772149000,None,580317000,133181000,713498000,None,None,None,353702000,933125000,72855000,None,41000000,USD,-44000,6577000,-5298000,-4461000,-2836000,-15998000,-804000,-17701000,27646000,7433000,28729000,-19115000,9249000,-15194000,0,0,0,10949000,793000,None,None,7433000,38.89,41.65
16,2016-06-30,USD,141495000,62346000,113377000,28118000,-34228000,-31238000,0,0,-42434000,0,62346000,None,-34228000,0,8206000,None,None,None,0,0,0,-11196000,0,0,-31238000,-31238000,None,USD,914145000,0,None,17162000,773602000,140543000,0,5973000,40519000,-140351000,133052000,0,60657000,25301000,59345000,5082000,5082000,-112122000,718372000,135116000,None,140543000,40077000,22531000,581205000,30045000,54263000,0,0,40519000,0,-140351000,0,None,9088000,51569000,779029000,None,581205000,133052000,714257000,None,None,None,352497000,914145000,65378000,None,41000000,USD,-40042000,6577000,64392000,108151000,-42600000,-63648000,103000,-10250000,-31238000,17512000,16768000,38272000,7869000,-15195000,-5956000,0,0,1865000,3717000,None,None,17512000,34.1,38.89
17,2016-03-31,USD,127896000,13009000,109815000,18081000,5072000,157000,0,0,-953000,0,13009000,None,5072000,0,6025000,None,None,None,0,0,0,-1110000,0,0,157000,157000,None,USD,1001355000,0,None,14106000,810879000,190476000,0,5973000,40688000,-88108000,132617000,0,54771000,7789000,50553000,None,None,-113292000,74060000,61668000,None,190476000,35000,14710000,627709000,25028000,50553000,0,0,40688000,0,-88108000,0,None,818982000,46645000,939687000,None,627709000,132617000,760326000,None,None,None,351188000,1001355000,7824000,None,41000000,USD,4000,None,-3054000,-2126000,-10336000,-25936000,-342000,None,157000,-97000,28893000,16047000,8605000,-15258000,0,0,0,4084000,932000,None,None,-97000,31.5,34.1
18,2015-12-31,USD,137989000,11382000,116752000,21237000,9855000,3549000,0,0,1514000,0,11382000,None,9855000,1022000,8341000,None,None,None,0,1022000,0,-2035000,-32761000,0,3549000,3549000,None,USD,1016612000,0,None,14246000,812876000,203736000,0,36526000,40681000,-72983000,133282000,0,53975000,7886000,80720000,35007000,5007000,-114503000,75285000,70753000,574000,203736000,39000,13420000,598874000,35162000,45713000,0,0,40681000,0,-72983000,0,None,823974000,46600000,945859000,None,598874000,133282000,732156000,None,None,None,350541000,1016612000,7925000,None,41000000,USD,1000,267000,-4512000,-856000,7346000,-7774000,136000,-7686000,3549000,6580000,18866000,11912000,9951000,-15256000,0,-3672000,-3864000,723000,3657000,-3864000,None,6580000,30.24,31.5
19,2015-09-30,USD,174475000,10689000,136072000,38403000,27714000,21798000,0,0,19379000,0,10689000,None,27714000,0,8335000,None,None,None,0,0,0,-2419000,0,0,21798000,21798000,None,USD,1039575000,0,None,16754000,824536000,215039000,0,None,40678000,-61253000,128128000,0,48214000,1306000,93733000,27500000,None,-113233000,74716000,94292000,None,215039000,40000,35813000,602675000,40379000,66233000,0,0,40678000,0,-61253000,0,None,833852000,36715000,945283000,None,602675000,128128000,730803000,None,None,None,348847000,1039575000,1346000,None,41000000,USD,1791000,None,-16461000,-4940000,-14194000,-29508000,-60000,None,21798000,-7477000,38492000,-4924000,12557000,-15254000,0,0,0,9061000,13312000,None,None,-7477000,28.79,30.24
