,fiscalDateEnding,reportedCurrency_x,totalRevenue,totalOperatingExpense,costOfRevenue,grossProfit,ebit,netIncome_x,researchAndDevelopment,effectOfAccountingCharges,incomeBeforeTax,minorityInterest,sellingGeneralAdministrative,otherNonOperatingIncome,operatingIncome,otherOperatingExpense,interestExpense,taxProvision,interestIncome,netInterestIncome,extraordinaryItems,nonRecurring,otherItems,incomeTaxExpense,totalOtherIncomeExpense,discontinuedOperations,netIncomeFromContinuingOperations,netIncomeApplicableToCommonShares,preferredStockAndOtherAdjustments,reportedCurrency_y,totalAssets,intangibleAssets,earningAssets,otherCurrentAssets,totalLiabilities,totalShareholderEquity,deferredLongTermLiabilities,otherCurrentLiabilities,commonStock,retainedEarnings,otherLiabilities,goodwill,otherAssets,cash,totalCurrentLiabilities,shortTermDebt,currentLongTermDebt,otherShareholderEquity,propertyPlantEquipment,totalCurrentAssets,longTermInvestments,netTangibleAssets,shortTermInvestments,netReceivables,longTermDebt,inventory,accountsPayable,totalPermanentEquity,additionalPaidInCapital,commonStockTotalEquity,preferredStockTotalEquity,retainedEarningsTotalEquity,treasuryStock,accumulatedAmortization,otherNonCurrrentAssets,deferredLongTermAssetCharges,totalNonCurrentAssets,capitalLeaseObligations,totalLongTermDebt,otherNonCurrentLiabilities,totalNonCurrentLiabilities,negativeGoodwill,warrants,preferredStockRedeemable,capitalSurplus,liabilitiesAndShareholderEquity,cashAndShortTermInvestments,accumulatedDepreciation,commonStockSharesOutstanding,reportedCurrency,investments,changeInLiabilities,cashflowFromInvestment,otherCashflowFromInvestment,netBorrowings,cashflowFromFinancing,otherCashflowFromFinancing,changeInOperatingActivities,netIncome_y,changeInCash,operatingCashflow,otherOperatingCashflow,depreciation,dividendPayout,stockSaleAndPurchase,changeInInventory,changeInAccountReceivables,changeInNetIncome,capitalExpenditures,changeInReceivables,changeInExchangeRate,changeInCashAndCashEquivalents,clossingVal,nextClossingVal
0,2020-05-31,USD,1911861,886205,1106573,743548,-25465,27337,None,None,36275,None,800609,117192,-142657,85596,None,8938,24462,24462,None,None,None,8938,154470,None,27337,27337,None,USD,88209073,None,None,1063777,6942969,81266104,None,5424694,79517,-91649303,540761,None,4160544,17074761,6261890,None,None,None,55393452,23002535,1510365,81265671,0,968238,None,3895759,837196,None,None,79517,433,-91649303,None,None,7729531,None,573190,140318,None,681079,681079,None,None,None,172835457,88209073,17074761,None,23853598,USD,1720000,-799784,-1486281,-3057273,None,4237,-388,118977,27337,-2819756,-1337712,1969139,471384,None,4625,-220369,-277309,70029,149008,-279706,None,-2819756,10.16,
1,2020-02-29,USD,3580321,1132187,2448218,1070362,291018,273918,None,None,352759,None,1036615,352843,-61825,95572,None,78841,83778,83778,None,None,None,78841,330806,None,273918,273918,None,USD,91603401,None,None,1108637,10450941,81152460,None,5997356,79509,-91676640,588955,None,4215094,19894517,9701973,None,None,233,55320155,26577005,1496180,81152027,1720233,477503,None,3376115,3704617,None,None,79509,433,-91676640,None,None,7648757,None,561304,160013,None,748968,748968,None,None,None,172748925,91603401,21614750,None,23851098,USD,-1720000,-404722,-4031183,-1972043,None,33968,-1432,-17679,273918,-2177925,1819290,2714241,478277,None,35400,-1981101,510481,262703,339140,475974,None,-2177925,12.37,10.16
2,2019-11-30,USD,10522769,886153,8586272,1874757,1312344,5762465,None,None,7649584,None,801371,323740,988604,84782,None,1887119,54191,54191,None,None,None,1887119,6606789,None,5762465,5762465,None,USD,88929509,None,None,1124013,8334442,80595068,None,3252728,79427,-91950558,643194,None,4068115,22072442,7513526,None,None,None,51502028,27936321,1591940,80594634,0,878302,None,3861564,4260798,None,None,79427,433,-91950558,None,None,7334783,None,564436,177721,None,820916,820916,None,None,None,172465766,88929509,22072442,None,23826598,USD,5184923,781418,2874766,-2273010,None,-2378,-2378,-113504,5762465,17594422,14722034,2051958,304084,None,None,4777212,221329,824163,37147,220734,None,17594422,12.42,12.37
3,2019-08-31,USD,9473878,7877440,6598666,2875212,2063308,3011830,None,None,1728634,None,1242423,118263,1596438,8200,None,-1283195,51796,51796,None,None,None,-1283195,80400,None,3011829,3011830,None,USD,83721404,7756100,None,1016751,8990263,74731141,None,4697999,79427,-97713023,693024,None,4808880,4478020,8297239,None,None,3891,47618687,23537737,0,66974608,5188813,1099631,None,11613112,170822,None,None,79427,433,-97713023,None,None,1945202,None,60183657,None,None,332140,693024,None,None,None,172360410,83721404,9666830,None,24000000,USD,-5453174,3583675,-5453174,3656970,None,77357,-894,645129,3011830,896709,6272526,3852437,1280830,None,193100,288428,-499382,-1224024,6444738,-505565,None,896709,10.85,12.42
4,2019-05-31,USD,5198596,763530,3262302,1922361,1247438,1261371,None,None,1261371,None,665684,88607,1158831,97846,None,0,53986,53986,None,None,None,None,48554,None,1261371,1261371,None,USD,76839973,7971500,None,7455892,5268562,71571411,None,1828052,79344,-100724853,351611,None,1289460,3581310,4916951,None,None,12656,43614590,25692380,1421817,71570978,6189143,594249,None,12693514,3088899,None,None,79344,433,-100724853,None,None,1007458,None,282000,None,None,351611,351611,None,None,None,172203831,76839973,9770453,None,23801598,USD,947562,574262,-1147422,-1907004,None,-241,-240,-1143778,1261371,-395997,751666,-835361,323180,None,-1,-289962,-364318,98739,187980,-380563,None,-395997,9.42,10.85
5,2019-02-28,USD,2644353,650000,2256127,374292,-109959,-96025,0,None,-96025,None,559608,165749,-275708,90392,0,None,121661,121661,None,None,None,0,58022,None,-96025,-96025,None,USD,74345933,8049500,None,6302476,4131958,70213975,None,1510974,79344,-101986224,365786,None,2562101,3977307,3766172,None,None,12687,41993268,24994719,1394703,70213542,7136735,229932,None,12144114,2255198,None,None,79344,433,-101986224,None,None,885398,None,282000,None,None,365786,365786,None,None,None,172107735,74345933,11114042,None,23801598,USD,3981542,-104155,592255,-3300176,None,34560,-2040,-6228,-96025,2862198,2235383,2455936,251506,None,36600,-1660200,1338370,60829,89111,1327492,None,2862198,10.14,9.42
6,2018-11-30,USD,3086482,726846,1826604,1245945,620039,633972,0,None,633972,None,638833,100940,519099,88013,0,None,None,None,None,None,None,0,114873,None,633972,633972,None,USD,71145419,7998200,None,7306227,864705,70280714,0,55733,79302,-101890199,381757,0,2510458,1115109,482948,None,None,78242,38909715,24950446,1373762,70280281,11183832,1568301,0,8551777,427215,0,0,79302,433,-101890199,0,None,854696,None,282000,None,None,381757,381757,None,None,None,172012936,71145419,12298941,None,23789098,USD,-2263699,-1209985,-4795410,-2488788,None,74529,-3722,-235592,633972,-10449929,-5729048,-1633549,239274,0,78251,-3356718,-1489946,74858,42923,-476900,None,-10449929,10.5,10.14
7,2018-08-31,USD,3906221,910149,2988664,903623,32266,356528,0,0,83355,0,1038984,38792,-6526,-128835,0,None,None,None,0,0,0,-282000,83443,-2390,351422,356528,None,USD,71906615,9316700,None,1372886,2453396,69453219,0,416783,79218,-102524171,399413,0,2416574,11565038,2053983,None,None,66446,41381453,27918218,1547210,69452786,8717967,1067268,0,5195059,1637200,0,0,79218,433,-102524171,0,None,777734,None,282000,None,None,399413,399413,None,None,None,171831293,71906615,20283005,None,23764098,USD,9783573,692979,7332503,1942656,None,-371,-371,92671,356527,8688886,1356754,341351,342701,0,0,-834738,184566,148220,4393726,309714,None,8688886,11.25,10.5
8,2018-05-31,USD,1226052,770990,528927,683192,39699,54601,0,0,39699,0,635502,127497,-87798,135488,0,None,None,None,0,0,0,0,141430,969,53632,54601,None,USD,70130210,8199700,None,7676281,1123370,69006840,74311,61292,79218,-102880698,413717,0,3480020,2876152,709653,None,None,60225,35609275,24775307,2565126,69006407,17005914,1218251,0,2074543,648361,0,0,79218,433,-102880698,0,None,1104668,None,39279069,None,None,339406,413717,None,None,None,171747662,70130210,19882066,None,23764098,USD,-54294,104081,-1384613,-2989567,1705504,1489469,-216035,-10100,54602,-211671,-316527,212278,215259,0,0,-382554,-308724,250320,1659248,-1035563,None,-211671,9.35,11.25
9,2018-02-28,USD,858594,645163,213811,630850,96485,100162,0,0,96485,0,519626,110798,-14313,125537,0,None,None,None,0,0,0,0,113635,840,96485,100162,None,USD,69864771,7688700,None,1686057,1036776,68827995,999688,64315,79218,-102935300,88000,0,4789000,3087823,608595,None,None,19613,34907176,22815808,3769328,68827562,17132401,909527,0,0,544280,67506099,0,79218,433,-102935300,0,None,1018769,None,39695273,None,None,428181,428181,None,None,None,171664031,69864771,20220224,None,23764098,USD,2568842,1279,1146866,-1490000,-1490000,-1415669,-669,-1087578,100162,-616534,-347731,-355828,169802,0,75000,-382554,535452,8097,1421976,-535452,None,-616534,7.95,9.35
10,2017-11-30,USD,1019421,780023,430199,579933,-86859,-96611,0,0,-86859,0,660983,113231,-200090,119040,0,None,None,None,0,0,0,0,0,581,-86859,-96611,None,USD,69616453,0,None,486895,1052101,68564352,999688,66317,79185,-103035462,102000,0,1874000,3704357,609318,None,None,8517,34710354,26577192,1009317,68563919,20940961,1444979,0,0,543001,67506099,0,79185,433,-103035462,0,None,864328,None,36583999,None,None,442783,442783,None,None,None,171511679,69616453,24645318,None,23754098,USD,-885586,-330261,-1394004,0,215504,214552,214552,237340,-96611,-1871466,-692014,-700567,174914,0,0,0,781217,8553,508418,781217,None,-1871466,6.95,7.95
11,2017-08-31,USD,659103,916631,322070,335533,-663375,-501190,0,0,-490040,0,790334,-82277,-581098,126297,0,None,None,None,0,0,0,0,452359,80737,-490040,-501190,None,USD,69787572,7707400,None,613848,2281473,67506099,999688,66965,79185,-103993900,1000000,0,1840000,5575823,940227,None,None,-11105,40824084,27124282,964339,67505666,20055345,879266,0,0,873262,68997949,0,79185,433,-103993900,0,None,874867,None,42663290,None,None,341558,1341246,None,None,None,171431486,69787572,25631168,None,23754098,USD,1419792,567860,42213,6034832,None,-306,-306,-309024,-501188,-171728,-213635,-215308,329157,0,0,-1217292,-482756,1673,4860398,602208,None,-171728,7.25,6.95
12,2017-05-31,USD,140008,598013,167049,-33041,-540737,-554416,0,0,-540737,0,518625,90317,-631054,79388,0,None,None,None,0,0,0,0,0,-11275,-540737,-554416,None,USD,69867056,0,None,1075988,1937241,67929815,1013639,65446,79185,-103492712,1013000,0,2787000,5747551,581738,None,None,-23366,34343476,27118028,2335680,67929382,20232935,61554,0,0,516292,68997949,0,79185,433,-103492712,0,None,451072,None,37130228,None,None,341864,1355503,None,None,None,171366275,69867056,25980486,None,23754098,USD,1148264,95055,-700802,-4101010,215504,-193,-193,-35699,-554417,-1003940,-302945,-308471,147528,0,0,0,33000,5526,2251944,-16782,None,-1003940,7.8,7.25
13,2017-02-28,USD,243078,523812,168680,68398,-333323,-317290,0,0,-333323,0,449545,122091,-455414,74267,0,None,None,None,0,0,0,0,0,-2649,-333323,-317290,None,USD,71211436,0,None,1058149,2799147,68412289,1027589,70490,79185,-102938295,1028000,0,2732000,6751491,1429500,None,None,-31770,33742522,29274398,2291407,68411856,21386422,78336,0,0,1359010,68997949,0,79185,433,-102938295,0,None,441509,None,36475438,None,None,342058,1369647,None,None,None,171302736,71211436,28137913,None,23754098,USD,5793877,-175654,1448651,0,215504,-366,-366,-112573,-317291,1170522,-277763,-354362,141971,0,0,0,49000,76599,4345226,-121071,None,1170522,5.15,7.8
14,2016-11-30,USD,204363,517227,145507,53591,-346768,-337972,0,0,-346768,0,443240,116868,-463636,73987,0,None,None,None,0,0,0,0,0,-18680,-346768,-337972,None,USD,70532657,0,None,1026526,1852096,68680561,1041540,74842,79185,-102621004,1042000,0,8123000,5580969,468133,None,None,-19089,28445851,28565593,7664406,68680128,21758691,199407,0,0,393291,68997949,0,79185,433,-102621004,0,None,458065,None,36568322,None,None,342423,1383963,None,None,None,171241036,70532657,27339660,None,23754098,USD,1424473,-9723,1143760,0,None,-1543,-1543,-34354,-337972,883681,-258536,-293117,115668,0,0,0,18401,34581,280713,18401,None,883681,4.95,5.15
15,2016-08-31,USD,150000,2631936,100000,124057,-1808483,-888337,0,0,-1230259,0,556000,None,-1646881,-57972,0,None,None,None,0,0,0,0,949516,-29370,-858967,-888337,None,USD,70879614,6272900,None,1031106,1881665,68997949,1055491,79194,79185,-102283032,1056000,0,8126000,4697288,482208,None,None,3122,33667726,29085850,7653645,68997516,23176450,181006,0,0,403014,70085548,0,79185,433,-102283032,0,None,472393,None,41793764,None,None,343966,1399457,None,None,None,171198241,70879614,27873738,None,23754098,USD,33008908,216742,-361214,-31667636,None,-412,-412,-154366,-520097,-417375,-55749,-419899,112270,0,0,-1217292,-23161,364150,2346930,271892,None,-417375,4.84,4.95
16,2016-05-31,USD,132757,498909,134837,-33985,-428429,-422270,0,0,-428429,0,431737,104465,-532894,67172,0,None,None,None,0,0,0,0,0,-61263,-428429,-422270,None,USD,71123258,0,None,1175477,1684494,69438764,1070441,83402,79185,-101762935,1070000,0,8293000,5114663,269675,None,None,-23335,27969211,29589792,7822724,69438331,23148458,151194,0,0,186273,70085548,0,79185,433,-101762935,0,None,470218,None,36262153,None,None,344378,1414819,None,None,None,171145416,71123258,28263121,None,24054098,USD,-169916,5580,-1076750,-451347,None,-176,-176,-47029,-422270,-1066729,10197,-407664,108777,0,0,0,223000,417861,455487,58730,None,-1066729,4.49,4.84
17,2016-02-29,USD,237872,512245,120928,-44486,-390306,-270699,0,0,-390306,0,449334,166425,-556731,62911,0,None,None,None,0,0,0,0,0,-28641,-390306,-270699,None,USD,71725467,0,None,1288021,1886099,69839368,1090392,270461,79185,-101340665,1090000,0,11259000,6181392,451153,None,None,13182,27780351,27565832,10793039,69838935,20003955,92464,0,0,180692,0,0,79185,433,-101340665,0,None,466624,None,39040014,None,None,344554,1434946,None,None,None,171087233,71725467,26185347,None,23754098,USD,-29998992,191213,-29963365,0,None,-961,-961,None,-270699,-29329042,635284,-991359,104486,0,0,0,289000,783202,35627,-149953,None,-29329042,4.64,4.49
18,2015-11-30,USD,126000,0,90000,0,0,0,0,0,0,0,422000,None,0,0,0,None,None,None,0,0,0,0,0,0,0,0,None,USD,72172177,0,None,645627,2130480,70041697,1110342,333716,79185,-101069966,1110000,0,920000,35510434,674623,None,None,None,27647876,38512072,594449,70041264,1342250,1013761,0,0,340907,0,0,79185,433,-101069966,0,None,325533,None,28567858,None,None,345515,1455857,None,None,None,171032045,72172177,36852684,None,23754098,USD,None,-682963,-717654,0,None,-492,-492,None,-97541,-1578607,-860461,-67484,94571,0,0,0,0,50464,717654,-157508,None,-1578607,5.07,4.64
19,2015-08-31,USD,135000,2873516,226000,609711,-1676947,-23158947,0,0,-575146,0,772000,None,-1676947,7400,415000,None,None,None,0,0,0,0,1101801,-22552801,-575146,-23127947,None,USD,73060913,6246200,None,293395,2975365,70085548,1130293,417465,80185,-100972425,1130000,0,679000,37089041,1499065,None,None,-1407000,32800263,39580939,591223,70085115,1342250,856253,0,0,1081600,0,0,80185,433,-100972425,0,None,88488,None,33479974,None,None,346007,1476300,None,None,None,172384355,73060913,38431291,None,24054098,USD,-29985910,260468,43749337,43950323,-6933075,-6885229,-979,-61736,-23082507,36345653,-518455,22271208,88354,0,48825,-1217292,749000,49009,200986,-104987,None,36345653,5.0,5.07
