,fiscalDateEnding,reportedCurrency_x,totalRevenue,totalOperatingExpense,costOfRevenue,grossProfit,ebit,netIncome_x,researchAndDevelopment,effectOfAccountingCharges,incomeBeforeTax,minorityInterest,sellingGeneralAdministrative,otherNonOperatingIncome,operatingIncome,otherOperatingExpense,interestExpense,taxProvision,interestIncome,netInterestIncome,extraordinaryItems,nonRecurring,otherItems,incomeTaxExpense,totalOtherIncomeExpense,discontinuedOperations,netIncomeFromContinuingOperations,netIncomeApplicableToCommonShares,preferredStockAndOtherAdjustments,reportedCurrency_y,totalAssets,intangibleAssets,earningAssets,otherCurrentAssets,totalLiabilities,totalShareholderEquity,deferredLongTermLiabilities,otherCurrentLiabilities,commonStock,retainedEarnings,otherLiabilities,goodwill,otherAssets,cash,totalCurrentLiabilities,shortTermDebt,currentLongTermDebt,otherShareholderEquity,propertyPlantEquipment,totalCurrentAssets,longTermInvestments,netTangibleAssets,shortTermInvestments,netReceivables,longTermDebt,inventory,accountsPayable,totalPermanentEquity,additionalPaidInCapital,commonStockTotalEquity,preferredStockTotalEquity,retainedEarningsTotalEquity,treasuryStock,accumulatedAmortization,otherNonCurrrentAssets,deferredLongTermAssetCharges,totalNonCurrentAssets,capitalLeaseObligations,totalLongTermDebt,otherNonCurrentLiabilities,totalNonCurrentLiabilities,negativeGoodwill,warrants,preferredStockRedeemable,capitalSurplus,liabilitiesAndShareholderEquity,cashAndShortTermInvestments,accumulatedDepreciation,commonStockSharesOutstanding,reportedCurrency,investments,changeInLiabilities,cashflowFromInvestment,otherCashflowFromInvestment,netBorrowings,cashflowFromFinancing,otherCashflowFromFinancing,changeInOperatingActivities,netIncome_y,changeInCash,operatingCashflow,otherOperatingCashflow,depreciation,dividendPayout,stockSaleAndPurchase,changeInInventory,changeInAccountReceivables,changeInNetIncome,capitalExpenditures,changeInReceivables,changeInExchangeRate,changeInCashAndCashEquivalents,clossingVal,nextClossingVal
0,2020-06-30,USD,None,None,None,None,None,None,None,None,None,None,None,None,None,None,None,None,None,None,None,None,None,596000,None,None,None,2546000,None,USD,None,None,None,None,None,None,None,None,12752000,7896000,804000,None,301000,None,None,None,None,-1586000,5629000,None,None,18900000,None,None,None,None,None,None,None,None,None,None,None,None,None,None,None,None,None,None,None,None,None,None,None,None,None,None,None,USD,None,745000,-986000,None,-159000,None,None,316000,None,None,3599000,None,None,None,None,None,None,-56000,0,None,None,None,17.82,
1,2020-04-30,USD,None,None,None,None,None,None,None,None,None,None,None,None,None,None,None,None,None,None,None,None,None,596000,None,None,None,2546000,None,USD,None,None,None,None,None,None,None,None,12752000,7896000,804000,None,301000,None,None,None,None,-1586000,5629000,None,None,18900000,None,None,None,None,None,None,None,None,None,None,None,None,None,None,None,None,None,None,None,None,None,None,None,None,None,None,None,USD,None,745000,-986000,None,-159000,None,None,316000,None,None,3599000,None,None,None,None,None,None,-56000,0,None,None,None,17.2,17.82
2,2020-03-31,USD,8508000,1506000,5298000,3210000,1713000,1213000,620000,None,1655000,None,886000,9000,1704000,None,58000,442000,9000,-49000,None,None,None,442000,None,None,1213000,1213000,None,USD,28228000,138000,None,616000,11069000,17159000,None,360000,12970000,5351000,325000,None,95000,4378000,4438000,642000,642000,-1162000,2732000,20578000,1659000,17021000,2771000,4170000,3449000,8643000,3436000,None,None,12970000,None,5351000,None,None,3068000,53000,7650000,2857000,3449000,3182000,6631000,None,None,None,None,28228000,7149000,None,3837490,USD,-541000,443000,-642000,4000,-157000,-895000,None,67000,1213000,-1797000,-260000,76000,146000,None,-738000,-835000,None,173000,105000,-1476000,None,-1797000,16.2,17.2
3,2020-01-31,USD,8508000,6804000,5298000,3210000,1857000,1213000,620000,None,1655000,None,886000,None,1704000,None,58000,442000,9000,-49000,None,None,None,442000,None,None,1213000,1213000,None,USD,None,None,None,None,None,None,None,None,12970000,5351000,325000,None,95000,None,None,None,None,-1162000,5758000,None,None,17021000,None,None,None,None,None,None,None,None,None,None,None,None,None,None,None,None,None,None,None,None,None,None,None,None,None,None,None,USD,-642000,470000,-642000,15000,-157000,-895000,None,67000,1213000,-1797000,-260000,None,144000,None,-762000,-835000,None,182000,101000,None,None,None,15.4373,16.2
4,2019-12-31,USD,7961000,1196000,5097000,2864000,1701000,1249000,397000,None,1638000,None,799000,33000,1668000,None,63000,389000,33000,-30000,None,None,None,389000,-30000,None,1249000,1249000,None,USD,28726000,145000,None,685000,10854000,17872000,None,360000,13634000,4138000,352000,None,205000,6175000,3952000,633000,633000,100000,2768000,20891000,1610000,17727000,3540000,2683000,3613000,7808000,2959000,None,None,13634000,None,4138000,None,None,3149000,163000,7835000,2937000,3613000,3289000,6902000,None,None,None,None,28726000,9715000,None,3884098,USD,-13000,550000,-288000,-19000,-155000,-1689000,None,40000,1250000,-327000,1650000,49000,146000,None,-1534000,-964000,469000,150000,256000,469000,None,-327000,17.55,15.4373
5,2019-10-31,USD,7961000,6293000,5097000,2864000,1845000,1249000,397000,None,1638000,None,799000,None,1668000,None,63000,389000,33000,-30000,None,None,None,389000,None,None,1249000,1249000,None,USD,None,None,None,None,None,None,None,None,13634000,4138000,352000,None,205000,None,None,None,None,100000,5875000,None,None,17727000,None,None,None,None,None,None,None,None,None,None,None,None,None,None,None,None,None,None,None,None,None,None,None,None,None,None,None,USD,-288000,389000,-288000,15000,-155000,-1689000,None,40000,1249000,-327000,1650000,None,144000,None,-1534000,-964000,None,159000,275000,None,None,None,13.35,17.55
6,2019-09-30,USD,7240000,1289000,4460000,2780000,1526000,1104000,484000,None,1467000,None,805000,35000,1491000,None,59000,363000,35000,-24000,None,None,None,363000,-24000,None,1104000,1104000,None,USD,27971000,129000,None,725000,10527000,17444000,None,240000,15161000,2889000,191000,None,341000,6502000,3546000,624000,624000,-606000,2653000,20355000,1306000,17315000,3127000,3157000,3775000,6844000,2682000,None,None,15161000,None,2889000,None,None,3227000,301000,7616000,3015000,3775000,3206000,6981000,None,None,None,None,27971000,9629000,None,3990995,USD,-1258000,-986000,-1323000,-4000,-159000,-825000,None,328000,1104000,-1240000,908000,341000,140000,None,-666000,-605000,931000,-17000,61000,931000,None,-1240000,15.3,13.35
7,2019-07-31,USD,7240000,5749000,4460000,2780000,1664000,1104000,484000,None,1467000,None,805000,None,1491000,None,59000,363000,35000,-24000,None,None,None,363000,None,None,1104000,1104000,None,USD,None,None,None,None,None,None,None,None,15161000,2889000,191000,None,341000,None,None,None,None,-606000,5840000,None,None,17315000,None,None,None,None,None,None,None,None,None,None,None,None,None,None,None,None,None,None,None,None,None,None,None,None,None,None,None,USD,-1323000,-1015000,-1323000,15000,-159000,-825000,None,328000,1104000,-1240000,908000,None,138000,None,-681000,-605000,None,-4000,65000,None,None,None,14.22,15.3
8,2019-06-30,USD,7003000,1361000,4462000,2541000,1233000,888000,545000,None,1169000,None,816000,53000,1180000,None,64000,280000,7000,-57000,8000,None,None,281000,45000,None,888000,888000,None,USD,25520000,129000,None,1053000,8512000,17008000,146000,215000,15815000,1742000,308000,None,300000,7742000,4270000,622000,622000,-549000,2726000,21783000,582000,16879000,2649000,4100000,3934000,6239000,3433000,None,None,15815000,None,1742000,None,None,40000,260000,3737000,None,3934000,162000,4242000,None,None,None,None,25520000,10391000,None,4039491,USD,1554000,-88000,-690000,-1905000,-160000,-1470000,-101000,-79000,888000,-1919000,241000,701000,131000,None,-1310000,-1434000,-358000,401000,339000,-358000,None,-1919000,12.98,14.22
9,2019-03-31,USD,6854000,1366000,4591000,2263000,990000,732000,603000,None,923000,None,763000,93000,897000,None,67000,191000,26000,26000,None,None,None,191000,26000,None,732000,732000,None,USD,25631000,133000,None,974000,7977000,17654000,135000,200000,17116000,854000,135000,None,692000,9661000,3751000,622000,622000,-316000,2511000,22061000,234000,17521000,2814000,3807000,4091000,4805000,2929000,None,None,17116000,None,854000,None,None,40000,652000,3570000,None,4091000,None,4226000,None,None,None,None,25631000,12475000,None,4136191,USD,-20000,435000,-525000,3000,-159000,-262000,-101000,-456000,732000,790000,1577000,198000,119000,None,-103000,-265000,65000,293000,508000,65000,None,790000,14.48,12.98
10,2018-12-31,USD,6399000,1056000,4150000,2249000,1642000,1179000,326000,None,1573000,None,730000,449000,1193000,None,69000,394000,None,None,None,None,None,394000,380000,None,1179000,1179000,None,USD,24026000,139000,None,518000,7044000,16982000,123000,30000,17209000,122000,123000,None,997000,8871000,2675000,623000,623000,-349000,2115000,20775000,21000,16843000,1842000,5004000,4246000,4540000,2022000,None,None,17209000,None,122000,None,None,40000,936000,3251000,None,4246000,None,4369000,None,None,None,None,24026000,10713000,None,4143182,USD,-541000,-40000,1286000,1890000,-164000,-1602000,-101000,13000,1179000,556000,872000,-206000,107000,None,-1438000,25000,-183000,-10000,63000,-183000,None,556000,12.08,14.48
11,2018-09-30,USD,6916000,999000,4189000,2727000,1802000,1349000,408000,None,1782000,None,598000,74000,1728000,None,20000,None,None,None,None,-7000,None,433000,135000,None,1349000,1349000,None,USD,25194000,134000,None,503000,7467000,17727000,112000,70000,18639000,-1057000,112000,0,1318000,8315000,2905000,583000,583000,145000,2148000,21594000,30000,17593000,3398000,4813000,4450000,4565000,2252000,0,0,18639000,0,-1057000,0,None,68000,1220000,3600000,None,4450000,None,4562000,None,None,None,None,25194000,11713000,None,4249548,USD,-824000,-84000,-1293000,8000,4990000,3784000,-101000,-202000,1349000,3127000,636000,-284000,88000,0,-1105000,-172000,-655000,394000,477000,-655000,None,3127000,10.4,12.08
12,2018-06-30,USD,6249000,1839000,3859000,2390000,595000,168000,448000,0,594000,0,607000,44000,551000,0,1000,None,None,None,0,784000,0,426000,-741000,0,168000,168000,None,USD,19917000,140000,None,301000,2641000,17276000,97000,31000,19835000,-2406000,97000,353000,1789000,5188000,2538000,35000,41000,-153000,1755000,16233000,43000,17136000,2220000,4131000,6000,4393000,2472000,0,0,19835000,0,-2406000,0,None,68000,1678000,3684000,6000,6000,None,103000,None,None,None,None,19917000,7408000,None,4331089,USD,-905000,79000,-1008000,1150000,-8000,-210000,None,18000,168000,89000,1307000,516000,85000,0,-202000,-1011000,466000,1004000,103000,466000,None,89000,6.6491,10.4
13,2018-03-31,USD,5494000,1344000,3518000,1976000,705000,480000,560000,0,703000,0,784000,73000,632000,0,2000,None,None,None,0,1000,0,223000,71000,0,480000,480000,None,USD,19482000,145000,None,379000,2053000,17429000,82000,76000,20034000,-2574000,82000,0,2716000,5099000,1956000,35000,50000,-31000,1739000,14882000,800000,17284000,1438000,4584000,15000,3382000,1845000,0,0,20034000,0,-2574000,0,None,71000,1845000,4600000,None,15000,None,97000,None,None,None,None,19482000,6537000,None,4361479,USD,-509000,75000,-633000,-17000,-41000,-37000,None,22000,480000,-163000,507000,-7000,162000,0,4000,-186000,-285000,268000,107000,-285000,None,-163000,6.85,6.6491
14,2017-12-31,USD,5560000,1370000,3843000,1717000,425000,345000,478000,0,423000,0,663000,78000,347000,0,2000,None,None,None,0,229000,0,78000,-153000,0,345000,345000,None,USD,18813000,194000,None,1029000,2068000,16745000,67000,987000,19889000,-3054000,67000,112000,3036000,5262000,1970000,60000,60000,-90000,1842000,13935000,800000,16551000,870000,4448000,31000,3196000,1910000,0,0,19889000,0,-3054000,0,None,71000,1971000,4878000,None,31000,None,98000,None,None,None,None,18813000,5262000,None,4360481,USD,-350000,-27000,-913000,11000,-15000,78000,None,-174000,345000,-593000,242000,44000,157000,0,93000,315000,388000,304000,574000,-896000,None,-593000,6.8,6.85
15,2017-09-30,USD,5162000,998000,3302000,1860000,892000,628000,407000,0,890000,0,591000,30000,862000,0,2000,None,None,None,0,229000,0,262000,0,0,628000,628000,None,USD,18167000,316000,None,993000,1892000,16275000,53000,18000,19750000,-3399000,53000,112000,2952000,5855000,1793000,59000,26000,-76000,1427000,13788000,450000,15847000,885000,3428000,46000,3512000,1716000,0,0,19750000,0,-3399000,0,None,71000,2003000,4379000,None,46000,None,99000,None,None,None,None,18167000,5855000,None,4348292,USD,-1447000,9000,-1561000,25000,-14000,2171000,None,101000,628000,1650000,1040000,-643000,153000,0,2185000,-427000,1284000,36000,139000,1284000,None,1650000,7.25,6.8
16,2017-06-30,USD,5314000,3209000,3509000,1805000,832000,716000,728000,0,830000,0,2481000,8000,824000,0,2000,None,None,None,0,-342000,0,113000,-95000,176000,717000,716000,None,USD,16351000,320000,None,1007000,2641000,13710000,0,19000,17704000,-4027000,None,112000,3001000,4205000,2580000,58000,26000,33000,1429000,11921000,450000,13278000,718000,3624000,61000,3085000,2503000,0,0,17704000,0,-4027000,0,None,71000,2048000,4430000,None,61000,None,61000,None,None,None,None,16351000,4205000,None,4025193,USD,-777000,-173000,-843000,-12000,-15000,34000,None,-95000,716000,506000,1315000,327000,137000,0,49000,-110000,-633000,70000,54000,348000,None,506000,6.15,7.25
17,2017-03-31,USD,6618000,-1114000,4156000,2462000,1356000,888000,-257000,0,1353000,0,-857000,8000,1348000,0,3000,None,None,None,0,568000,0,650000,-6000,185000,703000,888000,None,USD,15389000,320000,None,582000,2428000,12961000,0,59000,17704000,-4743000,None,112000,2735000,3699000,2352000,57000,57000,None,1504000,11150000,None,12529000,337000,3894000,76000,2975000,2236000,0,0,17704000,0,-4743000,0,None,71000,2232000,4239000,None,76000,None,76000,None,None,None,None,15389000,3699000,None,4014186,USD,600000,-263000,510000,86000,-15000,-151000,None,452000,888000,1519000,1160000,212000,143000,0,-136000,297000,1382000,371000,176000,-488000,None,1519000,4.6,6.15
18,2016-12-31,USD,4599000,1042000,3288000,1311000,280000,3194000,278000,0,276000,0,764000,11000,269000,0,4000,None,None,None,0,-113000,0,-2859000,12000,59000,3135000,3194000,None,USD,15034000,331000,None,1306000,2833000,12201000,23000,452000,17838000,-5631000,23000,112000,3351000,2180000,2719000,57000,57000,-6000,1458000,10225000,None,11758000,291000,3467000,91000,3272000,2210000,0,0,17838000,0,-5631000,0,None,71000,2837000,4809000,None,91000,None,114000,None,None,None,None,15034000,2180000,None,4040169,USD,-300000,136000,-367000,-7000,-13000,-126000,None,-133000,3194000,12000,505000,-226000,136000,0,-103000,-111000,383000,-2827000,60000,203000,None,12000,4.7,4.6
