,fiscalDateEnding,reportedCurrency_x,totalRevenue,totalOperatingExpense,costOfRevenue,grossProfit,ebit,netIncome_x,researchAndDevelopment,effectOfAccountingCharges,incomeBeforeTax,minorityInterest,sellingGeneralAdministrative,otherNonOperatingIncome,operatingIncome,otherOperatingExpense,interestExpense,taxProvision,interestIncome,netInterestIncome,extraordinaryItems,nonRecurring,otherItems,incomeTaxExpense,totalOtherIncomeExpense,discontinuedOperations,netIncomeFromContinuingOperations,netIncomeApplicableToCommonShares,preferredStockAndOtherAdjustments,reportedCurrency_y,totalAssets,intangibleAssets,earningAssets,otherCurrentAssets,totalLiabilities,totalShareholderEquity,deferredLongTermLiabilities,otherCurrentLiabilities,commonStock,retainedEarnings,otherLiabilities,goodwill,otherAssets,cash,totalCurrentLiabilities,shortTermDebt,currentLongTermDebt,otherShareholderEquity,propertyPlantEquipment,totalCurrentAssets,longTermInvestments,netTangibleAssets,shortTermInvestments,netReceivables,longTermDebt,inventory,accountsPayable,totalPermanentEquity,additionalPaidInCapital,commonStockTotalEquity,preferredStockTotalEquity,retainedEarningsTotalEquity,treasuryStock,accumulatedAmortization,otherNonCurrrentAssets,deferredLongTermAssetCharges,totalNonCurrentAssets,capitalLeaseObligations,totalLongTermDebt,otherNonCurrentLiabilities,totalNonCurrentLiabilities,negativeGoodwill,warrants,preferredStockRedeemable,capitalSurplus,liabilitiesAndShareholderEquity,cashAndShortTermInvestments,accumulatedDepreciation,commonStockSharesOutstanding,reportedCurrency,investments,changeInLiabilities,cashflowFromInvestment,otherCashflowFromInvestment,netBorrowings,cashflowFromFinancing,otherCashflowFromFinancing,changeInOperatingActivities,netIncome_y,changeInCash,operatingCashflow,otherOperatingCashflow,depreciation,dividendPayout,stockSaleAndPurchase,changeInInventory,changeInAccountReceivables,changeInNetIncome,capitalExpenditures,changeInReceivables,changeInExchangeRate,changeInCashAndCashEquivalents,clossingVal,nextClossingVal
0,2020-06-30,USD,76996000,31805000,None,76996000,5763000,4749000,None,None,10209000,None,31805000,-122000,5885000,4940000,-4446000,1136000,39306000,34860000,None,None,None,1136000,None,None,9073000,4749000,None,USD,4985819000,10820000,None,None,4416642000,569177000,None,4024884000,421236000,173572000,1500000,165805000,3515488000,219274000,4202796000,177912000,135000000,4634000,61771000,1177148000,3323666000,392552000,957874000,None,112536000,None,None,None,None,421236000,None,173572000,-30265000,None,246609000,None,3808671000,None,112536000,101310000,213846000,None,None,None,None,4985819000,1177148000,None,None,USD,-366272000,0,-464094000,-96128000,-102044000,507892000,626225000,None,4749000,55622000,11824000,None,None,-6555000,-9734000,None,None,4790000,1694000,None,None,55622000,21.28,
1,2020-03-31,USD,74266000,34325000,None,74266000,-1008000,-765000,None,None,5218000,None,34325000,-87000,-921000,5618000,-6226000,-156000,40862000,34636000,None,None,None,-156000,None,None,5374000,-765000,None,USD,4469120000,11642000,1155876000,None,3885399000,583721000,None,3398430000,420678000,175637000,None,165805000,2983256000,163652000,3658091000,259661000,219000000,8252000,60301000,1210149000,2870821000,406274000,1046497000,None,132791000,None,None,None,None,420678000,None,175637000,-20846000,None,150402000,None,3258971000,None,132791000,94517000,227308000,None,None,None,None,4469120000,1210149000,None,21000000,USD,-49370000,0,-51078000,-680000,-7688000,81319000,106151000,None,-765000,48459000,18218000,None,None,-6918000,-10226000,None,None,16799000,1028000,None,None,48459000,22.15,21.28
2,2019-12-31,USD,-76658000,-240979000,728000,-76658000,17216000,14860000,None,None,-4873000,None,-240979000,-411000,17627000,5555000,7168000,2767000,42289000,35121000,None,None,None,2767000,2854000,None,-7640000,14860000,None,USD,4354165000,11802000,1079007000,42999000,3759772000,594393000,None,3291412000,420876000,187149000,None,165701000,2964203000,115193000,3608389000,316977000,274009000,-1425000,61846000,1125771000,2858468000,416890000,1010578000,None,83123000,227000,3291412000,None,None,420876000,None,187149000,-12207000,None,130577000,None,3228394000,None,83123000,68260000,151383000,None,None,None,None,4354165000,1125771000,None,20000000,USD,23232000,366000,24842000,1661000,27714000,-45727000,-144010000,-861000,53695000,-6256000,14629000,-831000,17861000,-6730000,-374000,None,None,2504000,51000,-613000,None,-6256000,34.66,22.15
3,2019-09-30,USD,94751000,32993000,803000,94751000,18071000,14868000,None,None,25926000,None,32993000,-78000,18149000,5300000,-7855000,3281000,43609000,35754000,None,None,None,3281000,-1708000,None,22645000,14868000,None,USD,4396148000,12632000,1136783000,14422000,3807615000,588533000,None,3357202000,420070000,179238000,None,166494000,2956279000,121449000,3645352000,288150000,239069000,1089000,63338000,1186358000,2833253000,409407000,1064909000,None,84194000,289000,3357202000,None,None,420070000,None,179238000,-11864000,None,134073000,None,3209790000,None,84194000,78069000,162263000,None,None,None,None,4396148000,1186358000,None,21000000,USD,-90522000,0,-91951000,96000,100154000,86270000,-6708000,-861000,14868000,28026000,33707000,None,2404000,-6745000,-431000,None,None,16435000,1525000,None,None,28026000,31.81,34.66
4,2019-06-30,USD,94333000,38876000,715000,94333000,11543000,9598000,None,None,19115000,None,38876000,-293000,11836000,4828000,-7572000,2238000,43621000,36049000,None,None,None,2238000,-8589000,None,16877000,9598000,None,USD,4276376000,13471000,1040331000,25728000,3697354000,579022000,None,3363613000,418950000,171410000,None,163292000,2934931000,93423000,3550070000,186457000,140329000,316000,64451000,1091134000,2818104000,402259000,997711000,None,85691000,123000,3363613000,None,None,418950000,None,171410000,-11654000,None,125924000,None,3185242000,None,85691000,61593000,147284000,None,None,None,None,4276376000,1091134000,None,20000000,USD,68754000,0,77067000,7962000,-39652000,-78258000,-31861000,-861000,9598000,11351000,12542000,None,2318000,-6748000,3000,None,None,626000,351000,None,None,11351000,32.26,31.81
5,2019-03-31,USD,90182000,31860000,770000,90182000,17746000,14369000,None,None,24408000,None,31860000,None,17746000,4734000,-6662000,3377000,40576000,33914000,None,None,None,3377000,-1575000,None,21031000,14369000,None,USD,4017119000,9997000,904554000,12591000,3481998000,535121000,None,3137413000,385427000,168847000,None,151245000,2839011000,82072000,3328776000,191363000,147188000,-7497000,55890000,961697000,2718832000,373879000,879625000,None,105995000,81000,3137413000,None,None,385427000,None,168847000,-11656000,None,119458000,None,3055422000,None,105995000,47227000,153222000,None,None,None,None,4017119000,961697000,None,20000000,USD,-7323000,0,-8905000,2000,-168526000,7086000,181328000,-861000,14369000,4460000,6279000,None,1943000,-5719000,3000,None,None,-10033000,1584000,None,None,4460000,30.97,32.26
6,2018-12-31,USD,-63303000,-220998000,622000,-63303000,16033000,13897000,0,0,898000,0,-220998000,-334000,16367000,5178000,6517000,None,None,None,700000,0,0,2470000,-956000,0,-1572000,13897000,None,USD,3991454000,10840000,None,21870000,3471314000,520140000,5055000,2955465000,386814000,160346000,50007000,151245000,2816951000,77612000,3311663000,356198000,29996000,-12933000,56542000,949449000,2708583000,358055000,871837000,None,109644000,94000,2955465000,None,None,386814000,None,160346000,-14087000,None,114795000,None,3042005000,None,109644000,50007000,164706000,None,None,None,None,3991454000,949449000,None,19000000,USD,-7617000,147000,-8475000,13000,57869000,-34066000,-86287000,-386000,46255000,-17561000,24980000,533000,18204000,-5649000,1000,None,None,5448000,871000,854000,None,-17561000,30.1,30.97
7,2018-09-30,USD,86006000,30829000,697000,86006000,15546000,12725000,0,0,21853000,0,30829000,None,15546000,4719000,-6307000,None,None,None,0,0,0,2821000,-2301000,0,19032000,12725000,None,USD,4003089000,11728000,None,29776000,3498799000,504290000,0,3041123000,386142000,152976000,49747000,151673000,2811475000,95173000,3337953000,296830000,None,-20590000,57527000,969332000,2687848000,340889000,874159000,None,111099000,106000,3041123000,0,0,386142000,0,152976000,-14238000,None,124981000,None,3033757000,None,111099000,49747000,160846000,None,None,None,None,4003089000,969332000,None,19000000,USD,-32874000,0,-32724000,26000,-65927000,20331000,91514000,-386000,12725000,10371000,22764000,None,2100000,-5265000,9000,0,0,7939000,939000,None,None,10371000,35.03,30.1
8,2018-06-30,USD,82644000,35971000,659000,82644000,8904000,7892000,0,0,13865000,0,35971000,None,8904000,4791000,-4961000,None,None,None,0,0,0,1012000,-7579000,0,12853000,7892000,None,USD,3972091000,12530000,None,19278000,3472752000,499339000,0,2949259000,385751000,145723000,49681000,151423000,2784493000,84802000,3309986000,360727000,478937000,-17603000,58292000,961567000,2667225000,335386000,876765000,None,113085000,63000,2949259000,0,0,385751000,0,145723000,-14532000,None,121054000,None,3010524000,None,113085000,49681000,162766000,None,None,None,None,3972091000,961567000,None,19000000,USD,-30023000,0,-27501000,4856000,91953000,23844000,-62862000,-386000,7892000,12173000,15830000,None,2109000,-5260000,13000,0,0,5829000,1245000,None,None,12173000,37.78,35.03
9,2018-03-31,USD,75571000,28221000,5850000,75571000,14124000,11741000,0,0,17991000,0,28221000,None,14124000,4308000,-3867000,None,None,None,0,0,0,2383000,-1767000,0,15608000,11741000,None,USD,3634929000,10709000,None,20481000,3178114000,456815000,0,2813181000,344233000,143297000,37977000,133111000,1118843000,72629000,3016656000,203475000,3840000,-16062000,56247000,949946000,2383530000,312995000,877317000,None,123481000,3680000,2813181000,0,0,344233000,0,143297000,-14653000,None,101386000,None,2684983000,None,123481000,37977000,161458000,None,None,None,None,3634929000,949946000,None,18000000,USD,-60084000,0,-61456000,104000,-26603000,50222000,81564000,-386000,11741000,435000,11669000,None,1972000,-4741000,2000,0,0,-2044000,1476000,None,None,435000,35.45,37.78
10,2017-12-31,USD,74518000,-188544000,4765000,74518000,14340000,9001000,0,0,17990000,0,-188544000,None,14340000,14241000,-3650000,None,None,None,0,0,0,5339000,-6219000,0,12651000,9001000,None,USD,3581686000,11465000,None,21210000,3123094000,458592000,0,2730330000,345412000,134362000,39254000,133111000,1115920000,72194000,2939821000,209491000,30592000,-5215000,52510000,946680000,2338344000,314016000,874486000,None,144019000,2718000,2730330000,0,0,345412000,0,134362000,-15967000,None,99576000,None,2635006000,None,144019000,39254000,183273000,None,None,None,None,3581686000,946680000,None,18000000,USD,-36079000,950000,-38485000,-557000,-36149000,25546000,65545000,7000000,38471000,2151000,15090000,7154000,18142000,-3851000,1000,2295000,0,-3090000,1849000,-807000,None,2151000,32.62,35.45
11,2017-09-30,USD,75308000,26558000,4594000,75308000,16022000,10895000,0,0,19530000,0,26558000,None,16022000,5729000,-3508000,None,None,None,0,0,0,5127000,0,0,14403000,10895000,None,USD,3552412000,11228000,None,3653000,3095026000,457386000,0,2664682000,344831000,128465000,40737000,132631000,1118620000,70043000,2858399000,193717000,1866000,51000,51777000,947598000,2308043000,313527000,877555000,None,195890000,3929000,2664682000,0,0,344831000,0,128465000,-15961000,None,101135000,None,2604814000,None,195890000,40737000,236627000,None,None,None,None,3552412000,947598000,None,18000000,USD,-32134000,0,-33125000,444000,28009000,11614000,-12557000,7000000,10895000,-2389000,19122000,None,0,-3852000,14000,0,0,6152000,1435000,None,None,-2389000,33.59,32.62
12,2017-06-30,USD,72068000,26680000,4065000,72068000,14180000,9766000,0,0,17298000,0,26680000,None,14180000,-4815000,-3118000,None,None,None,0,0,0,4414000,0,0,12884000,9766000,None,USD,3525126000,12061000,None,12420000,3073773000,451353000,0,2677144000,344211000,121590000,35083000,132631000,1120890000,72432000,2819676000,142532000,361546000,1439000,52188000,952951000,2275544000,306661000,880519000,None,219014000,4072000,2677144000,0,0,344211000,0,121590000,-15887000,None,99751000,None,2572175000,None,219014000,35083000,254097000,None,None,None,None,3525126000,952951000,None,18000000,USD,-56760000,0,-57785000,66000,81237000,52680000,-25063000,None,9766000,8117000,13222000,None,0,-3485000,-9000,0,0,1385000,1091000,None,None,8117000,32.13,33.59
13,2017-03-31,USD,69809000,27331000,3496000,69809000,12661000,8809000,0,0,15533000,0,27331000,None,12661000,1487000,-2872000,None,None,None,0,0,0,3852000,0,0,11681000,8809000,None,USD,3459276000,12874000,None,4942000,3016267000,443009000,0,2702165000,343597000,115469000,33844000,132631000,1108150000,64315000,2807917000,105752000,105752000,392000,53258000,933669000,2231034000,297504000,869354000,None,174506000,2519000,2702165000,0,0,343597000,0,115469000,-16449000,None,95810000,None,2525607000,None,174506000,33844000,208350000,None,None,None,None,3459276000,933669000,None,18000000,USD,-32337000,0,-33293000,-466000,-170556000,18076000,192147000,None,8809000,-1831000,13386000,None,0,-3518000,3000,0,0,2471000,490000,None,None,-1831000,31.66,32.13
14,2016-12-31,USD,67376000,-186540000,3394000,67376000,10744000,7408000,0,0,13427000,0,-186540000,None,10744000,23417000,-2683000,None,None,None,0,0,0,3336000,-7495000,0,10091000,7408000,None,USD,3432348000,13387000,None,22022000,2997087000,435261000,0,2509722000,344404000,110294000,36603000,132631000,1101396000,66146000,2815329000,305607000,5545000,-1554000,53616000,925601000,2206507000,289243000,859455000,None,145155000,4683000,2509722000,0,0,344404000,0,110294000,-17883000,None,100606000,None,2506747000,None,145155000,36603000,181758000,None,None,None,None,3432348000,925601000,None,18000000,USD,-90875000,3972000,-91326000,92000,140338000,71521000,-65862000,10946000,31157000,-1689000,18116000,10626000,19169000,-2958000,3000,0,0,-3335000,543000,-1278000,None,-1689000,32.46,31.66
15,2016-09-30,USD,67020000,26842000,3753000,67020000,11448000,7792000,0,0,14055000,0,26842000,None,11448000,-8250000,-2607000,None,None,None,0,0,0,3656000,0,0,10399000,7792000,None,USD,3363585000,14374000,None,None,2922948000,440637000,0,2575457000,343954000,105975000,37121000,132631000,1084473000,67835000,2738264000,162807000,162807000,8547000,54854000,912083000,2150989000,293632000,844248000,None,147563000,5434000,2575457000,0,0,343954000,0,105975000,-17839000,None,98654000,None,2451502000,None,147563000,37121000,184684000,None,None,None,None,3363585000,912083000,None,18000000,USD,-35939000,None,-37040000,7000,-11175000,28471000,42431000,None,7792000,1491000,10060000,None,0,-2792000,7000,0,0,None,1108000,None,None,1491000,24.59,32.46
16,2016-06-30,USD,66867000,26505000,3340000,66867000,11441000,7962000,0,0,14054000,0,26505000,None,11441000,1734000,-2613000,None,None,None,0,0,0,3479000,0,0,10575000,7962000,None,USD,3333455000,15340000,None,None,2895702000,437753000,0,2532971000,343540000,101095000,41239000,132631000,1098526000,66344000,2706483000,173512000,173512000,11134000,52731000,921670000,2110952000,289782000,855326000,None,147980000,4902000,2532971000,0,0,343540000,0,101095000,-18016000,None,100131000,None,2411785000,None,147980000,41239000,189219000,None,None,None,None,3333455000,921670000,None,18000000,USD,8269000,None,-27856000,-35000000,72475000,15595000,-54104000,None,7962000,3048000,15309000,None,0,-2778000,2000,0,0,None,1125000,None,None,3048000,21.79,24.59
17,2016-03-31,USD,66374000,26282000,3631000,66374000,11649000,7995000,0,0,14325000,0,26282000,None,11649000,0,-2676000,None,None,None,0,0,0,3654000,0,0,10671000,7995000,None,USD,3294929000,16366000,None,None,2866443000,428486000,0,2587083000,343504000,96037000,31104000,132631000,1089994000,63296000,2722151000,135068000,None,7592000,52156000,948758000,2087854000,279489000,885462000,None,113188000,1629000,2587083000,0,0,343504000,0,96037000,-18647000,None,57164000,None,2346171000,None,113188000,31104000,144292000,None,None,None,None,3294929000,948758000,None,18000000,USD,-39373000,None,-42136000,-103000,-25778000,17491000,50873000,None,7995000,-7819000,16826000,None,0,-2645000,-4959000,0,0,None,2660000,None,None,-7819000,19.54,21.79
18,2015-12-31,USD,58715000,-137057000,9804000,58715000,3008000,2583000,0,0,5574000,0,-137057000,None,3008000,17431000,-2566000,None,None,None,0,0,0,123000,-16653000,0,5451000,2583000,None,USD,3258970000,16986000,None,23253000,2839181000,419789000,0,2535944000,343948000,90790000,29181000,132631000,1076021000,71115000,2696330000,160386000,274056000,-359000,53487000,939945000,2055661000,270172000,868830000,None,113670000,2686000,2535944000,0,0,343948000,0,90790000,-14590000,None,60260000,None,2319025000,None,113670000,29181000,142851000,None,None,None,None,3258970000,939945000,None,18000000,USD,-38413000,-4412000,-40331000,462000,28441000,30919000,5230000,211000,10941000,7374000,16786000,8532000,18503000,-2639000,-113000,2962000,704000,13614000,2380000,704000,None,7374000,18.84,19.54
19,2015-09-30,USD,59794000,26112000,8479000,59794000,5504000,4134000,0,0,8146000,0,26112000,None,5504000,0,-2642000,None,None,None,0,0,0,1370000,0,0,6776000,4134000,None,USD,3228830000,18138000,None,None,2804070000,424760000,0,2530856000,343505000,90960000,27649000,133201000,1081572000,63741000,2660021000,129165000,None,4985000,53401000,941921000,2026914000,273421000,878180000,None,116400000,3202000,2530856000,0,0,343505000,0,90960000,-14690000,None,55255000,None,2286909000,None,116400000,27649000,144049000,None,None,None,None,3228830000,941921000,None,18000000,USD,-90854000,None,-93348000,-552000,24150000,7947000,-13527000,None,4134000,-68521000,16880000,None,0,-2641000,-35000,0,0,None,1942000,None,None,-68521000,20.63,18.84
