,fiscalDateEnding,reportedCurrency_x,totalRevenue,totalOperatingExpense,costOfRevenue,grossProfit,ebit,netIncome_x,researchAndDevelopment,effectOfAccountingCharges,incomeBeforeTax,minorityInterest,sellingGeneralAdministrative,otherNonOperatingIncome,operatingIncome,otherOperatingExpense,interestExpense,taxProvision,interestIncome,netInterestIncome,extraordinaryItems,nonRecurring,otherItems,incomeTaxExpense,totalOtherIncomeExpense,discontinuedOperations,netIncomeFromContinuingOperations,netIncomeApplicableToCommonShares,preferredStockAndOtherAdjustments,reportedCurrency_y,totalAssets,intangibleAssets,earningAssets,otherCurrentAssets,totalLiabilities,totalShareholderEquity,deferredLongTermLiabilities,otherCurrentLiabilities,commonStock,retainedEarnings,otherLiabilities,goodwill,otherAssets,cash,totalCurrentLiabilities,shortTermDebt,currentLongTermDebt,otherShareholderEquity,propertyPlantEquipment,totalCurrentAssets,longTermInvestments,netTangibleAssets,shortTermInvestments,netReceivables,longTermDebt,inventory,accountsPayable,totalPermanentEquity,additionalPaidInCapital,commonStockTotalEquity,preferredStockTotalEquity,retainedEarningsTotalEquity,treasuryStock,accumulatedAmortization,otherNonCurrrentAssets,deferredLongTermAssetCharges,totalNonCurrentAssets,capitalLeaseObligations,totalLongTermDebt,otherNonCurrentLiabilities,totalNonCurrentLiabilities,negativeGoodwill,warrants,preferredStockRedeemable,capitalSurplus,liabilitiesAndShareholderEquity,cashAndShortTermInvestments,accumulatedDepreciation,commonStockSharesOutstanding,reportedCurrency,investments,changeInLiabilities,cashflowFromInvestment,otherCashflowFromInvestment,netBorrowings,cashflowFromFinancing,otherCashflowFromFinancing,changeInOperatingActivities,netIncome_y,changeInCash,operatingCashflow,otherOperatingCashflow,depreciation,dividendPayout,stockSaleAndPurchase,changeInInventory,changeInAccountReceivables,changeInNetIncome,capitalExpenditures,changeInReceivables,changeInExchangeRate,changeInCashAndCashEquivalents,clossingVal,nextClossingVal
0,2020-06-30,USD,227375000,202131000,76691000,150684000,-27530000,-20740000,58869000,None,-33059000,None,143262000,23917000,-51447000,None,5529000,-12319000,242000,-5287000,None,None,None,-12319000,23675000,None,-20740000,-20740000,None,USD,1496285000,None,None,77889000,940003000,556282000,84770000,214609000,804000,359989000,21426000,78675000,441031000,512111000,356097000,None,None,-11614000,None,969939000,None,477607000,None,379939000,509423000,None,141488000,None,None,804000,None,359989000,None,None,447671000,None,526346000,53057000,509423000,74483000,583906000,None,None,None,207103000,1496285000,512111000,None,80420000,USD,-279000,0,-6842000,-345000,None,-16881000,-2405000,3991000,-20740000,-26599000,-2876000,7958000,17093000,-2405000,-14476000,None,None,-7187000,6563000,None,None,-26599000,101.17,
1,2020-03-31,USD,265591000,210381000,79528000,186063000,-46876000,-25372000,58727000,None,-49182000,None,151654000,-22558000,-24318000,None,2306000,-23810000,607000,-1699000,None,None,None,-23810000,-23165000,None,-25372000,-25372000,None,USD,1474393000,18689000,None,72000000,907782000,566611000,81452000,214808000,801000,383142000,15264000,78498000,332170000,538142000,339491000,None,None,-13642000,54624000,984074000,None,488113000,None,373932000,505108000,None,124683000,None,None,801000,None,383142000,None,None,411821000,None,490319000,47919000,505108000,63183000,568291000,None,None,None,196310000,1474393000,538142000,None,80076000,USD,-66000,0,-12562000,-66000,585473000,502174000,-66427000,-49047000,-25372000,471289000,-18323000,-45195000,15135000,-2388000,-80911000,None,None,37109000,12496000,None,None,471289000,71.23,101.17
2,2019-12-31,USD,276542000,200680000,77607000,198935000,-337000,918000,52408000,None,-337000,None,148272000,1408000,-1745000,None,-15000,-1255000,-15000,-15000,None,None,None,-1255000,1423000,None,918000,918000,None,USD,984812000,19717000,None,57308000,445802000,539010000,85314000,208353000,796000,410919000,15237000,79039000,317302000,68363000,377955000,None,None,-13228000,58273000,505610000,4871000,459971000,0,379939000,None,None,169602000,None,None,796000,None,410919000,None,None,400163000,None,479202000,52610000,None,67847000,67847000,None,None,None,140523000,984812000,68363000,None,79599000,USD,20795000,25670000,16626000,80682000,600000000,-12317000,-42637000,-77676000,918000,-24394000,-28703000,-67586000,726000,-2381000,32701000,None,1088000,10481000,4169000,1088000,None,-24394000,79.65,71.23
3,2019-09-30,USD,216703000,182572000,80898000,135805000,-47858000,-30338000,52492000,None,-47858000,None,130080000,-1091000,-46767000,-216703000,-15000,-17520000,556000,556000,None,None,None,-17520000,-1647000,None,-30338000,-30338000,None,USD,917024000,20720000,None,58204000,388192000,528832000,67182000,175591000,793000,412389000,10393000,78862000,284432000,92104000,320895000,None,None,-13909000,62296000,466131000,4583000,449970000,20465000,295358000,None,None,145304000,None,None,793000,None,412389000,None,None,372031000,None,450893000,56904000,None,67297000,67297000,None,None,None,129559000,917024000,112569000,None,79324000,USD,37808000,0,36238000,-13000,600000000,-17574000,-2375000,9171000,-30338000,-2518000,-21182000,9171000,16834000,-2375000,-15199000,None,1088000,-16849000,1557000,None,None,-2518000,68.05,79.65
4,2019-06-30,USD,205592000,180850000,77080000,128512000,-49634000,-32296000,49714000,None,-49634000,None,131136000,2704000,-52338000,None,-15000,-17338000,544000,544000,None,None,None,-17338000,2160000,None,-32296000,-32296000,None,USD,940617000,21745000,None,77290000,383330000,557287000,6918000,183585000,791000,445108000,17615000,79037000,182898000,95500000,311423000,None,None,-11492000,57772000,536858000,3890000,478250000,59549000,304519000,None,None,127838000,None,None,791000,None,445108000,None,None,324722000,None,403759000,54292000,None,64989000,71907000,None,None,None,122880000,940617000,155049000,None,79144000,USD,31689000,0,18676000,-8131000,600000000,-18780000,-2375000,-13942000,-32296000,-15087000,-14983000,-13942000,15014000,-2367000,-16413000,None,1088000,16241000,4882000,None,None,-15087000,71.21,68.05
5,2019-03-31,USD,212546000,172137000,74437000,138109000,-37017000,-28717000,50596000,None,-37017000,None,121541000,-2989000,-34028000,None,-15000,-8300000,723000,723000,None,None,None,-8300000,-3712000,None,-28717000,-28717000,None,USD,956559000,18309000,None,63731000,368130000,588429000,8319000,193292000,789000,479779000,20658000,72898000,252764000,110367000,302147000,12447000,12447000,-11321000,46464000,562734000,3390000,515531000,91804000,296832000,45325000,None,108855000,None,None,789000,None,479779000,None,None,320927000,None,393825000,45325000,None,57664000,65983000,None,None,None,119182000,956559000,202171000,None,78896000,USD,1324000,0,-1466000,-2790000,None,-25587000,-2375000,9113000,-28717000,-4350000,22703000,9113000,18774000,-2363000,-23224000,None,1088000,23533000,4882000,None,None,-4350000,65.0,71.21
6,2018-12-31,USD,256357000,162993000,77911000,178446000,17945000,16413000,46449000,0,17945000,0,116544000,2492000,15453000,-694802000,0,None,None,None,0,0,0,1532000,2492000,0,16413000,16413000,None,USD,982553000,21235000,None,49684000,361022000,621531000,6939000,185145000,785000,510863000,29213000,72858000,274435000,114422000,331809000,None,None,-13322000,None,610635000,3390000,548673000,93001000,353528000,None,None,146664000,None,None,785000,None,510863000,None,None,299060000,None,371918000,None,None,22274000,29213000,None,None,None,123205000,982553000,207423000,None,78500000,USD,6218000,20798000,1399000,7074000,None,-29796000,-37594000,-57446000,16413000,8871000,37268000,-34563000,25470000,-2365000,10163000,None,25779000,-16629000,11893000,25779000,-644000,8227000,47.83,65.0
7,2018-09-30,USD,203263000,146098000,74423000,128840000,-16176000,-7587000,46504000,0,-16176000,0,99594000,1082000,-17258000,0,0,None,None,None,0,0,0,-8589000,1082000,0,-7587000,-7587000,None,USD,962643000,23378000,None,73464000,341788000,620855000,36166000,158178000,788000,496815000,59537000,72897000,277340000,106195000,282251000,None,None,-11880000,0,586138000,2890000,547958000,99782000,306697000,0,0,124073000,0,0,788000,0,496815000,0,None,303608000,None,376505000,None,None,23371000,59537000,None,None,None,135132000,962643000,205977000,None,78081000,USD,-1872000,0,-3226000,-1354000,None,-25839000,-2367000,-21460000,-7587000,-37409000,-8344000,-21460000,6218000,-2365000,-23474000,0,25779000,14485000,11893000,None,-687000,-38096000,62.6,47.83
8,2018-06-30,USD,196779000,146125000,73817000,122962000,-21290000,-10409000,41972000,0,-21290000,0,104153000,1873000,-23163000,-196779000,0,None,None,None,0,0,0,-10881000,1873000,0,-10409000,-10409000,None,USD,973040000,26217000,None,63864000,333868000,639172000,38208000,163525000,787000,506769000,62359000,72911000,271667000,144291000,271509000,None,None,-9784000,0,600185000,2060000,566261000,99292000,292738000,0,0,107984000,0,0,787000,0,506769000,0,None,299944000,None,372855000,None,None,24151000,62359000,None,None,None,141400000,973040000,243583000,None,78748000,USD,-10640000,0,-15091000,-4451000,None,-22773000,None,10567000,-10409000,-18087000,19777000,10567000,6329000,-2358000,-20415000,0,25779000,13290000,11893000,None,-3412000,-21499000,54.8,62.6
9,2018-03-31,USD,235182000,151632000,75614000,159568000,7978000,12200000,46785000,0,7978000,0,104847000,42000,7936000,0,0,None,None,None,0,0,0,-4222000,42000,0,12200000,12200000,None,USD,1005955000,29080000,None,50692000,343832000,662123000,39932000,175586000,785000,517893000,63700000,73017000,277631000,165790000,280132000,None,None,-2517000,0,624167000,2060000,589106000,89047000,318638000,0,0,104546000,0,0,785000,0,517893000,0,None,308771000,None,381788000,None,None,23768000,63700000,None,None,None,145962000,1005955000,254837000,None,78546000,USD,-29209000,0,-31278000,-2069000,None,-23052000,None,19591000,12200000,1325000,55655000,19591000,6145000,-2344000,-20708000,0,25779000,17719000,11893000,None,2186000,3511000,60.65,54.8
10,2017-12-31,USD,239540000,145602000,73977000,165563000,18437000,-3681000,41797000,0,18437000,0,103805000,-1524000,19961000,0,0,None,None,None,0,0,0,22118000,-6942000,0,-3681000,-3681000,None,USD,721606000,31899000,None,14559000,350528000,371078000,6591000,195073000,781000,221926000,26537000,72952000,168947000,162279000,323991000,None,None,-3726000,40359000,512300000,1030000,266227000,61469000,273993000,0,0,128918000,0,0,781000,0,221926000,0,None,6969000,57127000,209306000,None,None,19946000,26537000,None,None,None,152097000,721606000,223748000,None,78081000,USD,1842000,57021000,-2793000,0,None,-10189000,-6504000,-19413000,-3681000,31327000,44309000,11745000,7391000,-2336000,-1349000,0,23814000,28599000,4635000,-56766000,384000,31711000,47.15,60.65
11,2017-09-30,USD,179815000,124373000,69731000,110084000,-14697000,-1812000,41031000,0,-14697000,0,83342000,-408000,-14289000,0,0,None,None,None,0,0,0,-12885000,0,0,-1812000,-1812000,None,USD,665070000,34755000,None,17679000,293369000,371701000,6130000,160931000,778000,227953000,26353000,72941000,187137000,130568000,267016000,None,None,-3758000,39849000,438084000,None,264005000,63812000,226025000,0,0,106085000,0,0,778000,0,227953000,0,None,5982000,73459000,226986000,None,None,20223000,26353000,None,None,None,146728000,665070000,194380000,None,77839000,USD,-6731000,-4561000,-10807000,-7000,None,-9180000,-6852000,-805000,-1812000,8170000,28157000,-11649000,6347000,-2328000,0,0,80580000,12218000,4069000,27614000,772000,8942000,57.65,47.15
12,2017-06-30,USD,197980000,128355000,67875000,130105000,1560000,11406000,39762000,0,1560000,0,88593000,-190000,1750000,0,0,None,None,None,0,0,0,-9846000,0,0,11406000,11406000,None,USD,662972000,37844000,None,18505000,294337000,368635000,8431000,169926000,776000,232100000,28387000,72890000,186445000,121626000,265950000,None,None,-4329000,38881000,437646000,None,257901000,58414000,239101000,0,0,96024000,0,0,776000,0,232100000,0,None,4615000,71096000,225326000,None,None,19956000,28387000,None,None,None,140088000,662972000,180040000,None,76591000,USD,5190000,-17843000,2568000,0,None,-18866000,-27261000,195000,11406000,37027000,53325000,-9717000,6268000,-2315000,10710000,0,52966000,13628000,2622000,49583000,761000,37788000,58.35,57.65
13,2017-03-31,USD,223247000,123919000,68090000,155157000,31800000,27021000,40296000,0,31800000,0,83623000,562000,31238000,0,0,None,None,None,0,0,0,4779000,0,0,27021000,27021000,None,USD,669639000,40998000,None,19652000,309562000,360077000,9958000,186824000,771000,223021000,29998000,72828000,188117000,83838000,279564000,None,None,-6187000,39947000,441575000,None,246251000,63948000,274137000,0,0,92740000,0,0,771000,0,223021000,0,None,4445000,69846000,228064000,None,None,20040000,29998000,None,None,None,142472000,669639000,147786000,None,77129000,USD,-1022000,-11781000,-3727000,-290000,None,-15994000,None,-4447000,27021000,12723000,32444000,-4447000,6088000,-2298000,-13696000,0,3383000,12180000,2415000,3383000,521000,13244000,43.85,58.35
14,2016-12-31,USD,199610000,125625000,62209000,137401000,10696000,11916000,37018000,0,10696000,0,88607000,-1080000,11776000,0,0,None,None,None,0,4254000,0,-1220000,1788000,0,11916000,11916000,None,USD,654656000,44191000,None,12188000,318767000,335889000,10989000,175647000,766000,198315000,31295000,73164000,191243000,70594000,287472000,None,None,-7095000,38281000,425132000,None,218534000,63167000,279183000,0,0,111825000,0,0,766000,0,198315000,0,None,3990000,69898000,229524000,None,None,20306000,31295000,None,None,None,143903000,654656000,133761000,None,76591000,USD,-478000,57178000,-4313000,0,None,-11845000,-8552000,-12244000,11916000,6320000,22478000,-3409000,8103000,-2291000,-1002000,0,-49503000,9360000,3835000,-60670000,-2109000,4211000,36.0,43.85
15,2016-09-30,USD,182802000,116867000,60437000,122365000,5515000,2418000,38036000,0,5515000,0,78757000,17000,5498000,0,0,None,None,None,0,74000,0,3097000,0,0,2418000,2418000,None,USD,596995000,47462000,None,14319000,269575000,327420000,10228000,140458000,763000,188376000,31853000,73871000,178993000,66383000,237722000,None,None,-4739000,39343000,378659000,None,206087000,63347000,234610000,0,0,97264000,0,0,763000,0,188376000,0,None,3755000,53905000,218336000,None,None,21625000,31853000,None,None,None,143020000,596995000,129730000,None,76284000,USD,8827000,-3895000,5071000,0,None,-10475000,-1688000,9778000,2418000,2693000,8097000,7494000,6221000,-2291000,-6496000,0,3940000,2772000,3756000,-6913000,-571000,2122000,29.49,36.0
16,2016-06-30,USD,188996000,122536000,60100000,128896000,5498000,3647000,35574000,0,5498000,0,85310000,-862000,6360000,0,0,None,None,None,0,1652000,0,1851000,0,0,3647000,3647000,None,USD,603355000,51080000,None,22161000,278561000,324794000,13326000,144522000,763000,188249000,35521000,74385000,181153000,64261000,243040000,None,None,-4396000,37736000,384466000,None,199329000,73308000,224736000,0,0,98518000,0,0,763000,0,188249000,0,None,3647000,52041000,218889000,None,None,22195000,35521000,None,None,None,140178000,603355000,137569000,None,76317000,USD,38804000,-8183000,-17300000,-48858000,None,-10972000,-1659000,-14899000,3647000,-27615000,657000,-14899000,6209000,-2295000,-7018000,0,10853000,9727000,7246000,4156000,-304000,-27919000,26.95,29.49
17,2016-03-31,USD,178858000,108223000,56510000,122348000,13493000,9005000,34920000,0,13493000,0,72126000,-632000,14125000,0,0,None,None,None,0,1177000,0,4488000,0,0,9005000,9005000,None,USD,606182000,30431000,None,23199000,283678000,322504000,13458000,158181000,764000,186893000,34985000,46724000,133419000,92180000,248693000,None,None,-3228000,35940000,436823000,None,245349000,101733000,219711000,0,0,90512000,0,0,764000,0,186893000,0,None,3728000,52536000,169359000,None,None,21527000,34985000,None,None,None,138075000,606182000,193913000,None,76385000,USD,13876000,-22298000,9370000,-255000,None,-18424000,-4284000,249000,9005000,-412000,8642000,249000,5466000,-2297000,-11843000,0,6697000,9523000,4251000,6697000,-434000,-846000,25.38,26.95
18,2015-12-31,USD,204355000,114399000,49257000,151190000,36498000,20958000,32126000,0,36498000,0,82223000,-293000,36512000,0,0,None,None,None,0,50000,0,15540000,-4245000,0,20958000,20958000,None,USD,627758000,33418000,None,10791000,304899000,322859000,15805000,155873000,765000,176676000,37711000,46776000,137574000,93026000,267188000,None,None,-3507000,31319000,446485000,None,242665000,126052000,216616000,0,0,111315000,0,0,765000,0,180183000,0,None,4030000,53350000,168893000,None,None,21906000,37711000,None,None,None,145418000,627758000,219078000,None,79000000,USD,-646000,45273000,-1716000,0,None,-9722000,-2013000,-2023000,20958000,-3838000,7600000,11068000,7761000,-2298000,-5411000,0,-62235000,6744000,1070000,-84204000,-414000,-4252000,27.5,25.38
19,2015-09-30,USD,162403000,96251000,55441000,106962000,10246000,6325000,33032000,0,10246000,0,63219000,-465000,10711000,0,0,None,None,None,0,0,0,3921000,0,0,6325000,6325000,None,USD,583940000,36412000,None,12310000,278894000,305046000,13857000,134075000,765000,161522000,54767000,46816000,158941000,97278000,224127000,None,None,-2707000,31830000,393169000,None,221818000,126738000,156843000,0,0,90052000,0,0,765000,0,161522000,0,None,3715000,71998000,190771000,None,None,40910000,54767000,None,None,None,145466000,583940000,224016000,None,76465000,USD,-20731000,-2904000,-24524000,-1136000,None,-12428000,-336000,None,6325000,-21423000,15529000,-4865000,6312000,-2302000,-9790000,0,21969000,5337000,2657000,5324000,-2163000,-23586000,24.61,27.5
