,fiscalDateEnding,reportedCurrency_x,totalRevenue,totalOperatingExpense,costOfRevenue,grossProfit,ebit,netIncome_x,researchAndDevelopment,effectOfAccountingCharges,incomeBeforeTax,minorityInterest,sellingGeneralAdministrative,otherNonOperatingIncome,operatingIncome,otherOperatingExpense,interestExpense,taxProvision,interestIncome,netInterestIncome,extraordinaryItems,nonRecurring,otherItems,incomeTaxExpense,totalOtherIncomeExpense,discontinuedOperations,netIncomeFromContinuingOperations,netIncomeApplicableToCommonShares,preferredStockAndOtherAdjustments,reportedCurrency_y,totalAssets,intangibleAssets,earningAssets,otherCurrentAssets,totalLiabilities,totalShareholderEquity,deferredLongTermLiabilities,otherCurrentLiabilities,commonStock,retainedEarnings,otherLiabilities,goodwill,otherAssets,cash,totalCurrentLiabilities,shortTermDebt,currentLongTermDebt,otherShareholderEquity,propertyPlantEquipment,totalCurrentAssets,longTermInvestments,netTangibleAssets,shortTermInvestments,netReceivables,longTermDebt,inventory,accountsPayable,totalPermanentEquity,additionalPaidInCapital,commonStockTotalEquity,preferredStockTotalEquity,retainedEarningsTotalEquity,treasuryStock,accumulatedAmortization,otherNonCurrrentAssets,deferredLongTermAssetCharges,totalNonCurrentAssets,capitalLeaseObligations,totalLongTermDebt,otherNonCurrentLiabilities,totalNonCurrentLiabilities,negativeGoodwill,warrants,preferredStockRedeemable,capitalSurplus,liabilitiesAndShareholderEquity,cashAndShortTermInvestments,accumulatedDepreciation,commonStockSharesOutstanding,reportedCurrency,investments,changeInLiabilities,cashflowFromInvestment,otherCashflowFromInvestment,netBorrowings,cashflowFromFinancing,otherCashflowFromFinancing,changeInOperatingActivities,netIncome_y,changeInCash,operatingCashflow,otherOperatingCashflow,depreciation,dividendPayout,stockSaleAndPurchase,changeInInventory,changeInAccountReceivables,changeInNetIncome,capitalExpenditures,changeInReceivables,changeInExchangeRate,changeInCashAndCashEquivalents,clossingVal,nextClossingVal
0,2020-06-30,USD,212074000,189521000,180892000,31182000,28548000,14964000,None,None,14854000,None,8629000,None,22553000,None,4647000,0,None,-4647000,None,None,None,None,-3052000,None,14854000,14649000,None,USD,497129000,2678000,None,3630000,286388000,210741000,None,6707000,55000,-730980000,23382000,None,22086000,29783000,146954000,None,96000000,-2370000,340575000,131790000,None,208062000,None,48871000,95888000,46326000,27721000,None,None,None,None,None,None,None,5586000,None,365339000,23062000,None,23382000,139434000,None,None,None,None,None,None,None,None,USD,18631000,-7713000,18631000,None,-34381000,-34381000,None,-701000,14964000,3004000,18754000,None,9047000,0,None,3429000,3411000,-2404000,1265000,None,None,None,0.71,
1,2020-03-31,USD,311404000,-301772000,324294000,-12890000,-23102000,-25100000,None,None,-27156000,-2056000,10212000,None,-23102000,-311984000,5307000,0,-4634000,-5307000,None,None,None,None,1253000,None,-27156000,-25415000,315000,USD,571109000,2678000,None,74722000,370389000,195511000,None,50253000,56000,-745629000,22200000,None,20777000,26779000,188175000,89896000,86682000,-2370000,324814000,199297000,None,195510000,None,52264000,139339000,45532000,48026000,None,None,56000,1000,-745629000,None,None,46998000,None,371812000,23889000,139339000,42875000,182214000,None,None,None,943453000,571109000,26779000,None,55891,USD,-1245000,-1512000,-1245000,None,-18156000,-17874000,None,8307000,-27156000,7782000,26901000,-1784000,10007000,0,282000,10845000,22024000,14477000,1245000,22024000,None,7782000,0.26,0.71
2,2019-12-31,USD,357617000,-316352000,354421000,3196000,-44436000,-41087000,None,None,-49778000,-8671000,11823000,-6517000,-37919000,-357467000,5192000,-20000,-5192000,-5192000,None,29292000,None,-20000,-35959000,None,-49758000,-41406000,319000,USD,612495000,2678000,None,78160000,385450000,219780000,None,40473000,56000,-720214000,23086000,None,20881000,18997000,160398000,68317000,63000000,-2370000,332526000,232064000,None,219779000,None,74307000,180795000,60600000,51608000,None,None,56000,1000,-720214000,None,None,47905000,None,380431000,24628000,180795000,44257000,225052000,None,None,None,942307000,612495000,18997000,None,55508314,USD,-1137000,3736000,-1137000,None,-2627000,-2627000,-1280000,1846000,-49758000,76000,3840000,40503000,12060000,0,3670000,1909000,-6328000,1718000,1137000,-6328000,None,76000,0.65,0.26
3,2019-09-30,USD,365160000,-356066000,379976000,-14816000,-23503000,-27326000,None,None,-29073000,-1747000,8687000,None,-23503000,-364753000,5163000,0,-5163000,-5163000,None,None,None,None,-407000,None,-29073000,-27645000,319000,USD,652860000,2678000,None,11209000,380345000,256579000,None,7662000,50000,-678808000,13576000,None,6645000,18921000,228431000,155087000,144543000,-2459000,442810000,161936000,None,256578000,None,69297000,98673000,62509000,65682000,None,None,50000,1000,-678808000,None,None,48114000,None,490924000,37248000,98673000,53241000,151914000,None,None,None,937795000,652860000,18921000,None,49783,USD,-608000,2080000,-608000,None,-3252000,4465000,8036000,-4635000,-29073000,2408000,-1449000,-4564000,12505000,-319000,8036000,14981000,-1283000,3905000,608000,-1283000,None,2408000,0.5633,0.65
4,2019-06-30,USD,346301000,-339155000,342330000,3971000,-2737000,-7646000,None,None,-8290000,-644000,6708000,None,-2737000,-345863000,5115000,0,-5115000,-5115000,None,None,None,None,-438000,None,-8290000,-7961000,315000,USD,685820000,2678000,None,11830000,384500000,283637000,None,11194000,50000,-651163000,14554000,None,5972000,16513000,226340000,151335000,143379000,-2459000,462534000,174459000,None,283636000,None,68626000,102747000,77490000,63811000,None,None,50000,1000,-651163000,None,None,48827000,None,511361000,38789000,102747000,55413000,158160000,None,None,None,937208000,685820000,16513000,None,49838,USD,-424000,-8676000,-424000,None,6228000,5913000,8036000,384000,-8290000,-5238000,-10727000,2262000,12105000,-315000,3670000,-14759000,10883000,-4252000,424000,10883000,None,-5238000,0.765,0.5633
5,2019-03-31,USD,355803000,-348667000,358092000,-2289000,-10524000,-12890000,None,None,-14161000,-1271000,8235000,None,-10524000,-356902000,4736000,0,-4736000,-4736000,None,None,None,None,1099000,None,-14161000,-13202000,312000,USD,699021000,2678000,None,13201000,389662000,291032000,None,6993000,49000,-643202000,14627000,None,5072000,21751000,236169000,155872000,143148000,-2459000,472735000,176697000,None,291031000,None,79014000,96433000,62731000,73304000,None,None,49000,1000,-643202000,None,None,49589000,None,522324000,40659000,96433000,57060000,153493000,None,None,None,936643000,699021000,21751000,None,48884,USD,-1112000,273000,-1112000,None,7905000,11263000,8036000,2441000,-14161000,-4876000,-15027000,391000,12439000,-312000,3670000,-4911000,-9970000,912000,1112000,-9970000,None,-4876000,0.98,0.765
6,2018-12-31,USD,334415000,-725190000,355436000,-21021000,-30211000,-32010000,0,0,-34530000,-2521000,9190000,None,-30211000,-734380000,4257000,1000,None,None,0,0,0,1000,-4229000,0,-34531000,-32329000,319000,USD,659981000,2678000,None,16109000,340616000,299767000,None,92004000,46000,-630000000,14570000,None,5842000,26627000,231859000,153103000,146671000,-2459000,482657000,168804000,None,299766000,None,68248000,94109000,57820000,86167000,None,None,46000,1000,-630000000,None,None,8520000,None,491177000,None,84845000,9342000,9342000,None,None,None,932179000,659981000,26627000,None,45771422,USD,None,1798000,-4280000,None,-3313000,-675000,900000,-1426000,-34531000,-29466000,-24511000,3640000,10541000,-319000,2057000,-2704000,7000,-3262000,4280000,7000,None,-29466000,0.861,0.98
7,2018-09-30,USD,370407000,-361528000,366639000,3768000,-5202000,-7514000,0,0,-9304000,-1790000,8970000,None,-5202000,-370498000,4193000,None,None,None,0,0,0,0,-4132000,0,-9304000,-7833000,319000,USD,688547000,2678000,None,13763000,337025000,329403000,0,221350000,45000,-597671000,23497000,0,5012000,56093000,99020000,26519000,20000000,-2234000,488591000,192266000,None,329402000,0,67644000,214419000,54766000,89156000,360261000,929262000,45000,1000,-597671000,0,None,7690000,None,496281000,None,None,None,None,None,None,None,929262000,688547000,56093000,None,44946,USD,None,1304000,-3534000,0,-23806000,-24125000,900000,-1017000,-9304000,-6488000,21171000,-663000,10545000,-319000,0,12539000,4875000,1875000,3534000,4875000,None,-6488000,1.9,0.861
8,2018-06-30,USD,410522000,-401368000,411795000,-1273000,-10171000,-12908000,0,0,-14604000,-1696000,8898000,None,-10171000,-410266000,4177000,None,None,None,0,0,0,563000,-4433000,0,-14604000,-13223000,315000,USD,723232000,2678000,None,18301000,362971000,336352000,0,244338000,45000,-589838000,25457000,0,4575000,62581000,99642000,30420000,20000000,-2234000,495274000,220705000,None,336351000,0,72518000,237771000,67305000,88213000,360261000,0,45000,1000,-589838000,0,None,7253000,None,502527000,None,None,None,None,None,None,None,928378000,723232000,62581000,None,44960,USD,None,-7505000,-2983000,0,12106000,12188000,397000,-2807000,-14604000,5201000,-4004000,-994000,10576000,-315000,0,2957000,1701000,3865000,2983000,1701000,None,5201000,2.6,1.9
9,2018-03-31,USD,400027000,8917000,396665000,3362000,-5953000,-7841000,0,0,-10060000,-1656000,9315000,None,-5953000,-398000,4505000,None,None,None,0,0,0,-563000,-4107000,0,-9497000,-8153000,312000,USD,724479000,2678000,None,12672000,349853000,349021000,0,235580000,44000,-576615000,25261000,0,4725000,57380000,95855000,20086000,16500000,-2234000,502545000,214531000,None,349020000,0,74217000,228625000,70262000,94187000,374626000,0,44000,1000,-576615000,0,None,7403000,None,509948000,None,None,None,None,None,None,None,927825000,724479000,57380000,None,43954,USD,None,8508000,-4357000,0,3319000,3338000,331000,1370000,-9497000,7891000,8910000,1042000,10807000,-312000,0,-8712000,6080000,682000,4357000,6080000,None,7891000,3.0,2.6
10,2017-12-31,USD,395271000,8636000,397285000,-2014000,-11071000,-13285000,0,0,-14431000,-825000,8584000,None,-10598000,52000,3781000,None,None,None,0,0,0,-321000,-9510000,0,-14110000,-13604000,319000,USD,720296000,2678000,None,11120000,336596000,356439000,0,6396000,44000,-568462000,24452000,0,8698000,49489000,90706000,22899000,20000000,-2234000,508352000,203246000,None,356438000,0,81087000,221091000,61550000,61411000,217982000,927090000,44000,1000,-568462000,0,None,8698000,None,517050000,123000,221214000,24676000,245890000,None,None,None,927090000,720296000,49489000,None,43984975,USD,None,-1543000,-9171000,-653000,42404000,4559000,-37526000,2677000,-14110000,-3103000,1509000,4898000,10511000,-319000,0,6961000,17562000,2855000,8518000,-8063000,None,-3103000,4.55,3.0
11,2017-09-30,USD,445442000,8780000,433377000,12065000,3345000,-202000,0,0,-541000,-339000,8720000,None,3345000,60000,3826000,None,None,None,0,0,0,490000,0,0,-541000,-521000,319000,USD,730650000,2678000,None,11665000,333749000,368815000,0,225723000,44000,-554858000,20915000,0,8463000,56923000,92396000,23688000,20000000,-2620000,509369000,212818000,None,368814000,0,72411000,220438000,71819000,84338000,418261000,0,44000,1000,-554858000,0,None,8463000,None,517832000,None,None,None,None,None,None,None,926248000,730650000,56923000,None,43971000,USD,None,10278000,-35040000,-28921000,-62737000,-19400000,43144000,6651000,-541000,-34531000,19909000,11534000,10409000,-319000,512000,1382000,25625000,1057000,6119000,-14210000,None,-34531000,5.55,4.55
12,2017-06-30,USD,405202000,8915000,403549000,1653000,-7091000,-8841000,0,0,-9938000,-1097000,8762000,18000,-7109000,153000,2694000,None,None,None,0,0,0,-245000,0,0,-9938000,-9156000,315000,USD,684577000,2678000,None,14065000,288153000,367999000,0,204974000,44000,-554337000,20446000,0,10795000,91454000,67991000,16676000,214554000,-2620000,453011000,220771000,None,367997000,0,52165000,199716000,63087000,66503000,418261000,0,44000,2000,-554337000,0,None,10795000,None,463806000,None,None,None,None,None,None,None,924911000,684577000,91454000,None,43909000,USD,None,-6060000,-2118000,0,16501000,16839000,14000,-2042000,-9938000,17720000,2999000,-4561000,9533000,-315000,653000,-3212000,39835000,-348000,2118000,17585000,None,17720000,6.25,5.55
13,2017-03-31,USD,386340000,5530000,392113000,-5773000,-10768000,-12636000,0,0,-13485000,-849000,5450000,455000,-11223000,80000,2637000,None,None,None,0,0,0,0,0,0,-13485000,-12948000,312000,USD,681754000,2678000,None,11740000,276032000,376200000,0,188341000,40000,-545181000,21342000,0,8298000,73734000,71950000,16322000,15965000,-2616000,460192000,213264000,None,376199000,0,69745000,182740000,58045000,71369000,418261000,0,40000,1000,-545181000,0,None,8298000,None,468490000,None,None,None,None,None,None,None,923956000,681754000,73734000,None,40414000,USD,None,-8213000,-4111000,0,-2562000,-2837000,4474000,-379000,-13485000,5144000,12092000,-379000,9337000,-312000,37000,-61000,22250000,2643000,4111000,22250000,None,5144000,6.85,6.25
14,2016-12-31,USD,441719000,7981000,415024000,26695000,18862000,13077000,0,0,12448000,107000,7887000,None,18808000,94000,5763000,None,None,None,0,0,0,-736000,-21864000,0,13184000,12826000,635000,USD,708238000,2678000,None,14536000,289977000,387890000,651000,6101000,44000,-532233000,22509000,0,7847000,68590000,78841000,15409000,10500000,-2620000,465190000,235201000,None,387889000,0,92005000,188028000,60070000,57331000,94901000,6921557000,44000,1000,-532233000,0,None,7847000,None,473037000,547000,188575000,21910000,211136000,None,None,None,922698000,708238000,68590000,None,42000000,USD,None,12068000,-4665000,461000,-24672000,7248000,1076000,3189000,13184000,27951000,25368000,523000,10347000,-320000,31164000,4918000,-25235000,1760000,5126000,-17432000,None,27951000,9.5,6.85
15,2016-09-30,USD,417806000,5939000,411442000,6364000,324000,-3518000,0,0,-3518000,182226000,5971000,-69000,393000,-32000,3874000,None,None,None,0,0,0,-4985000,0,0,-3518000,-3837000,319000,USD,657126000,2678000,None,16653000,296644000,360482000,0,73362000,40000,-544990000,18065000,0,7430000,40639000,213099000,162472000,161718000,1044000,452478000,197218000,None,357803000,0,74938000,64306000,64988000,60810000,0,0,40000,1000,-544990000,0,None,7430000,None,462586000,None,None,None,None,None,None,None,904387000,657126000,40639000,None,39634084,USD,None,982000,-6457000,103000,799000,1500000,1020000,3283000,-3518000,8966000,13923000,3283000,9198000,-319000,0,940000,5980000,-45000,6560000,3083000,None,8966000,6.91,9.5
16,2016-06-30,USD,422860000,6303000,405156000,17704000,11532000,5086000,0,0,4841000,-121484000,6148000,-24000,11556000,155000,6536000,None,None,None,0,0,0,-245000,0,0,5086000,4700000,315000,USD,665720000,2678000,None,27673000,302105000,363615000,0,225152000,40000,-541153000,18518000,0,7611000,31673000,65451000,18518000,16597000,1044000,454775000,203334000,None,363614000,0,78060000,216962000,65928000,58435000,0,0,40000,1000,-541153000,0,None,7611000,None,462386000,None,None,None,None,None,None,None,903683000,665720000,31673000,None,39617628,USD,None,-4187000,1491000,4010000,5022000,4707000,1020000,-4841000,5086000,12466000,6268000,824000,9349000,-315000,0,3334000,-6018000,424000,2519000,-8562000,None,12466000,5.45,6.91
17,2016-03-31,USD,342373000,8101000,341304000,1069000,-7209000,-13226000,0,0,-13226000,30371000,8317000,39000,-7248000,-216000,6233000,None,None,None,0,0,0,0,0,0,-13226000,-13541000,None,USD,643199000,2678000,None,12230000,284615000,358584000,0,214329000,39000,-545924000,19848000,0,11691000,19207000,57556000,7402000,4338000,1044000,461275000,170233000,None,358583000,0,69534000,206037000,69262000,62884000,0,0,39000,1000,-545924000,0,None,11691000,None,472966000,None,None,None,None,None,None,None,903424000,643199000,19207000,None,39351765,USD,None,416000,-4966000,0,-23062000,-23377000,1020000,5404000,-13226000,-33505000,-5162000,9190000,9006000,-315000,0,-8442000,0,218000,4966000,-2324000,None,-33505000,4.68,5.45
18,2015-12-31,USD,376757000,9036000,367234000,9523000,-928000,-753000,0,0,-4692000,30371000,6881000,None,485000,185000,5407000,None,None,None,0,1970000,0,-10729000,-14305000,0,6037000,-1072000,1587000,USD,675143000,2678000,None,12410000,303599000,371544000,1447000,11066000,43000,-532383000,21009000,None,12241000,52712000,72909000,21251000,17003000,1040000,464960000,197942000,None,371543000,None,72000000,204324000,60820000,40592000,None,None,43000,1000,-532383000,None,None,12241000,None,477201000,4183000,208507000,20736000,230690000,None,None,None,902843000,675143000,52712000,None,33000000,USD,None,-1025000,-2827000,-4574000,12206000,11887000,30136000,-1093000,-753000,-344000,-9404000,5574000,8956000,-319000,368000,-13091000,-15950000,905000,2827000,-9970000,None,-344000,4.78,4.68
19,2015-09-30,USD,380622000,7243000,388002000,-7380000,-13624000,-14663000,0,0,-18588000,-42000,7446000,1202000,-14826000,-203000,5167000,None,None,None,0,0,0,3925000,0,0,-22513000,-14982000,-319000,USD,668034000,2566000,None,16184000,297323000,370711000,5794000,7120000,43000,-531311000,20952000,0,12448000,53056000,75633000,21220000,None,None,472632000,182954000,None,370710000,0,65476000,190166000,48238000,47293000,0,0,43000,1000,-531311000,0,None,12448000,None,485080000,5279000,195445000,20451000,221690000,None,None,None,901978000,668034000,53056000,None,42000000,USD,-4574000,-7920000,8668000,18756000,24250000,23931000,None,None,-14663000,3794000,-28805000,-1904000,8696000,-319000,0,116000,0,-1343000,5514000,-11998000,None,3794000,6.49,4.78
