,fiscalDateEnding,reportedCurrency_x,totalRevenue,totalOperatingExpense,costOfRevenue,grossProfit,ebit,netIncome_x,researchAndDevelopment,effectOfAccountingCharges,incomeBeforeTax,minorityInterest,sellingGeneralAdministrative,otherNonOperatingIncome,operatingIncome,otherOperatingExpense,interestExpense,taxProvision,interestIncome,netInterestIncome,extraordinaryItems,nonRecurring,otherItems,incomeTaxExpense,totalOtherIncomeExpense,discontinuedOperations,netIncomeFromContinuingOperations,netIncomeApplicableToCommonShares,preferredStockAndOtherAdjustments,reportedCurrency_y,totalAssets,intangibleAssets,earningAssets,otherCurrentAssets,totalLiabilities,totalShareholderEquity,deferredLongTermLiabilities,otherCurrentLiabilities,commonStock,retainedEarnings,otherLiabilities,goodwill,otherAssets,cash,totalCurrentLiabilities,shortTermDebt,currentLongTermDebt,otherShareholderEquity,propertyPlantEquipment,totalCurrentAssets,longTermInvestments,netTangibleAssets,shortTermInvestments,netReceivables,longTermDebt,inventory,accountsPayable,totalPermanentEquity,additionalPaidInCapital,commonStockTotalEquity,preferredStockTotalEquity,retainedEarningsTotalEquity,treasuryStock,accumulatedAmortization,otherNonCurrrentAssets,deferredLongTermAssetCharges,totalNonCurrentAssets,capitalLeaseObligations,totalLongTermDebt,otherNonCurrentLiabilities,totalNonCurrentLiabilities,negativeGoodwill,warrants,preferredStockRedeemable,capitalSurplus,liabilitiesAndShareholderEquity,cashAndShortTermInvestments,accumulatedDepreciation,commonStockSharesOutstanding,reportedCurrency,investments,changeInLiabilities,cashflowFromInvestment,otherCashflowFromInvestment,netBorrowings,cashflowFromFinancing,otherCashflowFromFinancing,changeInOperatingActivities,netIncome_y,changeInCash,operatingCashflow,otherOperatingCashflow,depreciation,dividendPayout,stockSaleAndPurchase,changeInInventory,changeInAccountReceivables,changeInNetIncome,capitalExpenditures,changeInReceivables,changeInExchangeRate,changeInCashAndCashEquivalents,clossingVal,nextClossingVal
0,2020-06-30,USD,305500000,296000000,174900000,130600000,-137800000,-213900000,None,None,-272800000,-500000,204100000,27600000,-165400000,91900000,135000000,-58400000,200000,-135000000,None,None,None,-58900000,27600000,None,-213900000,-213900000,None,USD,14321500000,1519700000,None,7806700000,12816600000,1506200000,130500000,164700000,1400000,-660300000,235600000,1157700000,124100000,1244300000,827800000,72100000,72100000,None,4677000000,1646600000,264000000,1483100000,None,329500000,3044800000,None,591000000,None,None,1400000,23100000,-660300000,-28400000,None,194200000,None,4941000000,8873100000,3044800000,8813500000,11988800000,None,None,None,2170400000,14321500000,1244300000,None,137435090,USD,-3600000,14700000,-35100000,-600000,301000000,646300000,-8800000,52000000,-214400000,513500000,-97700000,95600000,95500000,None,354100000,None,-21000000,-68100000,30900000,-21000000,None,513500000,30.54,
1,2020-03-31,USD,1116100000,1018800000,657900000,458200000,-578300000,-608600000,None,None,-708100000,-800000,307000000,-17700000,-560600000,95700000,129800000,-99500000,200000,-129800000,None,616100000,None,-99500000,-633800000,None,-608600000,-608600000,None,USD,13938400000,2683600000,None,435300000,12660800000,1278400000,177300000,161400000,1200000,-446400000,278100000,1157700000,116800000,730700000,813900000,67700000,67700000,None,4745500000,1270000000,264700000,-1428300000,None,104000000,2829300000,None,584800000,None,None,1200000,23100000,-446400000,-28400000,None,4974600000,None,12668400000,8900900000,2829300000,8840300000,11846900000,None,None,None,1728900000,13938400000,730700000,None,116793722,USD,-135000000,-133900000,-183400000,-5600000,519300000,508800000,-15100000,-160500000,-608600000,292200000,-33200000,14600000,97700000,None,4600000,None,39300000,557700000,42800000,39300000,None,292200000,12.65,30.54
2,2019-12-31,USD,1341235000,575031000,754870000,586365000,30173000,-92539000,None,None,-102901000,-405000,304104000,18839000,11334000,97827000,133074000,-10000000,200000,-133700000,None,173100000,None,-9957000,-153600000,None,-92944000,-92539000,None,USD,14194500000,2026500000,None,116700000,12342600000,1852700000,244600000,171100000,1200000,161600000,342600000,1270700000,106400000,437400000,905600000,62900000,62900000,None,5120200000,642800000,128300000,-1444500000,None,88700000,2322200000,None,671600000,None,None,1200000,None,161600000,-28400000,None,5006000000,None,13551700000,8943300000,2322200000,8870200000,11437000000,None,None,None,1718300000,14194500000,437400000,None,115958259,USD,-65400000,33500000,-65400000,-11500000,-27800000,-88500000,-61600000,4800000,-92900000,30800000,184700000,-26500000,99800000,None,900000,None,3400000,167400000,53900000,3400000,None,30800000,25.56,12.65
3,2019-09-30,USD,1354500000,416000000,758700000,595800000,196800000,43900000,None,None,63300000,-200000,309700000,17000000,179800000,106300000,133500000,19600000,600000,-133500000,None,None,None,19600000,17000000,None,43700000,43900000,None,USD,14318000000,2104500000,None,129700000,12378600000,1939800000,252800000,176000000,1200000,254100000,341600000,1350400000,83800000,406900000,877300000,62900000,62900000,None,5155200000,628200000,128500000,-1515100000,None,91600000,2392000000,None,638400000,None,None,1200000,None,254100000,-28400000,None,4951200000,None,13689800000,8943700000,2392000000,8856500000,11501300000,None,None,None,1712900000,14318000000,406900000,None,115877265,USD,-5127000,17332000,-47480000,-683000,-102948000,-120844000,-18169000,4932000,43656000,35682000,204006000,-5687000,108201000,None,273000,None,16005000,24499000,41670000,16005000,None,35682000,18.625,25.56
4,2019-06-30,USD,1323094000,392988000,731726000,591368000,204935000,51547000,None,None,69896000,-190000,286968000,6555000,198380000,106020000,135039000,18539000,257000,-134782000,None,None,None,18539000,6298000,None,51357000,51547000,None,USD,14209225000,2110863000,None,124026000,12317517000,1891908000,249318000,179901000,1176000,210242000,311415000,1354127000,101607000,378766000,860506000,62505000,62505000,None,5215777000,609234000,127219000,-1573082000,None,106442000,2489613000,None,618100000,None,None,1176000,None,210242000,-28414000,None,4792005000,None,13599991000,8835884000,2489613000,8718080000,11457011000,None,None,None,1708904000,14209225000,378766000,None,115869769,USD,961127000,11659000,-86420000,-990183000,171844000,-128426000,-275563000,-22275000,51357000,-25331000,189515000,-1803000,107929000,None,-24707000,None,10521000,9852000,57364000,10521000,None,-25331000,19.26,18.625
5,2019-03-31,USD,1282571000,390981000,709204000,573367000,188392000,40992000,None,None,55805000,-5000,286928000,6006000,182386000,104053000,132587000,14818000,-126581000,-132268000,None,None,None,14818000,5687000,None,40987000,40992000,None,USD,13498171000,1923347000,None,124485000,11636360000,1861821000,232679000,154368000,1189000,158695000,290025000,1279496000,105333000,400280000,820383000,62505000,62505000,None,5227922000,639204000,127924000,-1341022000,None,114439000,2311379000,None,603510000,None,None,1189000,None,158695000,-28414000,None,4300278000,None,12858967000,8368941000,2311379000,8271919000,10815977000,None,None,None,1730351000,13498171000,400280000,None,117140551,USD,-408200000,-21591000,-408200000,-370534000,-31796000,215370000,246632000,-75457000,40987000,-67151000,125679000,-17210000,105970000,None,534000,None,-2926000,20449000,37666000,-2926000,None,-67151000,20.1,19.26
6,2018-12-31,USD,1155269000,-1017055000,2047964000,-892695000,107330000,-42031000,0,0,-85630000,-5000,239945000,-17030000,124360000,-1257000000,192960000,None,None,None,0,0,0,-43594000,-338009000,0,-42036000,-42031000,None,USD,10961012000,1856868000,None,91223000,10229791000,731226000,None,112593000,1188000,-967949000,60629000,1228422000,176408000,479598000,738436000,129917000,62140000,None,6868768000,677658000,128488000,-2354064000,None,106837000,2350088000,None,495926000,None,None,1188000,None,-967949000,-28414000,None,120196000,None,80612000,7080638000,9430726000,60629000,9491355000,None,None,None,1726401000,10961012000,479598000,None,116687808,USD,512000,-31857000,-1339003000,-1303919000,1572447000,1522458000,80000,3024000,-42036000,235225000,51770000,57793000,95000000,None,-50069000,None,-12924000,-14206000,35596000,-12924000,None,235225000,18.83,20.1
7,2018-09-30,USD,789651000,633808000,447962000,789651000,160039000,36125000,0,0,45195000,-5000,125084000,4196000,155843000,508724000,114844000,None,None,None,0,0,0,9070000,-111055000,0,36125000,36125000,None,USD,5083842000,472968000,None,54276000,5013386000,70456000,0,91770000,945000,-925918000,59587000,1008891000,478642000,244548000,472637000,62291000,39223000,None,2650322000,348366000,124653000,-1411403000,0,49542000,1013747000,0,318576000,0,0,945000,0,-925918000,-28414000,None,93534000,None,385108000,3467415000,1013747000,59587000,4540749000,None,None,None,1023843000,5083842000,244548000,None,92427626,USD,500000,-12952000,-4985000,18518000,-43117000,-44557000,-3647000,-4908000,36125000,44397000,93939000,-2053000,58317000,0,2207000,0,5427000,9075000,24003000,5427000,None,44397000,32.92,18.83
8,2018-06-30,USD,826913000,645158000,445806000,826913000,185103000,53988000,0,0,69230000,-5000,132659000,3348000,181755000,512499000,115873000,None,None,None,0,-618000,0,15242000,-95674000,0,53988000,53988000,None,USD,5091830000,475317000,None,53385000,5064074000,27756000,0,89272000,943000,-962043000,61636000,1008891000,471959000,200151000,489344000,71416000,37087000,-1453000,2680565000,308505000,146593000,-1456452000,0,54969000,1041368000,0,328656000,0,0,943000,0,-962043000,-28414000,None,87182000,None,384777000,3471726000,1041368000,61636000,4574730000,None,None,None,1018723000,5091830000,200151000,None,92196285,USD,15187000,31001000,-16646000,-10688000,-145332000,-141348000,-420000,22023000,53988000,-17846000,140148000,-15816000,60099000,0,4404000,0,1793000,9083000,21145000,1793000,None,-17846000,33.59,32.92
9,2018-03-31,USD,816085000,643951000,433496000,816085000,176866000,45437000,0,0,61126000,-5000,121263000,4732000,172134000,522688000,115740000,None,None,None,0,618000,0,15689000,-112760000,0,45437000,45437000,None,USD,5165533000,469578000,None,60123000,5199172000,-33639000,0,87945000,937000,-1016031000,82921000,1008097000,494865000,217997000,475319000,80884000,35498000,-1453000,2710652000,334683000,168271000,-1511314000,0,56563000,1164147000,0,306490000,0,0,937000,0,-1016031000,-28414000,None,86194000,None,388058000,3476785000,1164147000,82921000,4723853000,None,None,None,1011322000,5165533000,217997000,None,91655290,USD,-839000,-49346000,-62470000,-49818000,-65093000,-64423000,-121000,-59079000,45437000,-59956000,66937000,-7185000,61993000,0,791000,0,3973000,12065000,11813000,3973000,None,-59956000,26.26,33.59
10,2017-12-31,USD,769036000,742261000,451654000,769036000,30835000,-338060000,0,0,-85926000,0,157900000,4060000,26775000,584361000,116761000,None,None,None,0,83493000,0,252134000,-572439000,0,-338060000,-338060000,None,USD,5234812000,422606000,None,60274000,5307958000,-73146000,0,89584000,933000,-1051818000,80751000,1008097000,2077111000,277953000,530009000,91860000,35612000,-1453000,2756669000,401032000,169812000,-1503849000,0,62805000,4697198000,0,348565000,0,0,933000,0,-1051818000,-28414000,None,85653000,None,390943000,3482573000,1214625000,80751000,4777949000,None,None,None,1007606000,5234812000,277953000,None,91225242,USD,-5828000,72371000,-29156000,7191000,-82689000,-79548000,-76000,95928000,-338060000,13046000,121750000,77597000,63001000,0,3217000,0,-9186000,258361000,30519000,-11520000,None,13046000,31.33,26.26
11,2017-09-30,USD,806247000,662584000,464583000,806247000,148512000,789340000,0,0,30276000,0,113880000,4849000,143663000,548704000,118236000,None,None,None,0,35587000,0,-759064000,0,0,789340000,789340000,None,USD,5569401000,426350000,None,83340000,5309389000,260012000,0,86155000,929000,-713758000,44254000,1007701000,2381115000,264907000,492203000,99018000,36235000,-1185000,2785958000,402328000,225048000,-1174039000,0,54081000,4772932000,0,307030000,0,0,929000,0,-713758000,-28414000,None,86152000,None,635864000,3490476000,1282456000,44254000,4817186000,None,None,None,1002440000,5569401000,264907000,None,90886508,USD,2135000,42103000,-26241000,-1094000,-39685000,-74674000,-19496000,50155000,789340000,40508000,141423000,32341000,68541000,0,-15493000,0,2334000,-785858000,27282000,-5044000,None,40508000,23.39,31.33
12,2017-06-30,USD,796463000,661474000,456774000,796463000,140072000,17079000,0,0,23304000,0,136483000,5083000,134989000,524991000,116768000,None,None,None,0,-16905000,0,6225000,0,0,17079000,17079000,None,USD,4984019000,430332000,None,100170000,5501544000,-517525000,129011000,101728000,934000,-1503098000,62881000,1025887000,1782749000,224399000,500576000,96977000,4909275000,-3022000,2827717000,373553000,237065000,-1973744000,0,48984000,4809076000,0,301871000,0,0,934000,0,-1503098000,-28414000,None,89465000,None,4610466000,3506053000,1303023000,62881000,5000968000,None,None,None,1016075000,4984019000,224399000,None,91339667,USD,2348000,25606000,-142900000,-119444000,-24364000,-21275000,-20000,24971000,17079000,-35089000,129086000,2473000,70569000,0,3109000,0,7378000,12514000,25804000,845000,None,-35089000,21.4,23.39
13,2017-03-31,USD,776224000,635937000,439886000,776224000,122298000,5104000,0,0,7302000,0,132573000,-17989000,140287000,503364000,114996000,None,None,None,0,5635000,0,2198000,0,0,5104000,5104000,None,USD,4947040000,432558000,None,108139000,5487772000,-540732000,127576000,96542000,931000,-1520177000,64173000,989859000,1755600000,259488000,467122000,93497000,93497000,-4239000,2774323000,417117000,246817000,-1963149000,0,49490000,4828901000,0,277083000,0,0,931000,0,-1520177000,-28414000,None,86366000,None,4529923000,3441359000,1387542000,64173000,5020650000,None,None,None,1011167000,4947040000,259488000,None,90958766,USD,2348000,-18469000,-23311000,-6155000,-8328000,-13531000,-21000,-10178000,5104000,29978000,66820000,-10178000,71911000,0,-5182000,0,6533000,11919000,17156000,6533000,None,29978000,18.43,21.4
14,2016-12-31,USD,742910000,629062000,435779000,742910000,120969000,5032000,0,0,7274000,0,129351000,7121000,113848000,499711000,113695000,None,None,None,0,102175000,0,2242000,-423950000,0,5032000,5032000,None,USD,4974484000,435494000,None,107900000,5517804000,-543320000,126924000,95526000,932000,-1525281000,67140000,989685000,1754836000,229510000,536316000,142190000,85595000,-4676000,2820383000,399265000,247577000,-1968499000,0,61855000,4787424000,0,298600000,0,0,932000,0,-1525281000,-28414000,None,82080000,None,4575219000,3457485000,1329939000,67140000,4981488000,None,None,None,1014119000,4974484000,229510000,None,91122308,USD,355534000,12200000,198024000,-123113000,-267903000,-263584000,-1628000,-14978000,5032000,27742000,93302000,24000,72786000,0,5947000,0,-5911000,14476000,34397000,-11216000,None,27742000,13.79,18.43
15,2016-09-30,USD,765597000,626297000,444744000,765597000,151411000,46535000,0,0,37062000,0,113464000,12111000,139486000,505956000,114349000,None,None,None,0,5635000,0,-9473000,-109089000,0,46535000,46535000,None,USD,5251679000,431989000,None,108053000,5805541000,-553862000,120161000,107809000,855000,-1530313000,71814000,993633000,2053657000,201768000,552897000,136997000,136997000,-3494000,2844992000,353030000,519242000,-1979484000,0,43209000,5060669000,0,308091000,0,0,855000,0,-1530313000,-28414000,None,108793000,None,4898649000,3471453000,1589216000,71814000,5252644000,None,None,None,1007504000,5251679000,201768000,None,84000000,USD,-65643000,-5166000,-133550000,-45808000,-11287000,-7900000,2342000,1788000,46535000,-19592000,121858000,1788000,69725000,0,1045000,0,5305000,1871000,22099000,7105000,None,-19592000,13.57,13.79
16,2016-06-30,USD,769422000,620085000,443929000,769422000,159526000,34035000,0,0,44839000,0,112829000,10189000,149337000,507256000,114687000,None,None,None,0,0,0,10804000,218178000,0,34035000,34035000,None,USD,5142753000,390769000,None,74280000,5749677000,-606924000,112287000,75242000,849000,-1576848000,44602000,911942000,1905302000,221360000,540553000,154612000,154612000,-3282000,2894742000,342709000,462043000,-1909635000,0,47069000,5052235000,0,310699000,0,0,849000,0,-1576848000,-28414000,None,140548000,None,4800044000,3485082000,1567153000,44602000,5209124000,None,None,None,1000771000,5142753000,221360000,None,82796758,USD,-50439000,6096000,-72555000,181000,-45206000,-38653000,3686000,1364000,34035000,7122000,118330000,1364000,68007000,0,2867000,0,1800000,8825000,22297000,3000,None,7122000,13.95,13.57
17,2016-03-31,USD,756451000,615920000,433396000,756451000,147954000,23708000,0,0,31442000,0,116504000,7423000,140531000,499416000,116512000,None,None,None,0,0,0,7734000,-109089000,0,23708000,23708000,None,USD,5128688000,391149000,None,79153000,5777785000,-649097000,107300000,72661000,834000,-1610883000,43046000,911942000,1852998000,214238000,530274000,149228000,None,-3242000,2935270000,340420000,412148000,-1952188000,0,47029000,5097165000,0,308385000,0,0,834000,0,-1610883000,-28414000,None,137759000,None,4788268000,3499295000,1597870000,43046000,5247511000,None,None,None,992608000,5128688000,214238000,None,81284181,USD,-51781000,-11132000,-71207000,2091000,-25328000,-22897000,689000,None,23708000,-22771000,71333000,-8540000,67896000,0,1742000,0,1803000,1204000,21517000,-1803000,None,-22771000,16.69,13.95
18,2015-12-31,USD,733967000,643343000,428963000,733967000,98419000,-9066000,0,0,-15158000,0,106662000,7795000,90624000,496639000,113577000,None,None,None,0,40042000,0,-6092000,-152226000,0,-9066000,-9066000,None,USD,5138752000,391442000,None,90281000,5816795000,-678043000,107921000,82263000,830000,-1634591000,18169000,911942000,1786208000,237009000,557774000,142656000,92108000,-4554000,2980068000,372476000,365871000,-1981427000,0,45186000,5132931000,0,332855000,0,0,830000,0,-1634591000,-28414000,None,116953000,None,4766276000,3514080000,1618851000,18169000,5259021000,None,None,None,988686000,5138752000,237009000,None,80889275,USD,-65186000,-18164000,-97162000,229000,-3967000,5370000,8007000,27721000,-18193000,13520000,105312000,39593000,90562000,0,1330000,0,710000,15819000,32205000,-4305000,None,13520000,16.02,16.69
19,2015-09-30,USD,739297000,597125000,423370000,739297000,151686000,4900000,0,0,40280000,0,114265000,9514000,135521000,489511000,111406000,None,None,None,0,0,0,35380000,-288924000,0,4900000,4900000,None,USD,5142006000,431876000,None,78969000,5818208000,-676202000,131092000,72677000,826000,-1625525000,26740000,911923000,1738977000,223489000,534854000,137153000,None,-3946000,3029375000,373654000,315770000,-2020001000,0,71196000,5125522000,0,325024000,0,0,826000,0,-1625525000,-28414000,None,79408000,None,4768352000,3526709000,1598813000,26740000,5283354000,None,None,None,980857000,5142006000,223489000,None,83000000,USD,-28247000,-11796000,-520701000,-445908000,378987000,392514000,-1217000,None,14027000,-9629000,93978000,6870000,40765000,0,2551000,0,5015000,35635000,46546000,8477000,None,-9629000,16.78,16.02
