,fiscalDateEnding,reportedCurrency_x,totalRevenue,totalOperatingExpense,costOfRevenue,grossProfit,ebit,netIncome_x,researchAndDevelopment,effectOfAccountingCharges,incomeBeforeTax,minorityInterest,sellingGeneralAdministrative,otherNonOperatingIncome,operatingIncome,otherOperatingExpense,interestExpense,taxProvision,interestIncome,netInterestIncome,extraordinaryItems,nonRecurring,otherItems,incomeTaxExpense,totalOtherIncomeExpense,discontinuedOperations,netIncomeFromContinuingOperations,netIncomeApplicableToCommonShares,preferredStockAndOtherAdjustments,reportedCurrency_y,totalAssets,intangibleAssets,earningAssets,otherCurrentAssets,totalLiabilities,totalShareholderEquity,deferredLongTermLiabilities,otherCurrentLiabilities,commonStock,retainedEarnings,otherLiabilities,goodwill,otherAssets,cash,totalCurrentLiabilities,shortTermDebt,currentLongTermDebt,otherShareholderEquity,propertyPlantEquipment,totalCurrentAssets,longTermInvestments,netTangibleAssets,shortTermInvestments,netReceivables,longTermDebt,inventory,accountsPayable,totalPermanentEquity,additionalPaidInCapital,commonStockTotalEquity,preferredStockTotalEquity,retainedEarningsTotalEquity,treasuryStock,accumulatedAmortization,otherNonCurrrentAssets,deferredLongTermAssetCharges,totalNonCurrentAssets,capitalLeaseObligations,totalLongTermDebt,otherNonCurrentLiabilities,totalNonCurrentLiabilities,negativeGoodwill,warrants,preferredStockRedeemable,capitalSurplus,liabilitiesAndShareholderEquity,cashAndShortTermInvestments,accumulatedDepreciation,commonStockSharesOutstanding,reportedCurrency,investments,changeInLiabilities,cashflowFromInvestment,otherCashflowFromInvestment,netBorrowings,cashflowFromFinancing,otherCashflowFromFinancing,changeInOperatingActivities,netIncome_y,changeInCash,operatingCashflow,otherOperatingCashflow,depreciation,dividendPayout,stockSaleAndPurchase,changeInInventory,changeInAccountReceivables,changeInNetIncome,capitalExpenditures,changeInReceivables,changeInExchangeRate,changeInCashAndCashEquivalents,clossingVal,nextClossingVal
0,2020-06-30,USD,15945000000,6538000000,7088000000,8857000000,2319000000,1646000000,None,None,2168000000,12000000,6538000000,None,2319000000,2000000,235000000,510000000,None,-235000000,None,None,None,510000000,84000000,None,1658000000,1646000000,None,USD,89525000000,18995000000,None,972000000,76938000000,12491000000,4203000000,None,23000000,62145000000,14740000000,17845000000,7594000000,8927000000,23827000000,6607000000,6607000000,-15778000000,19187000000,23189000000,2715000000,-24349000000,196000000,8780000000,38371000000,4314000000,17220000000,None,None,23000000,None,62145000000,-37671000000,None,3243000000,None,4351000000,None,38371000000,10537000000,53111000000,None,None,None,3772000000,89525000000,9123000000,-23831000000,None,USD,11000000,327000000,-5837000000,-5144000000,3376000000,1509000000,-17000000,12000000,1658000000,-2117000000,2211000000,12000000,589000000,-1328000000,-522000000,-515000000,None,457000000,704000000,-317000000,None,-2117000000,132.26,
1,2020-03-31,USD,13881000000,5830000000,6127000000,7754000000,1924000000,1338000000,None,None,1711000000,13000000,5830000000,None,1924000000,166000000,290000000,360000000,None,-290000000,None,None,None,360000000,77000000,None,1351000000,1338000000,None,USD,85062000000,15979000000,None,944000000,71503000000,13465000000,4060000000,None,23000000,61920000000,14064000000,15465000000,7651000000,11089000000,22078000000,5882000000,5882000000,-15057000000,18980000000,24268000000,2719000000,-17979000000,158000000,8477000000,35361000000,3600000000,16196000000,None,None,23000000,None,61920000000,-37162000000,None,3294000000,None,4357000000,None,35361000000,10004000000,49425000000,None,None,None,3741000000,85062000000,11247000000,-23716000000,1396000000,USD,7000000,-1215000000,-925000000,-448000000,9384000000,7462000000,-78000000,-263000000,1351000000,5788000000,-749000000,-263000000,533000000,-1349000000,-495000000,-312000000,None,-59000000,484000000,-784000000,None,5788000000,120.1,132.26
2,2019-12-31,USD,20640000000,8595000000,9346000000,11294000000,2760000000,1766000000,711000000,None,2208000000,12000000,8595000000,61000000,2699000000,166000000,345000000,430000000,61000000,-284000000,-21000000,None,None,-2596000000,-207000000,None,4804000000,1766000000,None,USD,78547000000,16043000000,None,32291000000,63679000000,14786000000,4091000000,3077000000,23000000,61946000000,12952000000,15501000000,5822000000,8192000000,20461000000,2920000000,2920000000,-14300000000,19305000000,17645000000,2683000000,14786000000,229000000,10833000000,29148000000,3338000000,17541000000,None,None,23000000,None,61946000000,-36769000000,None,385000000,None,4359000000,442000000,29148000000,9979000000,43218000000,None,None,None,3886000000,78547000000,8421000000,None,1407000000,USD,-2152000000,655000000,-2152000000,30000000,-599000000,-2660000000,-29000000,177000000,1766000000,-137000000,4586000000,None,798000000,-1333000000,-732000000,383000000,1066000000,375000000,2273000000,None,None,None,136.67,120.1
3,2019-09-30,USD,17188000000,6639000000,7694000000,9494000000,2893000000,2100000000,711000000,None,2669000000,10000000,6639000000,38000000,2855000000,1000000,262000000,559000000,38000000,-224000000,None,None,None,559000000,38000000,None,2110000000,2100000000,None,USD,77444000000,15812000000,None,1015000000,63220000000,14129000000,3643000000,None,23000000,61514000000,12378000000,15338000000,5321000000,5494000000,20131000000,2924000000,2924000000,-15126000000,17586000000,19198000000,2690000000,-17021000000,287000000,8735000000,29630000000,3667000000,17207000000,None,None,23000000,None,61514000000,-36124000000,None,2480000000,4340000000,58246000000,None,29630000000,9816000000,43089000000,None,None,None,3842000000,77444000000,5781000000,-23059000000,1405000000,USD,-1014000000,601000000,-1014000000,-32000000,1417000000,-390000000,-1000000,72000000,2100000000,2236000000,3675000000,None,578000000,-1336000000,-542000000,299000000,-344000000,224000000,792000000,None,None,None,137.1,136.67
4,2019-06-30,USD,16449000000,6316000000,7404000000,9045000000,2767000000,2035000000,711000000,None,2567000000,8000000,6316000000,38000000,2729000000,1000000,261000000,524000000,38000000,-223000000,None,None,None,524000000,61000000,None,2043000000,2035000000,None,USD,75084000000,15581000000,None,1138000000,61047000000,13952000000,3658000000,None,23000000,60752000000,12336000000,15632000000,5234000000,3293000000,19928000000,3473000000,3473000000,-14984000000,17442000000,17212000000,2510000000,-17261000000,291000000,8502000000,27712000000,3988000000,16455000000,None,None,23000000,None,60752000000,-35635000000,None,2354000000,4353000000,57872000000,None,27712000000,9749000000,41119000000,None,None,None,3796000000,75084000000,3584000000,-22822000000,1409000000,USD,5000000,768000000,-971000000,-251000000,-561000000,-2563000000,-20000000,6000000,2043000000,-1801000000,1733000000,-347000000,558000000,-1303000000,-679000000,-437000000,-966000000,114000000,725000000,-966000000,None,-1801000000,131.13,137.1
5,2019-03-31,USD,12884000000,5188000000,5688000000,7196000000,2071000000,1413000000,711000000,None,1868000000,9000000,5188000000,63000000,2008000000,-42000000,267000000,446000000,63000000,-204000000,29000000,None,None,-446000000,64000000,None,2314000000,1413000000,None,USD,75466000000,15975000000,None,1398000000,61170000000,14202000000,3619000000,None,23000000,60060000000,12553000000,14945000000,5187000000,5072000000,19090000000,3291000000,3291000000,14296000000,17550000000,17917000000,2476000000,-16718000000,289000000,7604000000,28458000000,3554000000,15799000000,None,None,23000000,None,60060000000,-34978000000,None,2242000000,4361000000,57549000000,None,28458000000,10003000000,42080000000,None,None,None,3753000000,75466000000,5361000000,-22695000000,1413000000,USD,9000000,-1087000000,-2300000000,-1867000000,-612000000,-2876000000,-95000000,-342000000,1422000000,-5521000000,-345000000,-411000000,498000000,-1332000000,-837000000,-435000000,-406000000,74000000,442000000,-406000000,None,-5521000000,122.55,131.13
6,2018-12-31,USD,19524000000,8157000000,8936000000,10588000000,2489000000,6854000000,680000000,0,1935000000,13000000,8157000000,58000000,2431000000,-3000000,621000000,None,None,None,882000000,0,0,4932000000,-845000000,0,-2997000000,6854000000,None,USD,77648000000,15825000000,None,33263000000,63046000000,14518000000,3499000000,6603000000,23000000,59947000000,12613000000,14808000000,5124000000,11130000000,22138000000,4026000000,3953000000,14602000000,17589000000,21893000000,2409000000,14518000000,272000000,7902000000,28295000000,3128000000,18112000000,None,None,23000000,None,59947000000,-34286000000,None,None,None,4364000000,None,28295000000,9114000000,40908000000,None,None,None,3953000000,77648000000,11402000000,None,1425000000,USD,1639000000,766000000,-1034000000,2000000,-1468000000,-4898000000,-2928000000,167000000,6854000000,-1274000000,4683000000,None,559000000,-1332000000,-1721000000,188000000,1046000000,-4801000000,1704000000,None,None,None,110.48,122.55
7,2018-09-30,USD,16485000000,6114000000,7527000000,8958000000,2925000000,2498000000,680000000,0,2697000000,11000000,6114000000,81000000,2844000000,-3000000,302000000,None,None,None,0,0,0,-188000000,-267000000,0,2885000000,2498000000,None,USD,73632000000,13466000000,None,827000000,63243000000,10286000000,3358000000,None,24000000,54404000000,12896000000,14332000000,1057000000,11991000000,19704000000,4474000000,35117000000,10389000000,16541000000,25842000000,2394000000,-17512000000,1907000000,7975000000,30643000000,3142000000,15230000000,10389000000,0,24000000,0,54404000000,-33828000000,None,1057000000,None,47790000000,None,30643000000,9538000000,43539000000,None,None,None,3939000000,73632000000,13898000000,-22337000000,1424000000,USD,2314000000,676000000,1771000000,2000000,-5477000000,-7213000000,-21000000,66000000,2498000000,-1851000000,3645000000,None,566000000,-1316000000,0,275000000,-280000000,-417000000,633000000,None,None,None,111.8,110.48
8,2018-06-30,USD,16090000000,5799000000,7263000000,8827000000,3126000000,1820000000,680000000,0,2900000000,10000000,5799000000,98000000,3028000000,-3000000,308000000,None,None,None,0,0,0,-1070000000,-237000000,0,3970000000,1820000000,None,USD,78731000000,13681000000,None,909000000,68510000000,10111000000,3346000000,None,24000000,53223000000,13314000000,14540000000,977000000,13858000000,24558000000,9955000000,40593000000,10221000000,16762000000,30370000000,2401000000,-18110000000,4271000000,7841000000,30638000000,3491000000,14603000000,10221000000,0,24000000,0,53223000000,-33471000000,None,977000000,None,48361000000,None,30638000000,9968000000,43952000000,None,None,None,3915000000,78731000000,18129000000,-22212000000,1426000000,USD,2904000000,684000000,2431000000,120000000,-2718000000,-4340000000,-6000000,123000000,1830000000,487000000,2396000000,901000000,574000000,-1145000000,-471000000,-254000000,-857000000,-482000000,593000000,-857000000,None,487000000,108.87,111.8
9,2018-03-31,USD,12562000000,5100000000,5655000000,6907000000,1876000000,1343000000,680000000,0,1657000000,10000000,5100000000,69000000,1807000000,-1000000,294000000,None,None,None,0,0,0,-304000000,-225000000,0,1961000000,1343000000,None,USD,81887000000,13843000000,None,1931000000,70902000000,10883000000,3231000000,None,24000000,52726000000,9855000000,14795000000,31699000000,13443000000,25885000000,11600000000,43531000000,10985000000,17141000000,33047000000,2115000000,-17755000000,7167000000,7171000000,31931000000,3335000000,14285000000,10985000000,0,24000000,0,52726000000,-33016000000,None,946000000,None,48840000000,None,31931000000,9855000000,45017000000,None,None,None,3866000000,81887000000,20610000000,-22242000000,1430000000,USD,1733000000,-872000000,1396000000,15000000,4290000000,2682000000,-80000000,-347000000,1353000000,2769000000,-1309000000,-347000000,496000000,-1160000000,-368000000,-383000000,-162000000,-1394000000,352000000,-162000000,None,2769000000,109.15,108.87
10,2017-12-31,USD,19526000000,7856000000,9077000000,10449000000,2696000000,-710000000,737000000,0,2331000000,15000000,7901000000,103000000,2593000000,-42000000,365000000,None,None,None,0,0,0,-6362000000,-861000000,0,8693000000,-710000000,None,USD,79804000000,28582000000,None,30128000000,68823000000,10848000000,3242000000,8290000000,24000000,52839000000,11283000000,14744000000,31537000000,12652000000,20502000000,5485000000,4020000000,10981000000,17240000000,31027000000,2042000000,10848000000,8900000000,7937000000,33796000000,2947000000,15017000000,10981000000,0,24000000,41000000,52839000000,-32954000000,None,None,None,17240000000,None,33796000000,11283000000,48321000000,None,None,None,3996000000,79804000000,21552000000,None,1438000000,USD,-1910000000,201000000,-4403000000,235000000,2050000000,-4186000000,-76000000,20000000,4857000000,1488000000,9994000000,None,2145000000,-4472000000,0,-168000000,-202000000,3291000000,2969000000,None,None,None,119.92,109.15
11,2017-09-30,USD,16240000000,5881000000,7366000000,8874000000,3045000000,2144000000,0,0,2776000000,12000000,5865000000,52000000,2993000000,16000000,269000000,None,None,None,0,0,0,620000000,0,0,2156000000,2144000000,None,USD,78463000000,13835000000,None,745000000,65052000000,13450000000,4419000000,None,24000000,54698000000,6823000000,14750000000,31306000000,10243000000,22358000000,7717000000,39169000000,13411000000,16960000000,30197000000,1950000000,-15331000000,8035000000,7923000000,31452000000,3251000000,14641000000,13411000000,0,24000000,41000000,54698000000,-32537000000,None,771000000,None,48266000000,None,31452000000,6823000000,42694000000,None,None,None,3944000000,78463000000,18278000000,-21788000000,1438000000,USD,-1164000000,342000000,-2278000000,107000000,-563000000,-2775000000,-37000000,131000000,2144000000,-39000000,6062000000,None,0,-3324000000,0,424000000,0,633000000,1474000000,None,None,None,111.43,119.92
12,2017-06-30,USD,15710000000,5664000000,7056000000,8654000000,3039000000,2105000000,0,0,2774000000,13000000,5648000000,49000000,2990000000,16000000,265000000,None,None,None,0,0,0,656000000,0,0,2118000000,2105000000,None,USD,76943000000,13728000000,None,933000000,64413000000,12557000000,4429000000,None,24000000,53706000000,6666000000,14655000000,30953000000,10282000000,22113000000,8279000000,39484000000,12530000000,16742000000,29248000000,1962000000,-16020000000,6878000000,7543000000,31205000000,3612000000,13834000000,12530000000,0,24000000,41000000,53706000000,-32106000000,None,608000000,None,47695000000,None,31205000000,6666000000,42300000000,None,None,None,3913000000,76943000000,17160000000,-21224000000,1441000000,USD,-402000000,686000000,-840000000,123000000,672000000,-839000000,-7000000,49000000,2118000000,761000000,2440000000,49000000,554000000,-1077000000,-427000000,-313000000,0,-49000000,561000000,-605000000,-7000000,754000000,115.49,111.43
13,2017-03-31,USD,12049000000,4830000000,5286000000,6763000000,1973000000,1318000000,0,0,1721000000,11000000,4817000000,40000000,1933000000,13000000,252000000,None,None,None,0,0,0,392000000,0,0,1329000000,1318000000,None,USD,74622000000,13597000000,None,1031000000,62939000000,11722000000,4521000000,None,24000000,52756000000,6693000000,14584000000,30823000000,9528000000,21644000000,8577000000,8577000000,11683000000,16649000000,27150000000,2003000000,-16653000000,6461000000,6848000000,30081000000,3282000000,13067000000,11683000000,0,24000000,41000000,52756000000,-31693000000,None,639000000,None,47472000000,None,30081000000,6693000000,41295000000,None,None,None,3857000000,74622000000,15989000000,-20724000000,1440000000,USD,568000000,-1214000000,269000000,18000000,1672000000,257000000,-118000000,-336000000,1329000000,327000000,-199000000,-299000000,477000000,-1098000000,-199000000,-513000000,0,149000000,317000000,-128000000,43000000,370000000,111.86,115.49
14,2016-12-31,USD,19515000000,8190000000,8944000000,10571000000,2425000000,1401000000,760000000,0,1831000000,16000000,8169000000,44000000,2381000000,21000000,594000000,None,None,None,0,0,0,-3934000000,-1676000000,0,5765000000,1401000000,None,USD,74129000000,27863000000,None,29410000000,62930000000,11438000000,5073000000,8085000000,24000000,52518000000,6669000000,14430000000,30449000000,11108000000,21135000000,6892000000,4401000000,11199000000,16591000000,27089000000,1950000000,11054000000,6967000000,7330000000,30053000000,2723000000,14243000000,11199000000,0,24000000,41000000,52518000000,-31660000000,None,None,None,16591000000,None,30053000000,6669000000,41795000000,None,None,None,4091000000,74129000000,18075000000,None,1452000000,USD,-4301000000,981000000,-7150000000,7000000,6250000000,-3211000000,-2562000000,10000000,1401000000,50000000,10404000000,None,2154000000,-4227000000,0,-75000000,-349000000,1070000000,3040000000,None,None,None,104.63,111.86
15,2016-09-30,USD,16027000000,5922000000,7284000000,8743000000,2851000000,1992000000,0,0,2604000000,12000000,5904000000,30000000,2821000000,18000000,247000000,None,None,None,0,0,0,600000000,0,0,2004000000,1992000000,None,USD,73897000000,13281000000,None,1454000000,61179000000,12750000000,5180000000,None,24000000,52200000000,6088000000,14394000000,30493000000,10256000000,20589000000,6284000000,6284000000,12718000000,16305000000,27099000000,1975000000,-15114000000,4524000000,7745000000,29322000000,3120000000,14305000000,12718000000,0,24000000,41000000,52200000000,-30835000000,None,843000000,None,46798000000,None,29322000000,6088000000,40590000000,None,None,None,4001000000,73897000000,14780000000,-20298000000,1452000000,USD,-797000000,705000000,-3031000000,69000000,71000000,-2386000000,77000000,-72000000,1992000000,610000000,6595000000,None,0,-3144000000,0,381000000,0,813000000,1566000000,None,None,None,108.77,104.63
16,2016-06-30,USD,15395000000,5601000000,6284000000,8565000000,2986000000,2005000000,0,0,2731000000,8000000,5538000000,22000000,3010000000,17000000,255000000,None,None,None,0,0,0,718000000,0,0,2005000000,2005000000,None,USD,72711000000,13347000000,None,1517000000,60335000000,12248000000,5156000000,None,24000000,51295000000,5873000000,14398000000,30614000000,9646000000,18459000000,4774000000,4774000000,12376000000,16219000000,25878000000,2002000000,-15350000000,3733000000,7495000000,30847000000,3487000000,13685000000,12376000000,0,24000000,41000000,51295000000,-30239000000,None,867000000,None,46833000000,None,30847000000,5873000000,41876000000,None,None,None,3940000000,72711000000,13379000000,-20010000000,1456000000,USD,3000000,974000000,-196000000,331000000,516000000,-1081000000,7000000,-93000000,2005000000,1522000000,2921000000,53000000,563000000,-1022000000,-582000000,-225000000,0,112000000,530000000,-700000000,9000000,1522000000,105.94,108.77
17,2016-03-31,USD,11862000000,5092000000,5151000000,6711000000,1633000000,931000000,0,0,1387000000,14000000,5078000000,14000000,1619000000,14000000,246000000,None,None,None,0,0,0,442000000,0,0,945000000,931000000,None,USD,70019000000,13049000000,None,1896000000,58788000000,11257000000,5067000000,None,24000000,50383000000,5811000000,14132000000,29948000000,8124000000,16842000000,4018000000,None,11231000000,16105000000,23966000000,1935000000,-16111000000,4020000000,6707000000,31068000000,3219000000,12824000000,0,0,24000000,41000000,50383000000,-29674000000,None,832000000,None,46053000000,None,31068000000,5811000000,41946000000,None,None,None,3906000000,70019000000,12144000000,-19559000000,1459000000,USD,7000000,-343000000,-1412000000,-1030000000,1752000000,331000000,71000000,None,945000000,-950000000,131000000,118000000,481000000,-1038000000,-454000000,-530000000,0,-191000000,389000000,-349000000,-22000000,-972000000,102.48,105.94
18,2015-12-31,USD,18585000000,7965000000,8380000000,10205000000,2268000000,1718000000,754000000,0,1951000000,15000000,7943000000,28000000,2240000000,22000000,317000000,None,None,None,0,1359000000,0,-3664000000,-2567000000,0,5615000000,1718000000,None,USD,69667000000,27258000000,None,29123000000,57637000000,12068000000,4959000000,7961000000,24000000,50472000000,5887000000,14177000000,30319000000,11407000000,17578000000,4071000000,3109000000,12030000000,16317000000,23031000000,2311000000,11882000000,2913000000,7187000000,29213000000,2720000000,13507000000,0,0,24000000,41000000,50472000000,-29371000000,None,None,None,16317000000,None,29213000000,5887000000,40059000000,None,None,None,4076000000,69667000000,14320000000,None,1485000000,USD,-400000000,1692000000,-3569000000,-5000000,4632000000,-4112000000,-52000000,-50000000,1718000000,2962000000,10580000000,None,2214000000,-4040000000,0,-244000000,-461000000,2004000000,2758000000,None,None,None,99.92,102.48
19,2015-09-30,USD,16331000000,7520000000,7395000000,8936000000,1418000000,533000000,0,0,1193000000,10000000,6143000000,2000000,1416000000,1377000000,225000000,None,None,None,0,0,0,650000000,0,0,543000000,533000000,None,USD,69902000000,13393000000,None,1345000000,56323000000,13604000000,5019000000,None,24000000,49767000000,5915000000,14407000000,30957000000,8698000000,19071000000,5525000000,None,13579000000,16131000000,22814000000,2285000000,-14380000000,1981000000,7666000000,26318000000,3124000000,13546000000,0,0,24000000,41000000,49767000000,-27878000000,None,872000000,None,47088000000,None,26318000000,5915000000,37252000000,None,None,None,4021000000,69902000000,10679000000,-19259000000,1483000000,USD,None,None,-1306000000,0,None,-2758000000,None,None,533000000,None,6775000000,None,0,-3008000000,0,574000000,0,1002000000,1463000000,None,None,None,94.3,99.92
