,fiscalDateEnding,reportedCurrency_x,totalRevenue,totalOperatingExpense,costOfRevenue,grossProfit,ebit,netIncome_x,researchAndDevelopment,effectOfAccountingCharges,incomeBeforeTax,minorityInterest,sellingGeneralAdministrative,otherNonOperatingIncome,operatingIncome,otherOperatingExpense,interestExpense,taxProvision,interestIncome,netInterestIncome,extraordinaryItems,nonRecurring,otherItems,incomeTaxExpense,totalOtherIncomeExpense,discontinuedOperations,netIncomeFromContinuingOperations,netIncomeApplicableToCommonShares,preferredStockAndOtherAdjustments,reportedCurrency_y,totalAssets,intangibleAssets,earningAssets,otherCurrentAssets,totalLiabilities,totalShareholderEquity,deferredLongTermLiabilities,otherCurrentLiabilities,commonStock,retainedEarnings,otherLiabilities,goodwill,otherAssets,cash,totalCurrentLiabilities,shortTermDebt,currentLongTermDebt,otherShareholderEquity,propertyPlantEquipment,totalCurrentAssets,longTermInvestments,netTangibleAssets,shortTermInvestments,netReceivables,longTermDebt,inventory,accountsPayable,totalPermanentEquity,additionalPaidInCapital,commonStockTotalEquity,preferredStockTotalEquity,retainedEarningsTotalEquity,treasuryStock,accumulatedAmortization,otherNonCurrrentAssets,deferredLongTermAssetCharges,totalNonCurrentAssets,capitalLeaseObligations,totalLongTermDebt,otherNonCurrentLiabilities,totalNonCurrentLiabilities,negativeGoodwill,warrants,preferredStockRedeemable,capitalSurplus,liabilitiesAndShareholderEquity,cashAndShortTermInvestments,accumulatedDepreciation,commonStockSharesOutstanding,reportedCurrency,investments,changeInLiabilities,cashflowFromInvestment,otherCashflowFromInvestment,netBorrowings,cashflowFromFinancing,otherCashflowFromFinancing,changeInOperatingActivities,netIncome_y,changeInCash,operatingCashflow,otherOperatingCashflow,depreciation,dividendPayout,stockSaleAndPurchase,changeInInventory,changeInAccountReceivables,changeInNetIncome,capitalExpenditures,changeInReceivables,changeInExchangeRate,changeInCashAndCashEquivalents,clossingVal,nextClossingVal
0,2020-06-30,USD,60341000,62854000,41681000,18660000,-262000,-2239000,7122000,None,-3254000,None,11800000,None,-2513000,None,741000,-1015000,None,-741000,None,None,None,-1015000,None,None,-2239000,-2239000,None,USD,290469000,None,None,None,122142000,168327000,None,13946000,218000,-78275000,18092000,None,6454000,30986000,81497000,None,8333000,498000,29336000,88310000,None,1958000,16872000,35862000,4167000,None,36601000,None,None,None,None,None,None,None,582000,None,202159000,22192000,None,18092000,40645000,None,None,None,None,None,None,None,None,USD,-13638000,0,-13638000,-3428000,-2083000,-1899000,None,861000,-2239000,None,151000,None,2251000,None,None,None,None,-722000,41000,None,None,None,5.23,
1,2020-03-31,USD,66053000,65053000,41904000,24149000,3302000,1334000,7207000,None,1008000,None,13640000,None,1000000,None,None,-326000,8000,8000,None,None,None,-326000,None,None,1334000,1334000,None,USD,303101000,167463000,None,1220000,133921000,169180000,None,13699000,217000,-76036000,17551000,None,4889000,46374000,91035000,None,8333000,137000,31266000,99483000,None,1717000,7748000,40778000,6250000,None,41133000,None,None,None,None,None,-1002000,None,673000,None,203618000,22765000,6250000,17551000,42886000,None,None,None,245864000,None,54122000,None,28000000,USD,6092000,0,6092000,5777000,-2083000,-526000,None,-1921000,1334000,7989000,2496000,None,2302000,None,1557000,None,None,781000,71000,None,None,None,4.89,5.23
2,2019-12-31,USD,78257000,70579000,47980000,30277000,8949000,5887000,6137000,None,6941000,None,14055000,None,7678000,None,-399000,1054000,-737000,433000,None,None,None,1054000,-2877000,None,5887000,5887000,None,USD,283777000,2635000,None,1216000,118595000,165182000,None,1301000,213000,-77370000,6591000,125809000,6879000,38389000,83308000,8333000,8333000,130000,33347000,115107000,None,36738000,23234000,49098000,8333000,None,47681000,None,None,None,None,None,-1002000,None,708000,None,168670000,24030000,8333000,6591000,35287000,None,None,None,243211000,None,61623000,None,26000000,USD,-6812000,9853000,-6812000,5777000,-2083000,-1559000,-1813000,-14700000,5887000,-1198000,11204000,None,2407000,None,1227000,None,6416000,1341000,620000,None,None,None,6.22,4.89
3,2019-09-30,USD,65777000,61804000,40989000,24788000,6601000,2874000,5976000,None,3554000,None,12211000,None,3973000,None,419000,680000,-419000,-419000,None,None,None,680000,-419000,None,2874000,2874000,None,USD,267329000,129482000,None,1211000,109344000,157985000,None,686000,212000,-83257000,5773000,None,6358000,35484000,71607000,8333000,8333000,36000,35561000,95928000,None,28503000,16550000,39502000,10417000,None,40466000,None,None,None,None,None,-1002000,None,736000,None,171401000,24637000,10417000,5773000,37737000,None,None,None,241996000,None,52034000,None,27000000,USD,-10798000,0,-10798000,5777000,-2083000,-1509000,-1813000,5254000,2874000,-4108000,11147000,None,2628000,None,703000,None,6416000,391000,248000,None,None,None,4.89,6.22
4,2019-06-30,USD,63567000,59225000,39243000,24324000,6628000,2900000,5610000,None,3353000,None,12086000,None,4342000,None,989000,453000,-989000,-989000,None,None,None,453000,-989000,None,2900000,2900000,None,USD,260422000,130620000,None,None,106400000,154022000,None,347000,211000,-86131000,5854000,None,6045000,36144000,65659000,8333000,8333000,199000,37759000,85998000,None,23402000,6000000,38957000,12500000,None,36748000,None,None,None,None,None,-1002000,None,771000,None,174424000,25394000,12500000,5854000,40741000,None,None,None,240745000,None,42144000,None,26000000,USD,-614000,0,-614000,5777000,-10032000,-10032000,-1813000,3100000,2900000,-2953000,8402000,None,2286000,None,129000,None,6416000,116000,114000,None,None,None,2.91,4.89
5,2019-03-31,USD,53849000,51834000,5766000,48083000,4405000,1232000,4862000,None,690000,None,11383000,None,2015000,None,1325000,-542000,-1325000,-1325000,None,None,None,-542000,-1325000,None,1232000,1232000,None,USD,267435000,131661000,None,None,116751000,150684000,None,1200000,211000,-89031000,5762000,None,5683000,38386000,75039000,16385000,16385000,221000,39426000,90665000,None,19023000,6700000,40159000,14583000,None,35297000,None,None,None,None,None,-1002000,None,723000,None,176770000,25593000,14583000,5762000,41712000,None,None,None,240285000,None,45086000,None,26000000,USD,-2927000,0,-2927000,-2700000,-9984000,-11668000,-1813000,10246000,1232000,-717000,13988000,None,2390000,None,129000,None,6416000,120000,227000,None,None,None,2.65,2.91
6,2018-12-31,USD,71962000,63820000,42969000,28993000,8142000,4886000,4321000,None,7390000,None,13901000,None,8142000,None,-3265000,None,None,None,None,None,None,2504000,-752000,None,4886000,4886000,None,USD,256446000,6496000,None,2565000,107665000,148781000,None,5607000,211000,-90263000,6158000,125051000,5357000,39109000,77114000,16059000,16059000,142000,15649000,103893000,None,17234000,4000000,55557000,24393000,None,38208000,None,None,None,None,None,-1002000,None,None,None,None,None,24393000,None,None,None,None,None,239693000,None,43109000,None,26000000,USD,-4000000,-2544000,-3269000,1972000,964000,-2369000,-3333000,-7904000,4886000,-1261000,4343000,None,-1650000,None,None,None,7423000,-147000,688000,None,None,None,2.6,2.65
7,2018-09-30,USD,57181000,53669000,34282000,22899000,3512000,2192000,4341000,None,2276000,None,12518000,None,3512000,None,-1236000,None,None,None,None,None,None,84000,-1236000,None,2192000,2192000,None,USD,246841000,132747000,None,8602000,103450000,143391000,None,7414000,211000,-95149000,6405000,None,5203000,40876000,70843000,13484000,13484000,237000,16172000,92719000,None,10644000,None,43241000,26202000,None,36152000,None,None,None,None,None,-1002000,None,None,None,None,None,None,None,None,None,None,None,None,None,None,None,26000000,USD,-4000000,0,-3299000,None,-1491000,-1491000,-3333000,5161000,2192000,6214000,11004000,None,2528000,None,None,None,7423000,1123000,1302000,None,None,None,3.01,2.6
8,2018-06-30,USD,62797000,59047000,36916000,25881000,3750000,986000,4678000,None,1614000,None,14962000,None,3750000,None,-1284000,None,None,None,None,None,None,628000,-2136000,None,986000,986000,None,USD,248253000,8975000,None,1459000,107683000,140570000,None,9662000,211000,-97341000,5992000,125051000,5451000,34662000,74372000,13472000,13472000,243000,15938000,92838000,None,6544000,None,50240000,27319000,None,35150000,None,None,None,None,None,-1002000,None,None,None,None,None,None,None,None,None,None,None,None,None,None,None,26000000,USD,4000,-5018000,-385000,None,-9519000,-9519000,-3333000,-9232000,986000,-7075000,2858000,None,1837000,None,None,None,12669000,962000,17000,None,None,None,1.17,3.01
9,2018-03-31,USD,60905000,59543000,37941000,22964000,1362000,57000,5544000,None,-383000,None,13987000,None,1362000,None,-607000,None,None,None,None,None,None,-440000,-1745000,None,57000,57000,None,USD,254359000,135210000,None,7847000,115222000,139137000,None,9628000,211000,-98327000,6596000,None,5937000,41737000,79821000,21415000,21415000,662000,17285000,95927000,None,3927000,4000,46339000,28805000,None,32352000,None,None,None,None,None,-1002000,None,None,None,None,None,None,None,None,None,None,None,None,None,None,None,26000000,USD,5909000,0,5131000,None,-9630000,-9630000,-3333000,12995000,57000,10170000,14596000,None,2071000,None,None,None,12669000,-527000,90000,None,None,None,0.8,1.17
10,2017-12-31,USD,77280000,69308000,49275000,28005000,7972000,-37277000,3564000,0,-35604000,0,13175000,None,7972000,16591000,-607000,None,None,None,0,85667000,0,1673000,-43576000,0,-37277000,-37277000,None,USD,274027000,11309000,None,4674000,135695000,138332000,None,10417000,211000,-98384000,7606000,125051000,5926000,31567000,81370000,60708000,60708000,532000,17476000,114265000,None,1972000,5913000,62830000,46719000,None,39180000,None,None,None,None,None,-1002000,None,None,None,None,None,None,None,None,None,None,None,None,None,None,None,26000000,USD,-4405000,1011000,-5831000,-3245000,-2759000,-3759000,-1000000,-16000000,-37277000,-2400000,7161000,None,-2939000,None,1000,None,8888000,47245000,117000,None,None,None,1.03,0.8
11,2017-09-30,USD,65042000,62495000,35516000,29526000,2547000,2613000,4096000,0,1903000,0,19495000,None,2547000,0,-644000,None,None,None,0,0,0,-710000,-644000,0,2613000,2613000,None,USD,302559000,180600000,None,14597000,127532000,175027000,None,11008000,211000,-61107000,6604000,None,9293000,33967000,72494000,62313000,62313000,396000,16968000,95698000,None,-5573000,1508000,45626000,48434000,None,32692000,None,None,None,None,None,-1002000,None,None,None,None,None,None,None,None,None,None,None,None,None,None,None,27000000,USD,-5000,6254000,-1885000,None,-1216000,-2216000,-1000000,18346000,2613000,13042000,17081000,None,3388000,None,None,None,-12128000,-1392000,224000,None,None,None,1.16,1.03
12,2017-06-30,USD,69688000,-187556000,5914000,-81164000,9340000,-27720000,3947000,0,-27109000,0,57306000,None,1460000,0,1338000,None,None,None,0,0,0,611000,-36449000,0,-27720000,-27720000,None,USD,302753000,182987000,None,13553000,130982000,171771000,None,27809000,211000,-63720000,6743000,163400000,191291000,20925000,73495000,64405000,64405000,316000,16050000,95412000,None,-11216000,1503000,59431000,50656000,None,31937000,None,None,None,None,None,-1002000,None,None,None,None,None,None,None,None,None,None,None,None,None,None,None,26000000,USD,-1503000,-6254000,2865000,None,-1277000,-1828000,-551000,-8690000,-36016000,-1884000,11771000,None,5008000,None,None,None,12128000,37369000,1265000,None,None,None,1.97,1.16
13,2017-03-31,USD,61976000,63946000,5893000,28415000,-1970000,-2074000,5020000,0,-4154000,0,53152000,None,-1970000,0,2184000,None,None,None,0,0,0,-2080000,-2184000,0,-2074000,-2074000,None,USD,342036000,230744000,None,12761000,135051000,206985000,None,27875000,211000,-27704000,5682000,None,236224000,22809000,71195000,64630000,64630000,83000,14748000,91064000,None,-23759000,None,55494000,52831000,None,31521000,None,None,None,None,None,-1002000,None,None,None,None,None,None,None,None,None,None,None,None,None,None,None,26000000,USD,8414000,0,6613000,None,-16038000,-16037000,-551000,4532000,-2074000,-1153000,8226000,None,4901000,None,1000,None,12128000,867000,831000,None,None,None,1.78,1.97
14,2016-12-31,USD,84542000,-160443000,7011000,-227420000,-114580000,319000,6054000,0,3609000,0,65866000,None,5491000,-29610000,1882000,None,None,None,0,-244705000,0,3290000,268016000,46018000,142578000,319000,None,USD,368452000,234755000,None,8852000,160308000,208144000,8087000,30473000,210000,-25630000,5721000,190737000,240489000,23962000,86710000,77734000,77734000,-265000,14205000,113758000,None,-26611000,9598000,71346000,59790000,None,38293000,None,None,None,None,None,-1002000,None,None,None,None,None,None,None,None,None,None,None,None,None,None,None,26000000,USD,34028000,-4067000,28731000,647000,-23072000,-52607000,-29537000,6127000,319000,6443000,30455000,None,20434000,None,2000,None,-5333000,7550000,1504000,None,None,None,1.42,1.78
15,2016-09-30,USD,74460000,1133100000,10699000,945475000,271812000,4905000,4635000,0,3799000,0,52856000,None,4749000,153816000,950000,None,None,None,0,538710000,0,915000,-623574000,-46729000,-307768000,2884000,None,USD,360126000,240260000,None,18483000,153901000,206225000,None,28218000,209000,-25949000,4642000,None,245966000,23578000,80276000,86932000,86932000,None,13936000,100224000,None,None,7836000,50327000,62954000,None,28080000,None,None,None,None,None,-1002000,None,None,None,None,None,None,None,None,None,None,None,None,None,None,None,26000000,USD,None,None,29739000,None,None,-21752000,3279000,8075000,4905000,-8087000,18367000,None,6156000,None,None,None,-11470000,None,1011000,None,None,None,1.2,1.42
16,2016-06-30,USD,78003000,-671939000,4121000,-571395000,-145156000,585000,7141000,0,103000,0,65153000,None,2421000,-98229000,2318000,None,None,None,0,-293277000,0,29348000,346542000,-1936000,168038000,1668000,None,USD,404137000,256548000,None,28556000,204045000,200092000,None,44778000,207000,-31000000,27017000,202000000,263014000,31665000,105010000,86000000,86000000,None,13659000,127000000,None,None,12375000,55000000,65427000,None,39492000,None,None,None,None,None,-1002000,None,None,None,None,None,None,None,None,None,None,None,None,None,None,None,27000000,USD,None,None,26567000,None,None,-7000000,-3000000,-10000000,585000,-7000000,7857000,None,6000000,None,None,None,11000000,None,904000,None,None,None,1.19,1.2
17,2016-03-31,USD,75789000,0,4093000,0,0,0,7391000,0,0,0,64763000,None,0,0,3138000,None,None,None,0,0,0,0,0,0,0,0,None,USD,406895000,261808000,None,19716000,209264000,197631000,None,33381000,207000,None,39697000,None,268898000,38375000,90680000,None,None,None,13510000,None,None,None,10381000,None,68366000,None,33200000,None,None,None,None,None,-1002000,None,None,None,None,None,None,None,None,None,None,None,None,None,None,None,25000000,USD,None,None,30119000,None,None,None,None,None,None,None,3548000,None,None,None,None,None,None,None,481000,None,None,None,2.01,1.19
18,2015-12-31,USD,67607000,181192000,3371000,121879000,39758000,-68657000,5767000,0,-40961000,0,54615000,None,4453000,11422000,-2577000,None,None,None,0,73837000,0,-365000,-80719000,-26999000,-41658000,4863000,None,USD,442298000,269765000,None,16750000,242461000,199837000,19456000,42481000,206000,-25831000,41089000,203693000,285565000,17519000,106625000,99047000,99047000,-794000,12714000,144019000,None,-69928000,43088000,66662000,75291000,None,40388000,None,None,None,None,None,-1002000,None,None,None,None,None,None,None,None,None,None,None,None,None,None,None,24000000,USD,-27442000,-4497000,-120446000,50000,10700000,19199000,-1639000,-16652000,-68657000,-83664000,17569000,None,11422000,None,10138000,None,3362000,92591000,2029000,None,None,None,3.63,2.01
19,2015-09-30,USD,52637000,0,1585000,0,0,-8215000,5315000,0,-11697000,0,41492000,None,7738000,0,0,None,None,None,0,0,0,1062000,0,0,0,-8994000,None,USD,288120000,109268000,None,13948000,82859000,205261000,None,26845000,195000,None,3234000,None,112207000,73516000,50950000,None,None,None,12761000,None,None,None,55919000,None,28675000,None,15011000,None,None,None,None,None,-1002000,None,None,None,None,None,None,None,None,None,None,None,None,None,None,None,24000000,USD,None,None,None,None,None,None,None,None,None,None,24752000,None,None,None,None,None,None,None,1519000,None,None,None,2.1,3.63
