,fiscalDateEnding,reportedCurrency_x,totalRevenue,totalOperatingExpense,costOfRevenue,grossProfit,ebit,netIncome_x,researchAndDevelopment,effectOfAccountingCharges,incomeBeforeTax,minorityInterest,sellingGeneralAdministrative,otherNonOperatingIncome,operatingIncome,otherOperatingExpense,interestExpense,taxProvision,interestIncome,netInterestIncome,extraordinaryItems,nonRecurring,otherItems,incomeTaxExpense,totalOtherIncomeExpense,discontinuedOperations,netIncomeFromContinuingOperations,netIncomeApplicableToCommonShares,preferredStockAndOtherAdjustments,reportedCurrency_y,totalAssets,intangibleAssets,earningAssets,otherCurrentAssets,totalLiabilities,totalShareholderEquity,deferredLongTermLiabilities,otherCurrentLiabilities,commonStock,retainedEarnings,otherLiabilities,goodwill,otherAssets,cash,totalCurrentLiabilities,shortTermDebt,currentLongTermDebt,otherShareholderEquity,propertyPlantEquipment,totalCurrentAssets,longTermInvestments,netTangibleAssets,shortTermInvestments,netReceivables,longTermDebt,inventory,accountsPayable,totalPermanentEquity,additionalPaidInCapital,commonStockTotalEquity,preferredStockTotalEquity,retainedEarningsTotalEquity,treasuryStock,accumulatedAmortization,otherNonCurrrentAssets,deferredLongTermAssetCharges,totalNonCurrentAssets,capitalLeaseObligations,totalLongTermDebt,otherNonCurrentLiabilities,totalNonCurrentLiabilities,negativeGoodwill,warrants,preferredStockRedeemable,capitalSurplus,liabilitiesAndShareholderEquity,cashAndShortTermInvestments,accumulatedDepreciation,commonStockSharesOutstanding,reportedCurrency,investments,changeInLiabilities,cashflowFromInvestment,otherCashflowFromInvestment,netBorrowings,cashflowFromFinancing,otherCashflowFromFinancing,changeInOperatingActivities,netIncome_y,changeInCash,operatingCashflow,otherOperatingCashflow,depreciation,dividendPayout,stockSaleAndPurchase,changeInInventory,changeInAccountReceivables,changeInNetIncome,capitalExpenditures,changeInReceivables,changeInExchangeRate,changeInCashAndCashEquivalents,clossingVal,nextClossingVal
0,2020-06-30,USD,22051000,2909000,18737000,3310000,410000,204000,209000,None,251000,29000,2700000,5000,405000,None,159000,-9000,28000,-131000,None,None,None,9000,-19000,-85000,260000,204000,None,USD,72872000,9849000,None,2885000,42116000,32430000,None,5411000,12000,-75891000,7361000,None,12224000,5630000,25624000,1730000,1730000,-262000,17442000,30938000,None,22581000,None,21875000,6547000,548000,18483000,None,None,12000,None,-75891000,-88000,None,14643000,None,41934000,3286000,None,16492000,16492000,None,None,None,108659000,72872000,5630000,-27501000,12135129,USD,-467000,-986000,-467000,3000,4954000,4826000,-128000,1163000,175000,3784000,-575000,-2057000,426000,None,None,None,-533000,-178000,470000,-533000,None,3784000,6.39,
1,2020-03-31,USD,24829000,3160000,20220000,4640000,1510000,1220000,232000,None,1322000,-26000,2928000,61000,1449000,None,188000,14000,56000,-132000,-114000,None,None,14000,-26000,-114000,1308000,1220000,None,USD,68604000,9830000,None,3991000,38155000,32094000,None,7739000,12000,-76095000,6878000,None,12234000,1859000,26994000,1614000,1614000,-290000,17230000,26828000,None,22264000,None,20414000,1595000,564000,17641000,None,None,12000,None,-76095000,-88000,None,14716000,None,41776000,3449000,2005000,11161000,11161000,None,None,None,108555000,68604000,1859000,-27200000,12124649,USD,-882000,1275000,-882000,14000,-739000,-834000,-101000,-449000,1194000,1557000,3273000,-128000,414000,None,6000,None,3012000,-25000,896000,3012000,None,1557000,5.21,6.39
2,2019-12-31,USD,22081000,3449000,17426000,4655000,1279000,930000,135000,None,1071000,-34000,3314000,73000,1206000,None,208000,58000,72000,-136000,-117000,None,None,57000,1000,-117000,1014000,930000,None,USD,66515000,9855000,None,3087000,37279000,30855000,None,7249000,12000,-77315000,6791000,None,12413000,390000,25100000,1300000,1300000,-211000,16576000,25126000,None,21000000,None,21162000,2580000,487000,16551000,None,None,12000,None,-77315000,-88000,None,14922000,None,41353000,3523000,3046000,12179000,12179000,None,None,None,108457000,66515000,390000,-26919000,12115878,USD,-700000,-1852000,-700000,22000,-306000,-63000,110000,423000,896000,-1983000,-1220000,1087000,443000,None,133000,None,-2636000,-114000,722000,-2636000,None,-1983000,9.1,5.21
3,2019-09-30,USD,22535000,20488000,17378000,5157000,2445000,1768000,165000,None,1950000,-1585000,2945000,75000,2047000,None,168000,55000,77000,-91000,-156000,None,None,55000,-6000,-156000,1895000,1768000,None,USD,67099000,9835000,None,99000,38992000,29692000,None,723000,12000,-78245000,7080000,None,12578000,2441000,26233000,353000,987000,-202000,18409000,26277000,None,19857000,None,10781000,2922000,453000,9780000,None,None,12000,None,-78245000,-88000,None,12578000,None,40822000,3313000,3273000,12759000,12759000,None,None,None,108215000,67099000,2441000,-27243000,12000000,USD,-476000,1338000,-476000,56000,-103000,-125000,-22000,219000,1768000,-2866000,-2266000,476000,327000,None,None,None,-3144000,241000,501000,-3144000,None,-2867000,4.54,9.1
4,2019-06-30,USD,17135000,16792000,13864000,3271000,864000,289000,223000,None,379000,-1556000,2705000,202000,343000,None,167000,6000,107000,-60000,-115000,None,None,6000,96000,-115000,373000,289000,None,USD,62653000,9873000,None,5098000,36394000,27815000,None,311000,12000,-80013000,7635000,None,12542000,384000,22485000,362000,581000,-206000,18233000,22005000,None,17942000,None,7747000,3594000,452000,9640000,None,None,12000,None,-80013000,-88000,None,12542000,None,40648000,3156000,3806000,278000,13909000,None,None,None,108110000,62653000,384000,-26982000,12000000,USD,-38000,1283000,-38000,19000,1133000,1043000,-90000,413000,289000,146000,-868000,-1365000,318000,None,None,None,-412000,24000,88000,-412000,None,131000,3.91,4.54
5,2019-03-31,USD,11708000,3125000,9207000,2501000,-414000,-672000,227000,None,-511000,-30000,2898000,210000,-624000,None,97000,39000,-16000,-16000,-152000,None,None,39000,129000,-152000,-550000,-672000,None,USD,59734000,9855000,None,2864000,34183000,27076000,None,6484000,12000,-80302000,7548000,None,17385000,345000,21795000,1184000,1184000,-202000,15716000,14228000,None,17221000,None,10657000,2187000,362000,14127000,None,None,12000,None,-80302000,-88000,None,19935000,None,45506000,3091000,2463000,12388000,12388000,None,None,None,107656000,59734000,345000,-26728000,11961537,USD,-198000,-105000,-198000,26000,61000,137000,76000,-132000,-702000,-390000,-329000,-369000,331000,None,None,None,363000,-256000,224000,363000,6000,-384000,3.51,3.91
6,2018-12-31,USD,11749000,3371000,10465000,1272000,-2012000,-2388000,690000,0,-2096000,-217000,2681000,75000,-2087000,0,84000,336000,None,None,-172000,0,0,-438000,-1013000,-172000,-2432000,-2388000,None,USD,57442000,9721000,None,2659000,31309000,27628000,None,8093000,12000,-79630000,7412000,None,17224000,810000,21511000,1365000,1184000,-214000,15739000,14758000,None,17907000,None,10840000,2118000,449000,12053000,None,None,12000,None,-79630000,-88000,None,17224000,None,42684000,None,2386000,9798000,9798000,None,None,None,107548000,57442000,810000,-26532000,11936573,USD,None,1748000,-304000,26000,-964000,-964000,-90000,660000,-878000,112000,1380000,3548000,395000,None,36000,None,805000,-1030000,330000,-821000,-12000,100000,2.35,3.51
7,2018-09-30,USD,11993000,2869000,10159000,1825000,-953000,221000,229000,0,-1025000,-35000,2640000,82000,-1035000,0,72000,None,None,None,0,0,0,1342000,-1074000,-131000,317000,221000,None,USD,58609000,9720000,None,3426000,29923000,29963000,0,7851000,12000,-77245000,6546000,0,17282000,793000,20198000,1244000,1244000,-151000,15342000,16265000,None,20243000,0,11689000,3179000,357000,11103000,28686000,107435000,12000,0,-77245000,-88000,None,17282000,None,42344000,None,None,9725000,9725000,None,None,None,107435000,58609000,793000,-26107000,11922605,USD,None,939000,-522000,26000,963000,963000,-90000,499000,-186000,-1314000,-1755000,1504000,346000,0,0,0,-2481000,-1337000,548000,-2481000,4000,-1310000,4.2,2.35
8,2018-06-30,USD,13177000,2859000,11117000,2043000,-718000,610000,219000,0,807000,-28000,2640000,81000,-799000,0,71000,None,None,None,0,0,0,-19000,408000,-206000,788000,610000,None,USD,56795000,9775000,None,2916000,28431000,29607000,0,5908000,12000,-77465000,8293000,0,17389000,2184000,17931000,1244000,1244000,-169000,15074000,14557000,None,19832000,0,9093000,2207000,364000,10779000,28364000,107317000,12000,0,-77465000,-88000,None,17389000,None,42238000,None,None,10500000,10500000,None,None,None,107317000,56795000,2184000,-25842000,11907542,USD,None,-193000,-219000,87000,-311000,-275000,None,425000,-773000,-593000,-99000,525000,369000,0,36000,0,211000,127000,306000,211000,-8000,-601000,4.5,4.2
9,2018-03-31,USD,12666000,3012000,9337000,3321000,366000,136000,232000,0,304000,-40000,2780000,49000,317000,0,62000,None,None,None,0,0,0,51000,-5000,-157000,253000,136000,None,USD,57982000,9838000,None,3398000,29659000,28253000,0,7376000,12000,-78074000,8853000,0,17347000,2916000,18439000,1184000,1184000,-120000,14830000,15967000,None,19700000,0,9336000,2367000,317000,9879000,27038000,106523000,12000,0,-78074000,-88000,None,17347000,None,42015000,None,None,11220000,11220000,None,1285000,None,106523000,57982000,2916000,-56654000,11747055,USD,None,-1729000,-273000,-25000,-304000,-304000,None,348000,96000,1857000,2434000,-1575000,380000,0,0,0,3230000,50000,248000,3230000,-4000,1853000,4.15,4.5
10,2017-12-31,USD,12600000,3059000,10787000,1802000,-1089000,260000,294000,0,-1163000,-76000,2765000,157000,-1246000,0,283000,None,None,None,0,-3360000,0,-1503000,-2147000,252000,340000,260000,None,USD,59538000,9906000,None,3370000,31092000,28336000,0,8007000,12000,-77893000,7154000,0,27355000,1063000,19581000,1184000,1184000,-112000,14870000,17313000,None,19715000,0,12487000,2663000,393000,10390000,44417000,105556000,12000,0,-77893000,-88000,None,17449000,None,42225000,None,None,11511000,11511000,None,1285000,None,106417000,59538000,1063000,-56383000,11730981,USD,None,1093000,-233000,6000,-305000,-305000,None,-54000,184000,13000,551000,-83000,418000,0,0,0,-1074000,-747000,239000,439000,-5000,8000,3.65,4.15
11,2017-09-30,USD,11758000,3618000,10013000,1745000,-1838000,-2044000,293000,0,-1906000,-78000,2653000,35000,-1873000,0,68000,None,None,None,0,672000,0,71000,0,-1339000,-1977000,-2044000,None,USD,58704000,9980000,None,3436000,30566000,27952000,0,8058000,11000,-78153000,5981000,0,27058000,1055000,19159000,1184000,1184000,-123000,13507000,18139000,None,19257000,0,13320000,2959000,328000,11101000,30871000,106305000,11000,0,-78153000,-88000,None,17078000,None,40565000,None,None,11407000,11407000,None,1285000,None,106305000,58704000,1055000,-56399000,11713928,USD,None,1795000,-101000,-17000,-305000,-305000,None,256000,-2122000,513000,919000,7889000,1115000,0,0,0,140000,1021000,84000,-914000,7000,520000,3.8,3.65
12,2017-06-30,USD,12716000,3452000,10361000,2354000,-1061000,-1169000,619000,0,-1160000,-217000,2833000,36000,-1097000,0,99000,None,None,None,0,-3360000,0,66000,0,626000,-1226000,-1169000,None,USD,58287000,10020000,None,18813000,28152000,29871000,0,6984000,11000,-76109000,5682000,0,27220000,535000,16783000,4439000,4439000,-135000,33475000,15958000,None,21136000,0,12348000,3255000,330000,9799000,28850000,106192000,11000,0,-76109000,-88000,None,1132000,None,44627000,None,None,11369000,11369000,None,1285000,None,106192000,58287000,535000,None,11698347,USD,None,-1856000,5845000,5939000,-2548000,-2548000,None,429000,-1386000,397000,-2900000,-2537000,1142000,0,0,0,-246000,-56000,94000,-1449000,4000,401000,3.65,3.8
13,2017-03-31,USD,12707000,3239000,9988000,2719000,-485000,-727000,389000,0,-594000,-79000,2850000,35000,-520000,0,-100000,None,None,None,0,672000,0,81000,0,-131000,-675000,-727000,None,USD,63928000,10110000,None,19800000,32495000,30952000,2397000,6822000,11000,-74940000,5635000,0,27503000,134000,18669000,1184000,1184000,-150000,16060000,20365000,None,32237000,0,10853000,5794000,392000,11847000,30148000,106119000,11000,0,-74940000,-88000,None,16689000,None,32749000,None,None,11429000,13826000,None,1285000,None,106119000,63928000,134000,None,11681349,USD,None,975000,-40000,-18000,-1864000,-1864000,None,-392000,-806000,-32000,1872000,-86000,1164000,0,0,0,850000,-56000,22000,850000,3000,-29000,3.15,3.65
14,2016-12-31,USD,13465000,3038000,10024000,3427000,437000,225000,476000,0,317000,-116000,2562000,34000,403000,0,120000,None,None,None,0,10104000,0,100000,-11158000,-730000,217000,225000,None,USD,65335000,8474000,None,26079000,33179000,31596000,2362000,7010000,11000,-74213000,6430000,0,33613000,163000,16738000,1184000,1184000,-162000,17115000,14607000,None,24407000,0,11631000,7649000,370000,9728000,30871000,106048000,11000,0,-74213000,-88000,None,1503000,None,27092000,None,None,14079000,16441000,None,1285000,None,106048000,65335000,163000,-53323000,11669383,USD,None,-3187000,-311000,21000,-1794000,-1794000,-58000,2905000,109000,22000,2127000,-427000,1188000,0,156000,0,3204000,-170000,332000,1536000,-4000,18000,3.9,3.15
15,2016-09-30,USD,12909000,3173000,11114000,1807000,-1348000,-1556000,441000,0,-1463000,-135000,2732000,30000,-1378000,0,115000,None,None,None,0,0,0,37000,0,0,-1500000,-1556000,None,USD,68453000,10286000,None,13836000,36462000,31315000,2329000,4130000,11000,-74438000,9448000,0,33796000,145000,15260000,None,None,-129000,17924000,16733000,None,32600000,0,13161000,9425000,332000,11130000,30706000,105959000,11000,0,-74438000,-88000,None,23055000,None,40979000,None,None,18873000,21202000,None,1285000,None,105959000,68453000,145000,-52276000,11656762,USD,None,None,-79000,-3000,-30000,-124000,-250000,None,-1691000,-237000,-34000,-13853000,1311000,0,156000,0,1668000,288000,76000,671000,3000,-234000,5.0069,3.9
16,2016-06-30,USD,14810000,13033000,12993000,1816000,-11164000,-8234000,554000,0,-11301000,-164000,2375000,52000,-11216000,0,137000,None,None,None,0,10104000,0,-3167000,0,0,-8134000,-8234000,None,USD,69176000,10353000,None,2768000,35741000,32624000,2294000,3815000,11000,-72882000,8728000,0,33580000,379000,15353000,None,None,-134000,18268000,17328000,None,23556000,0,14169000,9366000,396000,11538000,32150000,105717000,11000,0,-72882000,-88000,None,22843000,None,51464000,None,None,18094000,20388000,None,1285000,None,105717000,69176000,379000,None,11574331,USD,None,None,-1000,18000,2056000,1681000,-375000,None,-8398000,-376000,-2056000,395000,934000,0,0,0,997000,6460000,19000,-1975000,-43000,-419000,5.09,5.0069
17,2016-03-31,USD,10033000,3630000,10004000,34000,-3585000,-3840000,575000,0,-3810000,-173000,3055000,16000,-3601000,0,225000,None,None,None,0,0,0,36000,0,0,-3846000,-3840000,None,USD,77942000,18744000,None,23146000,36118000,40849000,5460000,4693000,11000,-64648000,7216000,0,42309000,798000,16145000,None,None,-65000,19213000,16420000,None,42134000,0,11673000,7297000,374000,11452000,40539000,40539000,11000,40539000,-64648000,-88000,None,22738000,None,41951000,None,None,14513000,19973000,None,1285000,None,105639000,77942000,798000,None,11557944,USD,None,None,-24000,-15000,-408000,-719000,-375000,None,-4013000,-676000,67000,124000,905000,0,64000,0,2972000,-255000,9000,2972000,39000,-637000,3.7,5.09
18,2015-12-31,USD,15177000,3134000,11225000,3895000,835000,99000,801000,0,678000,-390000,2333000,17000,818000,0,157000,None,None,None,0,10104000,0,418000,-573000,-1864000,260000,99000,None,USD,83065000,18827000,None,45029000,37363000,44554000,0,5620000,11000,-60808000,7232000,0,42804000,1534000,17177000,2431000,2431000,-117000,19993000,20268000,None,45839000,99000,14242000,7530000,377000,11557000,44417000,44417000,11000,44417000,-60808000,-88000,None,1890000,None,21883000,None,None,20186000,20186000,None,1285000,None,105556000,83065000,1534000,-49707000,11543590,USD,None,-3657000,-201000,84000,1464000,1089000,-375000,41000,-292000,-521000,-1409000,-1030000,918000,0,0,0,1206000,-1313000,285000,16000,-42000,-563000,3.72,3.7
19,2015-09-30,USD,17332000,3470000,12363000,4946000,1517000,1070000,583000,0,1337000,-163000,2887000,18000,1499000,0,180000,None,None,None,0,0,0,53000,0,0,1284000,1070000,None,USD,83596000,18899000,None,23163000,37658000,42993000,0,7569000,11000,-60906000,7283000,0,42299000,2100000,19613000,None,None,-81000,20535000,20762000,None,44278000,102000,15720000,5264000,350000,12044000,44653000,44653000,11000,44653000,-60906000,-88000,None,21728000,None,42263000,None,None,18045000,18045000,None,1285000,None,104057000,83596000,2100000,None,11527725,USD,50000,None,-9000,14000,-1955000,-1356000,-375000,None,907000,957000,2322000,550000,934000,0,974000,0,1190000,-342000,73000,1180000,None,957000,4.03,3.72
