,fiscalDateEnding,reportedCurrency_x,totalRevenue,totalOperatingExpense,costOfRevenue,grossProfit,ebit,netIncome_x,researchAndDevelopment,effectOfAccountingCharges,incomeBeforeTax,minorityInterest,sellingGeneralAdministrative,otherNonOperatingIncome,operatingIncome,otherOperatingExpense,interestExpense,taxProvision,interestIncome,netInterestIncome,extraordinaryItems,nonRecurring,otherItems,incomeTaxExpense,totalOtherIncomeExpense,discontinuedOperations,netIncomeFromContinuingOperations,netIncomeApplicableToCommonShares,preferredStockAndOtherAdjustments,reportedCurrency_y,totalAssets,intangibleAssets,earningAssets,otherCurrentAssets,totalLiabilities,totalShareholderEquity,deferredLongTermLiabilities,otherCurrentLiabilities,commonStock,retainedEarnings,otherLiabilities,goodwill,otherAssets,cash,totalCurrentLiabilities,shortTermDebt,currentLongTermDebt,otherShareholderEquity,propertyPlantEquipment,totalCurrentAssets,longTermInvestments,netTangibleAssets,shortTermInvestments,netReceivables,longTermDebt,inventory,accountsPayable,totalPermanentEquity,additionalPaidInCapital,commonStockTotalEquity,preferredStockTotalEquity,retainedEarningsTotalEquity,treasuryStock,accumulatedAmortization,otherNonCurrrentAssets,deferredLongTermAssetCharges,totalNonCurrentAssets,capitalLeaseObligations,totalLongTermDebt,otherNonCurrentLiabilities,totalNonCurrentLiabilities,negativeGoodwill,warrants,preferredStockRedeemable,capitalSurplus,liabilitiesAndShareholderEquity,cashAndShortTermInvestments,accumulatedDepreciation,commonStockSharesOutstanding,reportedCurrency,investments,changeInLiabilities,cashflowFromInvestment,otherCashflowFromInvestment,netBorrowings,cashflowFromFinancing,otherCashflowFromFinancing,changeInOperatingActivities,netIncome_y,changeInCash,operatingCashflow,otherOperatingCashflow,depreciation,dividendPayout,stockSaleAndPurchase,changeInInventory,changeInAccountReceivables,changeInNetIncome,capitalExpenditures,changeInReceivables,changeInExchangeRate,changeInCashAndCashEquivalents,clossingVal,nextClossingVal
0,2020-06-30,USD,22129000,13242000,None,22129000,10981000,7576000,None,None,8887000,None,13242000,2094000,8887000,1710000,3345000.0,1311000,23827000,20482000,None,None,None,1311000,None,None,7576000,7576000,None,USD,2700424000,1257000,None,10000000,2388380000,312044000,None,2210124000,14649000,159739000,17441000,63370000,2198040000,41934000,2260996000,50000000,50000000,4654000,48378000,355750000,2156891000,247417000,295448000,8368000,33000000,None,872000,None,None,14649000,None,159739000,None,None,74778000,None,2344674000,None,33000000,94384000,127384000,None,None,None,133002000,2700424000,337382000,None,7332856,USD,17116000,3108000,-136753000,-153282000,11013000,144660000,199765000,1701000,7576000,16607000,8700000,-1537000,445000,-2643000,-364000,None,-1085000.0,193000,587000,-1085000,None,16607000,38.19,
1,2020-03-31,USD,19611000,13651000,None,19611000,13589000,5281000,None,None,5960000,None,13651000,7629000,5960000,1785000,4281000.0,679000,23819000,19538000,None,None,None,679000,None,None,5281000,5281000,None,USD,2543772000,1411000,351406000,None,2237709000,306063000,None,2009995000,14670000,154806000,15216000,63400000,2041076000,35327000,2175481000,164150000,164150000,3428000,48619000,353313000,1997739000,241252000,310703000,7283000,32250000,None,1336000,None,None,14670000,None,154806000,None,None,79320000,None,2190489000,None,32250000,29978000,62228000,None,None,None,133159000,2543772000,346030000,None,7343240,USD,8577000,10073000,-51935000,-59885000,11517000,45157000,36302000,35000,5281000,4174000,10952000,-9888000,1209000,-2662000,-2204000,None,-302000.0,4579000,627000,-302000,None,4174000,39.74,38.19
2,2019-12-31,USD,19122000,13644000,None,19122000,5376000,5032000,None,None,5478000,None,13644000,-102000,5478000,993000,4364000.0,446000,23592000,19228000,None,None,None,446000,-754000,None,5032000,5032000,None,USD,2475327000,1565000,343753000,10512000,2176317000,299010000,None,1971489000,14777000,152187000,7794000,63370000,1971022000,31153000,2124916000,152150000,152150000,-3205000,47932000,376691000,1916549000,234075000,338557000,6981000,32733000,450000,1277000,None,None,14777000,None,152187000,None,None,69220000,None,2098636000,None,32733000,18668000,51401000,None,None,None,135251000,2475327000,369710000,None,7388480,USD,-61994000,-2793000,-129906000,-66605000,132374000,99980000,-29809000,-1523000,5032000,-20130000,9796000,1114000,1759000,-2585000,-13000,None,-326000.0,5010000,1307000,-326000,None,-20130000,50.35,39.74
3,2019-09-30,USD,22918000,13442000,None,22218000,8300000,7148000,None,None,8139000,None,8124000,161000,8776000,1902000,4396000.0,991000,23613000,19217000,None,None,None,991000,-637000,None,7148000,7148000,None,USD,2372699000,2468000,300928000,10100000,2076532000,296167000,None,2001285000,14778000,149740000,15192000,63370000,1904000000,41183000,2039131000,30300000,30300000,-3457000,47437000,334866000,283948000,231059000,268823000,6655000,52509000,485000,1461000,None,None,14778000,None,149740000,None,None,65200000,None,2037833000,None,52509000,21277000,73786000,None,None,None,135106000,2372699000,318111000,None,7000000,USD,-28219000,0,-28219000,3363000,-83171000,38346000,124486000,1860000,7148000,21321000,11194000,-497000,943000,-2514000,-455000,None,648000.0,595000,1755000,648000,None,21321000,45.29,50.35
4,2019-06-30,USD,22530000,14429000,0,22530000,10712000,7144000,0,0,8101000,0,14429000,2611000,8101000,2189000,4604000.0,957000,23310000,18706000,0,0,0,957000,-829000,0,7144000,7144000,0,USD,2324266000,1921000,278928000,8134000,2032683000,291583000,0,1876799000,14798000,145106000,14964000,63370000,1888437000,29962000,1960557000,82700000,82700000,-3705000,46468000,307182000,1837700000,226292000,269917000,7303000,52980000,408000,1058000,0,0,14798000,0,145106000,0,0,67625000,0,2017084000,0,52980000,19146000,72126000,0,0,0,135384000,2324266000,299879000,0,7399078,USD,12066000,657000,490000,-10097000,-10766000,-4879000,8403000,366000,7144000,3910000,8299000,-283000,1185000,-2516000,-166000,0,-92000.0,-312000,1479000,-92000,0,3910000,44.99,45.29
5,2019-03-31,USD,20663000,13490000,0,20663000,9612000,6412000,0,0,7173000,0,13490000,2439000,7173000,1820000,4504000.0,761000,22782000,18297000,0,0,0,761000,-602000,0,6412000,6412000,0,USD,2317944000,2104000,280526000,7211000,2033375000,284569000,0,1868230000,14798000,140478000,16353000,63370000,12361000,26052000,1978108000,109000000,109000000,-6100000,44728000,312101000,1827497000,219095000,278838000,7211000,37446000,360000,878000,0,0,14798000,0,140478000,0,0,68144000,0,2005843000,0,37446000,17821000,55267000,0,0,0,135393000,2317944000,304890000,0,7399054,USD,498000,2228000,-27086000,-26522000,22040000,12732000,-6792000,-1595000,6412000,-6564000,7790000,-3799000,1155000,-2516000,0,0,-96000.0,1890000,1062000,-96000,0,-6564000,45.24,44.99
6,2018-12-31,USD,20669000,13373000,4220.41,20669000,9676000,6392000,0,0,7296000,0,13373000,2380000,7296000,1139000,3331.28,None,None,None,0,0,0,904000,-802000,0,6392000,6392000,0,USD,2288993000,2296000,None,10632000,2010379000,278614000,0,1875022000,14798000,136582000,9618000,63370000,1857153000,32616000,1962717000,86500000,21174000,-8076000,38889000,318065000,1802636000,212948000,278334000,7115000,37906000,376000,1195000,0,0,14798000,0,136582000,0,0,63737000,0,1970928000,0,37906000,9756000,47662000,0,0,0,135310000,2288993000,310950000,0,7399054,USD,7573000,1681000,-37457000,-42940000,-23505000,21212000,47158000,1981000,6392000,-7979000,8266000,-141000,1100000,-2441000,0,0,0.0,-202000,2090000,-550000,0,-7979000,44.06,45.24
7,2018-09-30,USD,20156000,12537000,3495.29,20156000,6440000,6717000,0,0,7619000,0,12537000,-1179000,7619000,1657000,2682.62,None,None,None,0,0,0,902000,-822000,0,6717000,6717000,0,USD,2257843000,2507000,None,6663000,1984872000,272971000,0,1827864000,14798000,132631000,7511000,63370000,1815039000,40595000,1928059000,99450000,0,-9684000,37467000,330796000,1759130000,207094000,283636000,6565000,48461000,342000,745000,0,0,14798000,0,132631000,0,0,64573000,0,1927047000,0,48461000,8352000,56813000,0,0,0,135226000,2257843000,324231000,0,7399054,USD,2300000,-1846000,-22207000,-23599000,-88450000,18111000,109003000,-143000,6717000,5216000,9312000,1629000,1576000,-2442000,0,63.47,287.15,999000,908000,237000,0,5216000,42.4,44.06
8,2018-06-30,USD,20264000,13496000,118721.85,20264000,5929000,5957000,0,0,6768000,0,13496000,-839000,6768000,2080000,88791.97,None,None,None,0,0,0,811000,-860000,0,5957000,5957000,None,USD,2235626000,2727000,None,6802000,1966082000,269544000,0,1718861000,14798000,128356000,9754000,63370000,1797259000,35379000,1906849000,187450000,6753577.04,-8753000,37148000,326289000,1733816000,203447000,284108000,6802000,48911000,500000,538000,0,0,14798000,0,128356000,0,None,72276000,None,1909337000,None,48911000,10322000,59233000,None,None,None,135143000,2235626000,319487000,None,7399054,USD,-6042000,-1189000,-37554000,-30933000,44596000,40995000,-1157000,-2893000,5957000,8604000,5163000,-1786000,1644000,-2444000,0,4047.66,3819.62,857000,579000,-320000,None,8604000,47.02,42.4
9,2018-03-31,USD,19709000,13081000,3857000,19709000,4252000,5854000,0,0,6628000,0,13081000,-2376000,6628000,1860000,2807000.0,None,None,None,0,0,0,774000,-829000,0,5854000,5854000,None,USD,2190388000,2948000,None,6482000,1923764000,266624000,0,1720018000,14793000,124841000,11981000,63370000,419354000,26775000,1863036000,142500000,191926000,-8090000,37511000,313852000,1706063000,200306000,280595000,6482000,49265000,685000,518000,0,0,14793000,0,124841000,0,None,66644000,None,1876536000,None,49265000,11463000,60728000,None,None,None,135080000,2190388000,307370000,None,7396505,USD,-3449000,316000,-37588000,-33647000,18356000,16990000,1000000,833000,5854000,-10713000,9885000,454000,1625000,-2366000,0,121000,454000.0,1182000,492000,454000,None,-10713000,45.65,47.02
10,2017-12-31,USD,19074000,12455000,3641000,19074000,3753000,2648000,0,0,6619000,0,12455000,-2866000,6619000,14419000,6523000.0,None,None,None,0,0,0,3971000,-2222000,0,2648000,2648000,None,USD,2169031000,3178000,None,29693000,1904055000,264976000,0,1719018000,14793000,121353000,11628000,63370000,419491000,37488000,1843190000,123675000,11828000,-6213000,37557000,326246000,1674211000,198428000,281822000,6936000,49734000,390000,497000,0,0,14793000,0,121353000,0,None,64469000,None,1842785000,None,49734000,11131000,60865000,None,None,None,135043000,2169031000,319310000,None,7396505,USD,-18841000,-4466000,-81397000,-61823000,51310000,80106000,31163000,241000,2648000,4582000,5873000,3729000,1677000,-9319000,0,113000,0.0,3313000,733000,-1028000,None,4582000,46.58,45.65
11,2017-09-30,USD,19117000,12480000,3375000,19117000,6256000,5350000,0,0,6637000,0,12480000,-381000,6637000,-5076000,49000.0,None,None,None,0,0,0,1287000,0,0,5350000,5350000,None,USD,2092236000,3427000,None,6368000,1825940000,266296000,0,1687855000,14793000,119971000,15986000,63370000,407455000,32906000,1760236000,71900000,122702000,-3456000,37373000,307516000,1614144000,199499000,268702000,5908000,50199000,818000,481000,0,0,14793000,0,119971000,0,None,66406000,None,1784720000,None,50199000,15505000,65704000,None,None,None,134988000,2092236000,301608000,None,7396505,USD,-1689000,2831000,-39167000,-35480000,-26561000,19494000,48422000,3187000,5350000,-8495000,11178000,280000,1672000,-2367000,0,0,320000.0,747000,1998000,298000,None,-8495000,47.8,46.58
12,2017-06-30,USD,21314000,14002000,3326000,21314000,8496000,5659000,0,0,7312000,0,14002000,1184000,7312000,-1604000,170000.0,None,None,None,0,0,0,1653000,0,0,5659000,5659000,None,USD,2064758000,3685000,None,6206000,1801249000,263509000,0,1639433000,14792000,116988000,13156000,63370000,407521000,41401000,1731364000,91500000,148660000,-3208000,35892000,314249000,1579560000,196454000,266642000,6206000,57160000,384000,431000,0,0,14792000,0,116988000,0,None,68002000,None,1750509000,None,57160000,12725000,69885000,None,None,None,134937000,2064758000,308043000,None,7396163,USD,7683000,-450000,-29587000,-35912000,13570000,35167000,23889000,-2006000,5659000,9586000,4006000,-1633000,1617000,-2292000,0,109000,22000.0,-585000,1358000,-602000,None,9586000,43.73,47.8
13,2017-03-31,USD,18425000,12356000,3156000,18425000,6342000,4800000,0,0,6069000,0,12356000,273000,6069000,1468000,1956000.0,None,None,None,0,0,0,1269000,0,0,4800000,4800000,None,USD,2023506000,3944000,None,6048000,1764187000,259319000,0,1615544000,14792000,113621000,13553000,63370000,413146000,31815000,1693476000,77475000,77475000,-3978000,34967000,312243000,1543342000,192005000,274824000,5604000,57615000,680000,457000,0,0,14792000,0,113621000,0,None,65640000,None,1711263000,None,57615000,13096000,70711000,None,None,None,134884000,2023506000,306639000,None,7396163,USD,-5113000,303000,-34412000,-27141000,-5744000,18750000,26787000,-580000,4800000,-8126000,7536000,-652000,1689000,-2293000,0,0,624000.0,772000,2158000,624000,None,-8126000,41.8,43.73
14,2016-12-31,USD,18233000,12282000,3341000,18233000,1531000,4728000,0,0,5951000,0,12282000,-4420000,5951000,13876000,5426000.0,None,None,None,0,0,0,1223000,-2192000,0,4728000,4728000,None,USD,1999442000,4211000,None,30028000,1742824000,256618000,0,1588757000,14788000,111114000,13233000,63370000,408844000,39941000,1671919000,82700000,6577000,-4155000,33260000,316096000,1517004000,189037000,269927000,6228000,58134000,393000,462000,0,0,14788000,0,111114000,0,None,65501000,None,1683346000,None,58134000,12771000,70905000,None,None,None,134871000,1999442000,309868000,None,7394143,USD,-14509000,-1771000,-26868000,-11695000,6849000,27505000,22947000,-1195000,4728000,8027000,7390000,20526000,1760000,-9170000,0,885000,0.0,-16934000,664000,-919000,None,8027000,48.7,41.8
15,2016-09-30,USD,18525000,12017000,3025000,18525000,5388000,5118000,0,0,6508000,0,12017000,-1120000,6508000,-4491000,60000.0,None,None,None,0,0,0,1390000,0,0,5118000,5118000,None,USD,1971239000,4498000,None,None,1714799000,256440000,0,1565810000,14788000,108677000,15004000,63370000,398534000,31914000,1641544000,75300000,75300000,-1878000,33049000,298000000,1507039000,188572000,260777000,5309000,58685000,1063000,434000,0,0,14788000,0,108677000,0,None,65283000,None,1673239000,None,58685000,14570000,73255000,None,None,None,134853000,1971239000,292691000,None,7394143,USD,-115000,114000,-61516000,-57442000,-11547000,55107000,68947000,-145000,5118000,1837000,8246000,-6953000,1759000,-2293000,0,256000,487000.0,7565000,3959000,643000,None,1837000,40.76,48.7
16,2016-06-30,USD,18206000,12113000,2965000,18206000,7221000,4855000,0,0,6093000,0,12113000,1128000,6093000,1497000,45000.0,None,None,None,0,0,0,1238000,0,0,4855000,4855000,None,USD,1911610000,4795000,None,None,1657285000,254325000,0,1496863000,14788000,105852000,14890000,63370000,400661000,30077000,1583616000,86300000,86300000,-1150000,29510000,298673000,1450009000,186160000,262644000,5952000,59232000,1353000,453000,0,0,14788000,0,105852000,0,None,65253000,None,1612937000,None,59232000,14437000,73669000,None,None,None,134835000,1911610000,292721000,None,7000000,USD,13384000,-453000,-43883000,-56095000,25401000,44178000,21068000,-1071000,4855000,6079000,5784000,-6320000,1842000,-2291000,0,399000,0.0,6357000,520000,-497000,None,6079000,39.14,40.76
17,2016-03-31,USD,17657000,11618000,2920000,17657000,7034000,4882000,0,0,6039000,0,11618000,995000,6039000,0,1720000.0,None,None,None,0,0,0,1157000,0,0,4882000,4882000,None,USD,1862370000,5091000,None,None,1610925000,251445000,0,1475459000,14799000,101652000,15343000,63370000,411966000,23998000,1536315000,60350000,None,-1636000,29386000,305309000,1395611000,182984000,275856000,5455000,59773000,1487000,506000,0,0,14799000,0,103288000,0,None,63603000,None,1557061000,None,59773000,14837000,74610000,None,None,None,134994000,1862370000,299854000,None,7000000,USD,20344000,-458000,-54090000,-72788000,21452000,38538000,19798000,None,4882000,-8919000,6633000,-6194000,1907000,-2295000,0,126000,341000.0,6155000,1621000,341000,None,-8919000,37.2,39.14
18,2015-12-31,USD,17077000,12468000,2869000,17077000,3965000,3839000,0,0,4609000,0,12468000,-644000,4609000,11260000,4552000.0,None,None,None,0,0,0,770000,-1935000,0,3839000,3839000,None,USD,1819058000,5397000,None,24924000,1570290000,248768000,0,1455810000,14821000,100701000,15801000,63370000,429137000,32917000,1494695000,38325000,98679000,-2125000,28157000,335757000,1327890000,180001000,297044000,5796000,60354000,957000,560000,0,0,14821000,0,100701000,0,None,58487000,None,1483301000,None,60354000,15241000,75595000,None,None,None,135371000,1819058000,329961000,None,7410606,USD,12085000,1071000,-63462000,-73950000,37441000,42329000,7191000,-1047000,3839000,-8068000,13065000,-1530000,1986000,-2303000,0,4358000,0.0,8168000,1774000,-469000,None,-8068000,38.08,37.2
19,2015-09-30,USD,17228000,11706000,2385000,17228000,6348000,4409000,0,0,5522000,0,11706000,826000,5522000,0,37000.0,None,None,None,0,0,0,1113000,0,0,4409000,4409000,None,USD,1772770000,4606000,None,None,1520682000,252088000,0,1444650000,15038000,99165000,14782000,63370000,442385000,40985000,1475396000,30250000,None,-1378000,27002000,359251000,1261941000,184112000,312939000,5327000,31000000,3896000,496000,0,0,15038000,0,99165000,0,None,56600000,None,1413519000,None,31000000,14286000,45286000,None,None,None,139263000,1772770000,353924000,None,7519109,USD,19200000,-296000,-21262000,-39491000,3741000,20385000,18981000,None,4409000,5428000,6305000,-6811000,1963000,-2337000,0,714000,253000.0,6860000,945000,180000,None,5428000,34.93,38.08
