,fiscalDateEnding,reportedCurrency_x,totalRevenue,totalOperatingExpense,costOfRevenue,grossProfit,ebit,netIncome_x,researchAndDevelopment,effectOfAccountingCharges,incomeBeforeTax,minorityInterest,sellingGeneralAdministrative,otherNonOperatingIncome,operatingIncome,otherOperatingExpense,interestExpense,taxProvision,interestIncome,netInterestIncome,extraordinaryItems,nonRecurring,otherItems,incomeTaxExpense,totalOtherIncomeExpense,discontinuedOperations,netIncomeFromContinuingOperations,netIncomeApplicableToCommonShares,preferredStockAndOtherAdjustments,reportedCurrency_y,totalAssets,intangibleAssets,earningAssets,otherCurrentAssets,totalLiabilities,totalShareholderEquity,deferredLongTermLiabilities,otherCurrentLiabilities,commonStock,retainedEarnings,otherLiabilities,goodwill,otherAssets,cash,totalCurrentLiabilities,shortTermDebt,currentLongTermDebt,otherShareholderEquity,propertyPlantEquipment,totalCurrentAssets,longTermInvestments,netTangibleAssets,shortTermInvestments,netReceivables,longTermDebt,inventory,accountsPayable,totalPermanentEquity,additionalPaidInCapital,commonStockTotalEquity,preferredStockTotalEquity,retainedEarningsTotalEquity,treasuryStock,accumulatedAmortization,otherNonCurrrentAssets,deferredLongTermAssetCharges,totalNonCurrentAssets,capitalLeaseObligations,totalLongTermDebt,otherNonCurrentLiabilities,totalNonCurrentLiabilities,negativeGoodwill,warrants,preferredStockRedeemable,capitalSurplus,liabilitiesAndShareholderEquity,cashAndShortTermInvestments,accumulatedDepreciation,commonStockSharesOutstanding,reportedCurrency,investments,changeInLiabilities,cashflowFromInvestment,otherCashflowFromInvestment,netBorrowings,cashflowFromFinancing,otherCashflowFromFinancing,changeInOperatingActivities,netIncome_y,changeInCash,operatingCashflow,otherOperatingCashflow,depreciation,dividendPayout,stockSaleAndPurchase,changeInInventory,changeInAccountReceivables,changeInNetIncome,capitalExpenditures,changeInReceivables,changeInExchangeRate,changeInCashAndCashEquivalents,clossingVal,nextClossingVal
0,2020-06-30,USD,22765518,5814633,None,None,19308190,12555145,None,None,12655145,None,5814633,None,16950885,None,6653045,100000,6653045,-6653045,None,None,None,100000,2357305,None,12555145,12555145,None,USD,1171667257,None,None,None,700332879,471334378,None,None,38772,-67337222,None,None,None,53405925,12844906,None,None,None,None,67314006,1104353251,471334378,None,12068711,687487973,None,4848556,None,None,None,None,None,None,None,None,None,1104353251,None,None,None,687487973,None,None,None,None,None,None,None,None,USD,None,0,None,None,-61709000,-72759041,-11050041,-4435280,12555145,23197990,95957031,None,None,-11050041,None,None,None,86551351,0,None,None,None,8.4,
1,2020-04-30,USD,None,None,None,None,None,None,None,None,None,None,None,None,None,None,None,None,None,None,None,None,None,100000,None,None,None,12555145,None,USD,1171667257,None,None,None,700332879,471334378,None,None,38772,-67337222,None,None,None,53405925,12844906,None,None,None,None,67314006,1104353251,471334378,None,12068711,687487973,None,4848556,None,None,None,None,None,None,None,None,None,1104353251,None,None,None,687487973,None,None,None,None,None,None,None,None,USD,None,0,None,None,-61709000,-72759041,None,-4435280,12555145,23197990,95957031,None,None,-11050041,None,None,None,86551351,0,None,None,None,7.25,8.4
2,2020-03-31,USD,26326437,6852042,13512520,12813920,-13374499,-21101049,None,None,-21001049,None,6852042,None,19474395,None,7626550,100000,-32848890,-7626550,None,None,None,100000,-32848894,None,-21101049,-21101049,None,USD,1222614615,None,None,None,752785341,469829274,None,None,38772,-68842326,None,None,None,29993752,15904996,None,None,None,None,43654756,1178959859,469829274,None,13196825,736880345,None,5885965,None,None,None,None,None,None,None,1178959859,None,1178959859,None,736880350,None,736880345,None,None,None,538632830,None,29993750,None,39000000,USD,None,-85457647,None,None,78000000,66949959,-11050041,1160741,-21101049,-25911476,-92861435,None,None,-11050041,None,None,None,-35994283,0,None,None,None,4.86,7.25
3,2020-01-31,USD,None,None,None,None,None,None,None,None,None,None,None,None,None,None,None,None,None,None,None,None,None,100000,None,None,None,-21101049,None,USD,1222614615,None,None,None,752785341,469829274,None,None,38772,-68842326,None,None,None,29993752,15904996,None,None,None,None,43654756,1178959859,469829274,None,13196825,736880345,None,5885965,None,None,None,None,None,None,None,None,None,1178959859,None,None,None,736880345,None,None,None,None,None,None,None,None,USD,None,-85457647,None,None,78000000,66949959,None,1160741,-21101049,-25911476,-92861435,None,None,-11050041,None,None,None,-35994283,0,None,None,None,12.11,4.86
4,2019-12-31,USD,24638674,6112070,12453260,12185410,17380158,9972894,None,None,10072894,None,6112070,None,18526604,None,7307264,100000,-1146450,-7307264,None,None,None,100000,-1146446,None,9972894,9972894,None,USD,1294381872,None,None,None,792401508,501980364,None,3683347,38772,-36691236,None,None,None,56292541,100140482,334040510,334040510,None,None,118265958,1176115914,501980364,None,61570657,692261026,None,90603640,None,None,None,None,None,None,None,1176115914,None,1176115914,None,692261030,None,692261026,None,None,None,538632830,None,56292540,None,39000000,USD,None,73423853,None,None,70000000,58949959,-11050041,987417,9972894,-7138052,-66088011,None,None,-11050041,None,None,-54680819,-95863457,0,None,None,None,12.18,12.11
5,2019-10-31,USD,None,None,None,None,None,None,None,None,None,None,None,None,None,None,None,None,None,None,None,None,None,100000,None,None,None,9972894,None,USD,1294381872,None,None,None,792401508,501980364,None,None,38772,-36691236,None,None,None,56292541,100140482,None,334040510,None,None,118265958,1176115914,501980364,None,61570657,692261026,None,90603640,None,None,None,None,None,None,None,None,None,1176115914,None,None,None,692261026,None,None,None,None,None,None,None,None,USD,None,73423853,None,None,70000000,58949959,None,987417,9972894,-7138052,-66088011,None,None,-11050041,None,None,None,-95863457,0,None,None,None,11.48,12.18
6,2019-09-30,USD,23881603,6226301,11515480,12366120,13629077,7373820,None,None,7373820,None,6226301,None,17655302,None,6255257,0,-4026230,-6255257,None,None,None,None,-4026225,None,7373820,7373820,None,USD,1152375812,None,None,None,649318301,503057511,None,3683347,38772,-35614089,None,None,None,63337728,289756372,None,None,None,None,70668903,1081706909,503057511,None,6889838,359561929,None,17294018,None,None,None,None,None,None,None,1081706909,None,1081706909,None,623550510,None,359561929,None,None,None,538632830,None,63337730,None,39000000,USD,None,-24446206,None,None,78000000,63251567,-3698393,2300651,7373820,37881267,-25370300,None,None,-11050040,None,None,-546170,-10072633,0,None,None,None,11.6,11.48
7,2019-07-31,USD,None,None,None,None,None,None,None,None,None,None,None,None,None,None,None,None,None,None,None,None,None,None,None,None,None,7373820,None,USD,1152375812,None,None,None,649318301,503057511,None,None,38772,-35614089,None,None,None,63337728,289756372,None,None,None,None,70668903,1081706909,503057511,None,6889838,359561929,None,17294018,None,None,None,None,None,None,None,None,None,1081706909,None,None,None,359561929,None,None,None,None,None,None,None,None,USD,None,-24446206,None,None,78000000,63251567,-3698393,2300651,7373820,37881267,-25370300,None,None,-11050040,None,None,None,-10072633,0,None,None,None,11.72,11.6
8,2019-06-30,USD,22876008,5880421,10577530,12298480,10181999,4518816,None,None,4518816,None,5880421,None,16995587,None,5663183,0,-6813590,-5663183,None,None,None,None,-6813588,None,4518816,4518816,None,USD,1103939390,None,None,None,597205659,506733731,None,3683347,38722,-32767327,None,None,None,25364034,459679008,None,None,None,None,31785624,1072153766,506733731,None,6343668,137526651,None,41394343,None,None,None,None,None,None,None,1072153766,None,1072153766,None,549655730,None,137526651,None,None,None,539462340,None,25364030,None,39000000,USD,None,36480000,None,None,63000000,51949959,-3698393,-1409737,4518816,-8525899,-60475858,None,None,-11050041,None,None,10419544,-110484481,0,None,None,None,11.56,11.72
9,2019-03-31,USD,23005340,5898830,10248930,12756410,-155545,-5471730,None,None,-5471730,None,966080,None,11785320,None,5316180,0,-17257040,-5316180,None,None,None,None,-17262054,None,-5471725,-5471730,None,USD,1012072950,None,None,None,498808000,513264960,None,3683347,38770,-26236150,None,None,None,33742040,361447642,None,None,None,None,50611344,961461609,513264956,None,13945000,486300160,None,4932753,None,None,None,None,None,None,None,961461609,None,961461609,None,486300160,None,137360355,None,None,None,539462340,None,33742040,None,39000000,USD,None,-161625,None,None,1400000,-3520100,-3698393,3602747,-476530,-38482150,-35573790,None,None,-22100080,None,None,-13581092,23623668,0,None,None,None,12.81,11.56
10,2018-12-31,USD,23184232,2422432,6611840,23184232,20761800,4995195,None,None,4995195,None,2422432,None,20761800,None,-5305478,None,None,None,None,None,None,0,-15766605,None,4995195,4995195,None,USD,1018677458,None,None,None,488890736,529786722,None,3683347,38772,-9714386,None,None,None,35180396,9612249,None,None,None,None,39014143,979663315,529786722,None,3182120,479278487,None,161625,None,None,None,None,None,None,None,None,None,None,None,479278490,None,None,None,None,None,539462340,None,35180400,None,39000000,USD,None,-59425597,None,None,17179980,6129939,-3698393,-3791297,4995195,-37043787,-43585759,None,None,-11050041,None,None,-368312,15004252,0,None,None,None,11.57,12.81
11,2018-09-30,USD,21338330,5067256,5267000,21338330,16271074,11013293,0,0,11213293,0,5067256,None,16271074,0,-4402189,None,None,None,0,0,0,200000,-5057781,0,11013293,11013293,None,USD,1076443353,None,None,None,540601785,535841568,None,3683347,38772,-3659540,None,None,1001405000,72224183,72969585,None,None,None,None,75830060,1000613293,535841568,None,2813808,467632200,None,59587222,None,None,None,None,None,None,None,None,None,None,None,None,None,None,None,None,None,None,None,None,None,38000000,USD,None,55157210,None,None,78054210,67004169,-11050041,2504924,11013293,41046113,-25243499,None,None,-11050041,None,None,32542,-93951468,0,None,None,None,13.15,11.57
12,2018-06-30,USD,19529069,3631850,3832000,19529069,15897219,4968387,0,0,5168387,0,3631850,None,15897219,0,-3862037,None,None,None,0,0,0,200000,-10728832,0,4968387,4968387,None,USD,941881927,None,None,None,406003611,535878316,None,3683347,38772,-3622792,None,None,907858000,31178070,15220102,390783509,390783509,None,None,34729140,907152787,535878316,None,2846350,390783509,None,4430012,None,None,None,None,None,None,None,None,None,None,None,None,None,None,None,None,None,None,None,None,None,39000000,USD,None,-5396164,None,None,65500000,54449959,-11050041,-717894,4968387,-17229826,-71317478,None,None,-11050041,None,None,942979,-71114786,0,None,None,None,13.66,13.15
13,2018-03-31,USD,16500820,3423554,3624000,16500820,13077266,15589760,0,0,15789760,0,3423554,None,13077266,0,-3477374,None,None,None,0,-10869098,0,200000,2712494,0,15589760,15589760,None,USD,886702459,None,None,None,344742489,541959970,None,3683347,38772,2458862,9826176,None,834505000,48407896,21347482,323395007,323395007,13309797,None,52915267,833787192,541959970,None,3789329,323395007,None,9826176,None,None,None,None,None,None,None,None,None,None,None,None,None,None,None,None,None,None,None,None,None,39000000,USD,None,4226937,None,None,-195000,-11245041,None,1679320,15589760,-79377442,-67108077,None,-411525,-11050041,None,None,10033713,-98637807,0,None,None,None,13.09,13.66
14,2017-12-31,USD,14836000,3088824,3289000,14836360,11747536,1919000,0,0,1919000,0,3088824,None,11547000,0,13486000,None,None,None,0,10869098,0,200000,-9628754,0,1918782,1919000,None,USD,881845000,None,None,None,344425000,537420000,None,5535000,39000,-2080857,5599239,None,740237000,127785000,15529749,328894720,328894720,7119929,None,142414946,739429774,537420251,None,13823042,328897000,None,9993000,None,None,None,None,None,None,None,None,None,None,None,None,None,None,None,None,None,None,None,None,None,37000000,USD,None,-16131273,None,None,75164868,153358000,-1012044,-1094447,1919000,108874582,-44609502,None,-382250,-9827000,89031800,None,2884000,-32185878,0,None,None,None,13.72,13.09
15,2017-09-30,USD,18453000,12895515,5903000,51369073,34927349,10851000,0,0,10851000,0,15119335,None,12550000,0,2141000,None,None,None,0,112736,0,365000,-3183926,0,32700812,10851000,None,USD,747345000,None,None,None,289439000,457906000,None,4005000,32000,6425000,21730512,None,711728000,18911000,32580668,256858457,256858457,3261277,None,36846617,710498782,457906274,None,16706356,256857000,None,28577000,None,None,None,None,None,None,None,None,None,None,None,None,None,None,None,None,None,None,None,None,None,30000000,USD,None,8911000,None,None,20875800,67096000,-470000,2027793,10851000,-10000217,-76712959,None,-1741190,-34296000,80986450,None,-14225950,-107634624,0,None,None,None,14.48,13.72
16,2017-06-30,USD,15191000,4404340,4493000,14014811,14695921,9342000,0,0,9342000,0,7044379,None,10698000,0,2512000,None,None,None,0,112736,0,-105000,6963709,0,14039141,9342000,None,USD,777254000,None,None,None,320942000,456312000,None,4029000,32000,4574000,18421879,None,700192000,48952000,27278276,293663760,293663760,2564335,None,78324073,698929681,456311718,None,28110094,293663000,None,23250000,None,None,None,None,None,None,None,None,None,None,None,None,None,None,None,None,None,None,None,None,None,32000000,USD,None,3609000,None,None,-8700000,113780000,-1012044,891183,9342000,4977693,22824880,None,-461592,-25039000,89031800,None,-23471286,34386255,0,None,None,None,14.11,14.48
17,2017-03-31,USD,13221000,0,3195000,-21269078,-22652410,7283000,0,0,7283000,0,-8847705,None,10026000,0,1998000,None,None,None,0,-225472,0,15000,-6827209,0,-19263582,7283000,None,USD,781102000,None,None,None,324876000,456226000,None,3776000,32000,4489000,16745000,None,732489000,43974000,None,None,None,1407725,None,None,731482714,456226690,None,4638808,300421000,None,20679000,None,None,None,None,None,None,None,None,None,None,None,None,None,None,None,None,None,None,None,None,None,29000000,USD,None,785000,None,None,600000,131736000,None,81860,7283000,19752541,-53199588,None,-488587,-15782000,80516450,None,9807512,-74670582,0,None,None,None,13.94,14.11
18,2016-12-31,USD,12631000,0,4008000,10830543,10674634,8849000,0,0,8849000,0,3983846,None,8623000,0,1801000,None,None,None,0,112736,0,25000,2027212,0,8848909,8849000,None,USD,696607000,None,None,None,319469000,377138000,None,3585000,27000,5917000,11827362,None,657956000,24204000,None,None,None,2153298,None,None,656868887,377137666,None,14446320,299859000,None,16025000,None,None,None,None,None,None,None,None,None,None,None,None,None,None,None,None,None,None,None,None,None,27000000,USD,None,-3513900,None,None,66402000,58784000,None,52716,8849000,-4707300,-63491229,None,-425722,-7618000,80516450,None,-11965914,-56913040,0,None,None,None,14.11,13.94
