,fiscalDateEnding,reportedCurrency_x,totalRevenue,totalOperatingExpense,costOfRevenue,grossProfit,ebit,netIncome_x,researchAndDevelopment,effectOfAccountingCharges,incomeBeforeTax,minorityInterest,sellingGeneralAdministrative,otherNonOperatingIncome,operatingIncome,otherOperatingExpense,interestExpense,taxProvision,interestIncome,netInterestIncome,extraordinaryItems,nonRecurring,otherItems,incomeTaxExpense,totalOtherIncomeExpense,discontinuedOperations,netIncomeFromContinuingOperations,netIncomeApplicableToCommonShares,preferredStockAndOtherAdjustments,reportedCurrency_y,totalAssets,intangibleAssets,earningAssets,otherCurrentAssets,totalLiabilities,totalShareholderEquity,deferredLongTermLiabilities,otherCurrentLiabilities,commonStock,retainedEarnings,otherLiabilities,goodwill,otherAssets,cash,totalCurrentLiabilities,shortTermDebt,currentLongTermDebt,otherShareholderEquity,propertyPlantEquipment,totalCurrentAssets,longTermInvestments,netTangibleAssets,shortTermInvestments,netReceivables,longTermDebt,inventory,accountsPayable,totalPermanentEquity,additionalPaidInCapital,commonStockTotalEquity,preferredStockTotalEquity,retainedEarningsTotalEquity,treasuryStock,accumulatedAmortization,otherNonCurrrentAssets,deferredLongTermAssetCharges,totalNonCurrentAssets,capitalLeaseObligations,totalLongTermDebt,otherNonCurrentLiabilities,totalNonCurrentLiabilities,negativeGoodwill,warrants,preferredStockRedeemable,capitalSurplus,liabilitiesAndShareholderEquity,cashAndShortTermInvestments,accumulatedDepreciation,commonStockSharesOutstanding,reportedCurrency,investments,changeInLiabilities,cashflowFromInvestment,otherCashflowFromInvestment,netBorrowings,cashflowFromFinancing,otherCashflowFromFinancing,changeInOperatingActivities,netIncome_y,changeInCash,operatingCashflow,otherOperatingCashflow,depreciation,dividendPayout,stockSaleAndPurchase,changeInInventory,changeInAccountReceivables,changeInNetIncome,capitalExpenditures,changeInReceivables,changeInExchangeRate,changeInCashAndCashEquivalents,clossingVal,nextClossingVal
0,2020-06-30,USD,258438000,201693000,67575000,190863000,-11922000,-22595000,70602000,None,-20935000,None,131091000,-1092000,-10830000,None,9013000,1660000,None,-9013000,None,None,None,1660000,-1092000,None,-22595000,-22595000,None,USD,2337132000,159507000,None,80499000,1760764000,576368000,94069000,617206000,6000,-822426000,204547000,688461000,109877000,961356000,743524000,None,None,2000,84863000,1227296000,None,-271600000,11988000,173086000,766403000,367000,126318000,None,None,6000,None,-822426000,None,None,83318000,None,93687000,70045000,766403000,250837000,1017240000,None,None,None,1398786000,2337132000,973344000,None,57588000,USD,11955000,1906000,-2401000,-2566000,None,8032000,-7545000,-21993000,-22595000,36241000,30610000,-31660000,46798000,None,15577000,9000,-1391000,37543000,11790000,-1391000,None,36241000,111.12,
1,2020-03-31,USD,249774000,222612000,68931000,180843000,-37148000,-74237000,69895000,None,-46068000,None,152717000,4621000,-41769000,None,8920000,28169000,-8920000,-8920000,None,None,None,28169000,4621000,None,-74237000,-74237000,None,USD,2298261000,171046000,None,78858000,1740082000,558179000,90470000,623004000,6000,-799831000,201887000,687517000,108160000,921743000,741313000,None,None,5000,79591000,1196987000,None,-300384000,23927000,172082000,757965000,377000,118309000,None,None,6000,None,-799831000,None,None,73067000,None,90053000,57083000,757965000,240804000,998769000,None,None,None,1357999000,2298261000,945670000,None,57260000,USD,19356000,8703000,6997000,154000,None,-24634000,-27600000,-14335000,-74237000,74537000,92174000,-33124000,46448000,None,2966000,872000,93453000,50059000,12359000,93453000,None,74537000,102.59,111.12
2,2019-12-31,USD,243429000,202976000,63262000,180167000,-17019000,-28734000,61969000,None,-28093000,None,141007000,5790000,-22809000,None,11074000,641000,-8828000,-8828000,None,None,None,641000,3544000,None,-28734000,-28734000,None,USD,2337511000,186023000,None,72054000,1745014000,592497000,90886000,636076000,6000,-725594000,187361000,687517000,108623000,847555000,771810000,None,None,1000,73512000,1229984000,None,-281043000,43385000,265741000,749620000,1249000,135734000,None,None,6000,None,-725594000,None,None,70170000,None,90305000,56425000,749620000,223584000,973204000,None,None,None,1318084000,2337511000,890940000,None,56784000,USD,-11983000,4199000,-235972000,-212652000,None,-11843000,-24416000,-34397000,-28734000,-171414000,76401000,69325000,44109000,None,12573000,-823000,-56030000,44355000,11337000,-56030000,None,-171414000,114.78,102.59
3,2019-09-30,USD,227385000,191950000,59881000,167504000,-22266000,-44340000,60060000,None,-25964000,None,131890000,2180000,-24446000,None,3698000,18376000,-3698000,-3698000,None,None,None,18376000,2180000,None,-44340000,-44340000,None,USD,2208026000,124689000,None,63604000,1613297000,594729000,79837000,562958000,6000,-696860000,150745000,543143000,95882000,1020183000,684350000,None,None,3000,70285000,1320308000,None,-73103000,31327000,204769000,741367000,425000,121392000,None,None,6000,None,-696860000,None,None,70113000,None,79488000,57364000,741367000,187580000,928947000,None,None,None,1291580000,2208026000,1051510000,None,56204000,USD,1585000,38960000,-8421000,154000,901293000,810895000,-91225000,13660000,-44340000,871072000,68598000,27252000,36438000,None,827000,-69000,-34069000,44426000,10006000,-34069000,None,871072000,129.05,114.78
4,2019-06-30,USD,214439000,185903000,57828000,156611000,-29701000,-28913000,55185000,None,-28633000,None,130718000,-409000,-29292000,None,-1068000,280000,1068000,1068000,None,None,None,280000,-409000,None,-28913000,-28913000,None,USD,1309864000,136207000,None,63410000,784576000,525288000,74775000,537558000,6000,-652520000,122654000,543143000,90201000,149697000,627461000,22510000,22510000,2000,70688000,417469000,None,-154062000,33008000,170998000,34461000,356000,89903000,None,None,6000,None,-652520000,None,None,67878000,None,74479000,56971000,None,157115000,157115000,None,None,None,1177800000,1309864000,182705000,None,56043000,USD,7381000,3315000,-105495000,-104503000,901293000,3204000,-10382000,-22585000,-28913000,-58881000,43410000,-801000,31977000,None,13586000,255000,-7756000,45333000,8373000,-7756000,None,-58881000,120.25,129.05
5,2019-03-31,USD,202937000,176078000,55243000,147694000,-28836000,-28278000,53249000,None,-27658000,None,122829000,-452000,-28384000,None,-1178000,620000,1178000,1178000,None,None,None,620000,-452000,None,-28278000,-28278000,None,USD,1269238000,126346000,None,61513000,762127000,507111000,71338000,522875000,6000,-623607000,118487000,457274000,80367000,216586000,608629000,23851000,23851000,1000,68361000,482255000,None,-76509000,40405000,163139000,35011000,612000,85754000,None,None,6000,None,-623607000,None,None,63964000,None,71038000,58862000,None,153498000,153498000,None,None,None,1130711000,1269238000,256991000,None,55607000,USD,5900000,-16852000,423000,5900000,901293000,-23518000,-24623000,-38166000,-28278000,31004000,54099000,-7882000,29931000,None,1105000,-131000,35616000,41695000,5477000,35616000,None,31004000,121.43,120.25
6,2018-12-31,USD,198479000,166523000,52995000,145484000,-21426000,-21235000,48215000,0,-20489000,0,118308000,-387000,-21039000,0,-937000,None,None,None,0,0,0,746000,1269000,0,-21235000,-21235000,None,USD,1233018000,136645000,None,56063000,720484000,512534000,3757000,493571000,6000,-595418000,115957000,460425000,77884000,185392000,604527000,None,None,-7000,70627000,487437000,None,-84536000,46307000,199194000,None,481000,110956000,None,None,6000,None,-595418000,None,None,7895000,None,69989000,None,None,112200000,115957000,None,None,None,1107953000,1233018000,231699000,None,55149000,USD,-16388000,-70353000,-22802000,3321000,-8000,-7066000,-18739000,-17014000,-21235000,25186000,55054000,131872000,30193000,None,11681000,-110000,-55389000,40076000,6414000,-55389000,None,25186000,83.81,121.43
7,2018-09-30,USD,184179000,159800000,50937000,133242000,-26983000,-36060000,45917000,0,-36080000,0,113883000,-425000,-26558000,0,9097000,None,None,None,0,0,0,-20000,-9522000,0,-36060000,-36060000,None,USD,1137714000,147237000,None,53903000,633866000,503848000,85205000,444850000,5000,-574183000,92446000,460596000,67839000,160561000,541390000,31000,None,-2000,73518000,388524000,None,-103985000,29829000,143859000,30000,372000,96509000,0,0,5000,0,-574183000,0,None,7380000,None,60459000,None,30000,7241000,92476000,None,None,None,1078028000,1137714000,190390000,None,54483000,USD,-9958000,47523000,-13689000,2766000,-155000,-4585000,-7327000,-4672000,-36060000,46430000,64704000,-19649000,31080000,0,2897000,29000,-3476000,45257000,6497000,-3476000,None,46430000,106.33,83.81
8,2018-06-30,USD,171875000,151467000,50772000,121103000,-30997000,-34298000,47527000,0,-34184000,0,103940000,-633000,-30364000,0,3187000,None,None,None,0,0,0,114000,-3820000,0,-34298000,-34298000,None,USD,1083902000,158355000,None,53787000,786865000,297037000,69097000,426889000,5000,-538123000,76259000,460592000,60126000,114225000,506557000,35000,204084000,-1000,75941000,328888000,None,-321910000,19832000,140644000,204011000,400000,79633000,0,0,5000,0,-538123000,0,None,6414000,None,53712000,None,38000,7162000,76297000,None,None,None,835156000,1083902000,134057000,None,51189000,USD,-4001000,31646000,-12073000,2766000,-4000,-4278000,-14597000,-4139000,-34298000,13713000,30064000,-11392000,30788000,0,10323000,203000,-21589000,34706000,8072000,-21589000,None,13713000,115.31,106.33
9,2018-03-31,USD,162461000,139154000,47057000,115404000,-23407000,-12156000,43732000,0,-26228000,0,95422000,343000,-23750000,-8206000,2821000,None,None,None,0,0,0,-14072000,-3599000,0,-12156000,-12156000,None,USD,1057664000,169596000,None,50830000,753970000,303694000,65561000,405284000,5000,-503825000,76715000,460592000,691968000,101411000,476298000,31000,200988000,-2000,78024000,287672000,None,-326494000,15789000,119039000,200911000,603000,70983000,0,0,5000,0,-503825000,0,None,61780000,None,769992000,None,46000,11154000,76761000,None,None,None,807516000,1057664000,117200000,None,50738000,USD,29670000,16764000,-202100000,-223231000,-12000,-17932000,-20598000,-23087000,-12156000,-185110000,34922000,-11336000,26951000,0,2678000,127000,-1436000,16008000,8539000,-1436000,None,-185110000,113.65,115.31
10,2017-12-31,USD,145398000,121059000,40498000,104900000,-16269000,-10959000,35414000,0,-24319000,0,85645000,-110000,-16159000,-6103000,8050000,None,None,None,0,0,0,-13360000,-23290000,0,-10959000,-10959000,None,USD,974813000,95602000,None,47354000,741689000,233124000,73975000,382501000,5000,-554444000,84511000,297704000,412189000,286072000,458732000,34000,197947000,-9000,73617000,489007000,None,-160182000,45526000,109325000,197858000,730000,76197000,0,0,5000,0,-554444000,0,None,18883000,None,485806000,None,55000,11069000,85099000,None,None,None,787572000,974813000,331598000,None,50325000,USD,5815000,12295000,-190427000,6066000,-48000,-23212000,-6066000,-33240000,-84337000,-58877000,153686000,None,42098000,0,25725000,-132000,-33538000,82322000,46958000,None,None,None,88.81,113.65
11,2017-09-30,USD,134312000,114383000,36011000,98301000,-15253000,-21963000,32477000,0,-20986000,0,81906000,829000,-16082000,-4080000,5733000,None,None,None,0,0,0,977000,0,0,-21963000,-21963000,None,USD,886132000,49306000,None,37492000,853167000,32965000,70931000,325581000,4000,-543485000,82146000,167270000,230516000,416006000,389809000,34000,381246000,None,66563000,589053000,None,-183611000,43620000,91478000,381149000,457000,64194000,0,0,4000,0,-543485000,0,None,13940000,None,297079000,None,63000,11215000,82209000,None,None,None,576446000,886132000,459626000,None,44736000,USD,-7014000,13630000,-21933000,5116000,-9000,-19452000,-496000,9820000,-73378000,23360000,111170000,None,0,0,0,141000,18575000,24723000,34756000,None,None,None,87.22,88.81
12,2017-06-30,USD,122329000,107108000,34493000,87836000,-19088000,-25935000,32306000,0,-24936000,0,74802000,184000,-19272000,-4153000,5848000,None,None,None,0,0,0,999000,0,0,-25935000,-25935000,None,USD,840706000,53386000,None,34415000,806940000,33766000,66089000,297906000,4000,-521522000,76966000,167270000,236029000,392886000,352477000,31000,377528000,-3000,64712000,539965000,None,-186890000,36599000,75568000,377422000,497000,54540000,0,0,4000,0,-521522000,0,None,15373000,None,300741000,None,75000,10877000,77041000,None,None,None,555287000,840706000,429485000,None,44337000,USD,-5546000,2640000,-3526000,4620000,-8000,-16540000,-12666000,1551000,-51415000,11024000,66955000,None,0,0,0,101000,2725000,24309000,22867000,None,None,None,86.83,87.22
13,2017-03-31,USD,113250000,98825000,32376000,80874000,-18080000,-25480000,29606000,0,-24046000,0,69219000,-129000,-17951000,-4170000,5966000,None,None,None,0,0,0,1434000,0,0,-25480000,-25480000,None,USD,807958000,57538000,None,33634000,771230000,36728000,61930000,277553000,4000,-495587000,72482000,167270000,240128000,381862000,326724000,32000,32000,-3000,58404000,509426000,None,-188080000,31015000,62443000,371941000,472000,49139000,0,0,4000,0,-495587000,0,None,15320000,None,298532000,None,83000,10552000,72565000,None,None,None,532314000,807958000,412877000,None,43623000,USD,20267000,23255000,10582000,2566000,-8000,-14759000,-17076000,-3705000,-25480000,36436000,40469000,None,0,0,0,126000,10450000,21072000,12251000,None,None,None,74.36,86.83
14,2016-12-31,USD,106805000,93100000,29831000,76974000,-16701000,-22884000,27772000,0,-22710000,0,65328000,-575000,-16126000,-3980000,6009000,None,None,None,0,0,0,174000,-23972000,0,-22884000,-22884000,None,USD,801660000,61708000,None,40495000,756737000,44923000,55485000,259518000,4000,-469108000,60598000,167270000,238342000,345426000,325612000,32000,366664000,-7000,52523000,510795000,None,-184055000,51325000,72951000,366541000,598000,66062000,0,0,4000,0,-469108000,0,None,9364000,None,290865000,None,91000,9008000,64584000,None,None,None,514034000,801660000,396751000,None,43015000,USD,8719000,10669000,-89192000,-9385000,-32000,-5238000,-1397000,-32090000,-111208000,-740000,94235000,None,31552000,0,0,-113000,-18737000,79316000,34407000,None,None,None,70.65,74.36
15,2016-09-30,USD,99784000,84353000,27280000,72504000,-12077000,-18367000,24493000,0,-17997000,0,59860000,-228000,-11849000,-3667000,5920000,None,None,None,0,0,0,370000,0,0,-18367000,-18367000,None,USD,758834000,43089000,None,36174000,708732000,50102000,43305000,239661000,4000,-446224000,49023000,140282000,193001000,374182000,298396000,33000,33000,-10000,47715000,518118000,None,-133269000,38165000,69167000,361215000,430000,58702000,0,0,4000,0,-446224000,0,None,9630000,None,240716000,None,98000,5718000,49121000,None,None,None,496332000,758834000,412347000,None,42389000,USD,6671000,5839000,-21694000,0,-8000,-3290000,-4443000,-1815000,-88324000,6922000,52997000,None,0,0,0,55000,14834000,20169000,25527000,None,None,None,74.85,70.65
16,2016-06-30,USD,89904000,95251000,26658000,63246000,-32307000,-38301000,23588000,0,-38116000,0,71663000,-302000,-32005000,-3369000,5809000,None,None,None,0,0,0,185000,0,0,-38301000,-38301000,None,USD,716187000,34556000,None,26444000,665214000,50973000,40578000,216310000,4000,-427857000,45000000,133769000,176139000,367260000,264141000,33000,33000,-2000,43426000,496622000,None,-117352000,44860000,57756000,355967000,302000,47798000,0,0,4000,0,-427857000,0,None,7814000,None,219565000,None,106000,4422000,45106000,None,None,None,478828000,716187000,412120000,None,41947000,USD,-12501000,5204000,-1036000,0,-8000,-3650000,-5874000,-831000,-69957000,-10181000,25711000,None,0,0,0,183000,3279000,19063000,16194000,None,None,None,63.09,74.85
17,2016-03-31,USD,79003000,79780000,24824000,54179000,-25599000,-31656000,22653000,0,-31399000,0,57127000,2000,-25601000,-3405000,5800000,None,None,None,0,0,0,257000,0,0,-31656000,-31656000,None,USD,709050000,37925000,None,25804000,638986000,70064000,41911000,203655000,4000,-389556000,43099000,133769000,179492000,377441000,244976000,32000,None,-2000,37973000,491585000,None,-101630000,32344000,55414000,350796000,582000,41289000,0,0,4000,0,-389556000,0,None,7798000,None,217465000,None,115000,1188000,43214000,None,None,None,459618000,709050000,409785000,None,41413000,USD,None,None,19821000,0,None,-6231000,None,None,-31656000,None,17418000,None,0,0,0,96000,879000,None,7838000,None,None,None,53.78,63.09
18,2015-12-31,USD,74939000,76076000,23892000,51047000,-25321000,-31375000,20092000,0,-31233000,0,55984000,-292000,-25029000,-3422000,5912000,None,None,None,0,0,0,142000,-19927000,0,-31375000,-31375000,None,USD,682814000,41330000,None,7923000,622431000,60383000,43564000,182691000,4000,-380702000,44341000,133769000,179146000,346205000,231857000,32000,345854000,-23000,34501000,469167000,None,-114716000,60032000,54522000,345699000,485000,49134000,0,0,4000,0,-380702000,0,None,3733000,314000,213647000,None,123000,1188000,44875000,None,None,None,441104000,682814000,406237000,None,40840000,USD,-25481000,6908000,-102789000,-9385000,223084000,223188000,-371000,-27424000,-98712000,165940000,45541000,None,24900000,0,0,14000,-13042000,62525000,25827000,None,None,None,65.01,53.78
19,2015-09-30,USD,69149000,70031000,21054000,48095000,-22311000,-28433000,20000000,0,-28214000,0,50031000,-375000,-21936000,-3210000,5903000,None,None,None,0,0,0,219000,0,0,-28433000,-28433000,None,USD,667312000,38052000,None,11379000,591026000,76286000,40763000,161358000,4000,-349327000,45894000,127701000,169973000,368171000,204331000,28000,None,-7000,30355000,466984000,None,-89467000,48199000,38397000,340677000,838000,42945000,0,0,4000,0,-349327000,0,None,3912000,308000,200328000,None,124000,5131000,46018000,None,None,None,425616000,667312000,416370000,None,40322000,USD,None,2761000,-71800000,0,None,222145000,None,None,-75079000,None,37489000,None,0,0,0,339000,3893000,None,18127000,None,None,None,60.32,65.01
