,fiscalDateEnding,reportedCurrency_x,totalRevenue,totalOperatingExpense,costOfRevenue,grossProfit,ebit,netIncome_x,researchAndDevelopment,effectOfAccountingCharges,incomeBeforeTax,minorityInterest,sellingGeneralAdministrative,otherNonOperatingIncome,operatingIncome,otherOperatingExpense,interestExpense,taxProvision,interestIncome,netInterestIncome,extraordinaryItems,nonRecurring,otherItems,incomeTaxExpense,totalOtherIncomeExpense,discontinuedOperations,netIncomeFromContinuingOperations,netIncomeApplicableToCommonShares,preferredStockAndOtherAdjustments,reportedCurrency_y,totalAssets,intangibleAssets,earningAssets,otherCurrentAssets,totalLiabilities,totalShareholderEquity,deferredLongTermLiabilities,otherCurrentLiabilities,commonStock,retainedEarnings,otherLiabilities,goodwill,otherAssets,cash,totalCurrentLiabilities,shortTermDebt,currentLongTermDebt,otherShareholderEquity,propertyPlantEquipment,totalCurrentAssets,longTermInvestments,netTangibleAssets,shortTermInvestments,netReceivables,longTermDebt,inventory,accountsPayable,totalPermanentEquity,additionalPaidInCapital,commonStockTotalEquity,preferredStockTotalEquity,retainedEarningsTotalEquity,treasuryStock,accumulatedAmortization,otherNonCurrrentAssets,deferredLongTermAssetCharges,totalNonCurrentAssets,capitalLeaseObligations,totalLongTermDebt,otherNonCurrentLiabilities,totalNonCurrentLiabilities,negativeGoodwill,warrants,preferredStockRedeemable,capitalSurplus,liabilitiesAndShareholderEquity,cashAndShortTermInvestments,accumulatedDepreciation,commonStockSharesOutstanding,reportedCurrency,investments,changeInLiabilities,cashflowFromInvestment,otherCashflowFromInvestment,netBorrowings,cashflowFromFinancing,otherCashflowFromFinancing,changeInOperatingActivities,netIncome_y,changeInCash,operatingCashflow,otherOperatingCashflow,depreciation,dividendPayout,stockSaleAndPurchase,changeInInventory,changeInAccountReceivables,changeInNetIncome,capitalExpenditures,changeInReceivables,changeInExchangeRate,changeInCashAndCashEquivalents,clossingVal,nextClossingVal
0,2020-06-30,USD,3845000,1702000,279000,3566000,1864000,1864000,None,None,1864000,None,1614000,None,1864000,88000,None,None,None,None,None,None,None,None,None,None,1864000,1864000,None,USD,173669000,122065000,None,None,1355000,172314000,None,None,19000,-163957000,1267000,None,13762000,11284000,88000,None,None,None,39386000,11284000,None,50249000,None,None,None,3359000,88000,None,None,19000,None,-163957000,-89000,None,934000,None,162385000,0,None,1267000,1267000,None,None,None,336341000,173669000,11284000,None,19027000,USD,0,0,None,None,None,-2862000,None,None,1864000,-339000,2523000,2523000,None,None,-2862000,None,None,571000,0,None,None,-339000,8.43,
1,2020-03-31,USD,229000,2027000,13000,216000,-1811000,-1811000,None,None,-1811000,None,1925000,None,-1811000,102000,None,None,None,None,None,None,None,None,None,None,-1811000,-1811000,None,USD,174537000,122337000,None,None,1247000,173290000,None,None,19000,-165821000,1078000,None,13937000,11623000,93000,None,None,None,39392000,11623000,None,50953000,None,None,None,3359000,93000,None,None,19000,None,-165821000,-352000,None,1185000,None,162914000,76000,None,1154000,1154000,None,None,None,339444000,174537000,11623000,None,19385000,USD,-42000,0,-42000,24000,None,-3629000,None,None,-1811000,-6546000,-2875000,-2875000,None,None,-3629000,None,None,-1166000,66000,None,None,-6546000,7.78,8.43
2,2019-12-31,USD,10360000,2278000,3501000,6859000,4581000,4581000,None,None,4581000,None,2176000,None,4581000,102000,None,0,None,None,None,None,None,None,-834000,None,4581000,4581000,None,USD,181089000,122343000,None,None,2834000,178255000,None,None,20000,-164010000,2359000,None,13841000,18169000,309000,None,None,None,39398000,18169000,None,55912000,None,None,None,3359000,309000,None,None,20000,None,-164010000,-2989000,None,1179000,None,162920000,166000,None,2525000,2525000,None,None,None,345234000,181089000,18169000,None,19784000,USD,0,-477000,-42000,None,None,-1899000,-5000,4407000,11526000,6622000,8521000,-2722000,58000,None,-1899000,None,None,99000,12000,37000,None,6622000,11.12,7.78
3,2019-09-30,USD,4255000,2170000,706000,3549000,1379000,1379000,None,None,1379000,None,2067000,None,1379000,103000,None,0,None,None,None,None,None,None,None,None,1379000,1379000,None,USD,177808000,122816000,None,None,2256000,175552000,None,None,20000,-168591000,1705000,None,13589000,11547000,295000,None,None,None,42428000,11547000,None,52736000,None,None,None,3359000,295000,None,None,20000,None,-168591000,-70000,None,1017000,None,166261000,256000,None,1961000,1961000,None,None,None,344193000,177808000,11547000,None,19961000,USD,0,0,-42000,None,None,-1034000,-5000,4407000,1379000,1863000,2897000,2897000,103000,None,-1034000,None,None,1415000,12000,None,None,1863000,10.09,11.12
4,2019-06-30,USD,2663000,2075000,1706000,957000,-1118000,-1118000,None,None,-1118000,None,1971000,None,-1118000,104000,None,0,None,None,None,None,None,None,None,None,-1118000,-1118000,None,USD,177101000,123517000,None,None,1916000,175185000,None,None,20000,-169970000,1491000,None,13948000,9684000,80000,None,None,None,42598000,9684000,None,51668000,None,None,None,3522000,80000,None,None,20000,None,-169970000,-55000,None,1302000,None,167417000,345000,None,1836000,1836000,None,None,None,345190000,177101000,9684000,None,20062000,USD,-12000,0,-12000,None,None,-2709000,-5000,4407000,-1118000,-7492000,-4771000,4195000,103000,None,-2709000,None,None,-3756000,12000,None,None,-7492000,11.62,10.09
5,2019-03-31,USD,12120000,2854000,2582000,9538000,6684000,6684000,None,None,6684000,None,2749000,None,6684000,105000,None,0,None,None,None,None,None,None,12120000,None,6684000,6684000,None,USD,182546000,121027000,None,None,3556000,178990000,None,None,20000,-168852000,2818000,None,14295000,17176000,305000,267000,267000,None,42606000,17176000,None,57963000,None,None,166000,3522000,305000,None,None,20000,None,-168852000,-122000,None,1737000,None,165370000,433000,None,3251000,3251000,None,None,None,347944000,182546000,17176000,None,20306000,USD,0,0,-12000,None,None,-4340000,None,4407000,6684000,4626000,8966000,None,105000,None,-4340000,None,None,2177000,12000,None,None,4626000,9.9,11.62
6,2018-12-31,USD,2789000,2119000,788000,2001000,-99000,-99000,0,0,-99000,0,2101000,19000,-118000,18000,0,None,None,None,0,0,0,-19000,-1304000,0,-99000,-99000,None,USD,180211000,121917000,None,None,3587000,176624000,None,None,21000,-175536000,3448000,None,16122000,12550000,139000,None,None,None,44298000,12550000,None,54707000,None,None,None,5207000,139000,None,None,21000,None,-175536000,-1111000,None,1446000,None,167661000,None,None,3448000,3448000,None,None,None,353250000,180211000,12550000,None,20726000,USD,None,816000,-12000,80000,None,-7823000,-55000,4094000,-3329000,-8279000,-456000,2775000,76000,None,-7823000,None,None,-1859000,12000,1065000,None,-8279000,9.14,9.9
7,2018-09-30,USD,-694000,3877000,98000,-792000,-4669000,-4669000,0,0,-4669000,0,3859000,None,-4669000,18000,0,None,None,None,0,0,0,-72000,-1312000,-43000,-4669000,-4669000,None,USD,189112000,122798000,None,None,4610000,184502000,0,None,22000,-175436000,4392000,0,15856000,20829000,218000,None,None,None,44304000,20829000,None,61704000,0,None,0,0,218000,184502000,362651000,22000,0,-175436000,-2735000,None,1181000,None,168283000,None,None,4392000,4392000,None,None,None,362651000,189112000,20829000,None,21461000,USD,-103000,0,-103000,0,None,-6908000,None,4094000,-4669000,-9777000,-2766000,-2766000,18000,0,-6908000,0,0,1885000,12000,None,None,-9777000,12.55,9.14
8,2018-06-30,USD,10612000,2140000,4141000,6471000,4259000,4302000,0,0,4259000,0,2122000,-72000,4331000,18000,0,None,None,None,0,0,0,72000,0,43000,4259000,4302000,None,USD,203095000,122790000,None,None,7121000,195974000,4196000,None,22000,-170767000,2555000,0,16998000,30606000,370000,None,None,None,44311000,30606000,3066000,73184000,0,None,0,0,370000,195974000,366744000,22000,0,-170767000,-25000,None,2322000,None,172489000,None,None,2555000,6751000,None,None,None,366744000,203095000,30606000,None,22020000,USD,183000,0,182000,0,None,-7960000,None,4094000,4302000,752000,8530000,8843000,18000,0,-7960000,0,0,-313000,1000,None,None,752000,11.65,12.55
9,2018-03-31,USD,344000,2988000,219000,125000,-2863000,-2863000,0,0,-2863000,0,2966000,None,-2863000,22000,0,None,None,None,0,0,0,0,0,43000,-2863000,-2863000,None,USD,206897000,126746000,None,None,7441000,199456000,4149000,None,23000,-175069000,2409000,0,17424000,29854000,883000,None,None,None,44496000,29854000,3225000,72710000,0,None,0,0,883000,199456000,375736000,23000,0,-175069000,-1234000,None,2576000,None,177043000,None,None,2409000,6558000,None,None,None,375736000,206897000,29854000,None,22711000,USD,-103000,0,-17000,0,None,-4985000,None,4094000,-2863000,-7274000,-2272000,-2272000,22000,0,-4985000,0,0,569000,17000,None,None,-7274000,11.45,11.65
10,2017-12-31,USD,1244000,8432000,646000,598000,-10916000,-1115000,0,0,-5146000,-1000,8213000,-3082000,-7834000,219000,0,None,None,None,0,0,0,-3419000,8887000,612000,-2878000,-1115000,None,USD,214402000,126785000,None,None,7239000,207163000,4112000,None,23000,-172767000,6543000,0,132395000,37128000,696000,None,None,544000,44675000,37128000,3214000,80378000,204000,None,0,0,696000,207163000,379388000,23000,0,-172767000,-25000,None,2600000,None,177274000,None,None,2431000,6543000,None,None,None,379388000,214402000,37128000,None,23152000,USD,129346000,-10989000,129534000,188000,None,-115967000,-11638000,7178000,1614000,12128000,-1439000,3243000,303000,-115860000,-107000,0,1619000,2771000,5000,1619000,None,12128000,12.8,11.45
11,2017-09-30,USD,205000,2967000,55000,150000,-2817000,-4639000,0,0,-2817000,-1645000,2943000,None,-2817000,24000,0,None,None,None,0,0,0,-1353000,0,-3175000,-3109000,-4639000,None,USD,331936000,126907000,None,None,7976000,323960000,4066000,None,23000,-171652000,6332000,0,191510000,25000000,1644000,None,None,407000,45166000,25000000,132571000,197053000,70260000,None,0,0,1644000,323960000,495207000,23000,0,-171652000,-25000,None,2292000,None,306936000,None,None,2266000,6332000,None,None,None,495207000,331936000,25000000,None,23147000,USD,-68681000,0,-27494000,41187000,None,-8415000,-8406000,7178000,1579000,-42231000,-6322000,-1990000,0,0,-9000,0,0,-4332000,5000,None,None,-42231000,16.7,12.8
12,2017-06-30,USD,8634000,-2868000,-17000,8651000,11519000,1575000,0,0,5749000,1405000,-2832000,None,11519000,-36000,0,None,None,None,0,0,0,4351000,0,177000,2803000,1575000,None,USD,648552000,126753000,None,432894000,217029000,328603000,4050000,210352000,23000,-167012000,216524000,0,566394000,36721000,505000,None,None,787000,45162000,36721000,4665000,201850000,275000,None,0,0,505000,431523000,494830000,23000,0,-167012000,-25000,None,435251000,None,611831000,None,None,212474000,216524000,None,None,None,494830000,648552000,36721000,None,23138000,USD,4731000,0,4888000,118000,None,-3418000,-2478000,None,1576000,-19866000,-21336000,-20071000,0,0,-940000,0,0,-1265000,39000,None,None,-19866000,17.5,16.7
13,2017-03-31,USD,26193000,4188000,12532000,13661000,9473000,4643000,0,0,9473000,1391000,4090000,None,9473000,98000,0,None,None,None,0,0,0,1571000,0,-3259000,9293000,4643000,None,USD,688283000,126759000,None,None,254966000,331906000,27240000,None,23000,-168588000,253903000,0,590094000,52827000,1063000,None,None,6087000,45170000,52827000,24166000,205147000,192000,None,0,0,1063000,433317000,495311000,23000,0,-168588000,-927000,None,439361000,None,635456000,None,None,226663000,253903000,None,None,None,495311000,688283000,52827000,None,23081000,USD,2047000,None,8153000,6150000,None,-1060000,-754000,None,4643000,26117000,19024000,23155000,0,0,-306000,0,0,-4131000,44000,None,None,26117000,14.0,17.5
14,2016-12-31,USD,113124000,32711000,88581000,24543000,-1817000,-8766000,0,0,-1817000,7159000,32409000,6351000,-8168000,302000,12500000,None,None,None,0,2371000,0,7531000,-3099000,582000,-11025000,-8766000,None,USD,675794000,126897000,None,440689000,248225000,327994000,27322000,207566000,23000,-173231000,52191000,0,184171000,60542000,35040000,None,None,6661000,430898000,60542000,26383000,201097000,183000,1000000,160994000,0,35040000,427569000,495468000,23000,0,-173231000,-927000,None,31074000,None,615252000,None,160994000,24869000,213185000,None,None,None,495468000,675794000,60542000,None,23070000,USD,70000,16452000,8336000,8335000,2549000,2299000,-1250000,2873000,-13029000,22589000,11954000,8957000,1496000,0,1000000,0,0,1910000,69000,-3832000,None,22589000,15.15,14.0
15,2016-09-30,USD,96708000,19978000,78977000,17731000,-2247000,-2900000,0,0,-2247000,1042000,15061000,None,-2247000,302000,0,None,None,None,0,4615000,0,637000,0,-16000,-1841000,-2900000,None,USD,660521000,126919000,None,None,235178000,334876000,26744000,None,23000,-164466000,40840000,0,183167000,37953000,36553000,None,None,6502000,439401000,37953000,28352000,207957000,0,None,157785000,0,36553000,425343000,493744000,23000,0,-164466000,-927000,None,27896000,None,622568000,None,157785000,14096000,198625000,None,None,None,493744000,660521000,37953000,None,23000000,USD,-142000,None,-244000,17000,-5141000,-5982000,None,None,-13100000,-7147000,-921000,-897000,0,0,-841000,0,0,-24000,119000,None,None,-7147000,11.79,15.15
16,2016-06-30,USD,83709000,19888000,66614000,17095000,-2793000,-3398000,0,0,-2793000,675000,17113000,None,-2793000,378000,0,None,None,None,0,2397000,0,551000,0,-54000,-2669000,-3398000,None,USD,662340000,127204000,None,None,236269000,336000000,26543000,None,23000,-161565000,41146000,4200000,179853000,45087000,32438000,None,None,5517000,437382000,45087000,27294000,208796000,18000,None,162685000,0,32438000,426071000,493438000,23000,0,-161565000,-1413000,None,25373000,None,617253000,None,162685000,14603000,203831000,None,None,None,493438000,662340000,45087000,None,23047000,USD,None,None,592000,661000,3851000,3691000,None,None,-10199000,5033000,750000,847000,0,0,-160000,0,0,-97000,69000,None,None,5033000,9.46,11.79
17,2016-03-31,USD,69037000,17266000,56566000,12471000,-4795000,-6801000,0,0,-4795000,-41000,16752000,None,-4795000,514000,0,None,None,None,0,0,0,117000,0,-1889000,-4953000,-6801000,None,USD,654034000,127228000,None,None,226362000,340090000,25683000,None,23000,-158167000,38144000,4200000,179425000,39952000,29634000,None,None,5010000,434619000,39952000,26424000,212862000,38000,None,158584000,0,29634000,0,0,23000,0,-158167000,-1413000,None,25811000,None,614082000,None,158584000,12461000,196728000,None,None,None,494637000,654034000,39952000,None,23038000,USD,-353000,None,-1067000,-653000,2352000,2307000,None,None,-6801000,-16895000,-18135000,-17748000,0,0,-45000,0,0,-387000,61000,None,None,-16895000,10.23,9.46
18,2015-12-31,USD,68814000,13851000,42255000,26559000,15670000,-1171000,0,0,13686000,3353000,14017000,2962000,12708000,517000,11600000,None,None,None,0,-683000,0,6301000,-21731000,-11979000,9715000,-1171000,None,USD,663609000,126533000,None,8793000,229605000,346412000,25493000,608000,23000,-151366000,37657000,4200000,182875000,56462000,34458000,155966000,155966000,4961000,424235000,56462000,26072000,219879000,37000,None,157490000,0,34458000,0,0,23000,0,-151366000,-1413000,None,30307000,None,607147000,None,157490000,12164000,195147000,None,None,None,494207000,663609000,56462000,None,23038000,USD,349000,11311000,1799000,2559000,-12788000,-12925000,-27000,1240000,-80879000,15473000,26599000,19802000,2212000,0,-126000,0,227000,73926000,1109000,227000,None,15473000,10.32,10.23
19,2015-09-30,USD,78091000,16366000,60626000,17465000,-843000,-14092000,0,0,1099000,1654000,14986000,-1942000,1099000,653000,1439000,None,None,None,0,727000,0,1676000,0,-11573000,-865000,-14092000,None,USD,675826000,126835000,None,None,244464000,347172000,25461000,None,23000,-150195000,38323000,0,183616000,40154000,35991000,None,None,4927000,4715000,40154000,26431000,220337000,161000,None,170150000,0,35991000,0,0,23000,0,-150195000,-1413000,None,30511000,None,188492000,None,170150000,12862000,208473000,None,None,None,493830000,675826000,40154000,None,23017000,USD,1270000,None,104794000,100177000,-71344000,-71709000,None,None,-80687000,-2713000,-33379000,-23489000,0,-16000,-349000,0,0,-9890000,402000,None,None,-2713000,9.68,10.32
