,fiscalDateEnding,reportedCurrency_x,totalRevenue,totalOperatingExpense,costOfRevenue,grossProfit,ebit,netIncome_x,researchAndDevelopment,effectOfAccountingCharges,incomeBeforeTax,minorityInterest,sellingGeneralAdministrative,otherNonOperatingIncome,operatingIncome,otherOperatingExpense,interestExpense,taxProvision,interestIncome,netInterestIncome,extraordinaryItems,nonRecurring,otherItems,incomeTaxExpense,totalOtherIncomeExpense,discontinuedOperations,netIncomeFromContinuingOperations,netIncomeApplicableToCommonShares,preferredStockAndOtherAdjustments,reportedCurrency_y,totalAssets,intangibleAssets,earningAssets,otherCurrentAssets,totalLiabilities,totalShareholderEquity,deferredLongTermLiabilities,otherCurrentLiabilities,commonStock,retainedEarnings,otherLiabilities,goodwill,otherAssets,cash,totalCurrentLiabilities,shortTermDebt,currentLongTermDebt,otherShareholderEquity,propertyPlantEquipment,totalCurrentAssets,longTermInvestments,netTangibleAssets,shortTermInvestments,netReceivables,longTermDebt,inventory,accountsPayable,totalPermanentEquity,additionalPaidInCapital,commonStockTotalEquity,preferredStockTotalEquity,retainedEarningsTotalEquity,treasuryStock,accumulatedAmortization,otherNonCurrrentAssets,deferredLongTermAssetCharges,totalNonCurrentAssets,capitalLeaseObligations,totalLongTermDebt,otherNonCurrentLiabilities,totalNonCurrentLiabilities,negativeGoodwill,warrants,preferredStockRedeemable,capitalSurplus,liabilitiesAndShareholderEquity,cashAndShortTermInvestments,accumulatedDepreciation,commonStockSharesOutstanding,reportedCurrency,investments,changeInLiabilities,cashflowFromInvestment,otherCashflowFromInvestment,netBorrowings,cashflowFromFinancing,otherCashflowFromFinancing,changeInOperatingActivities,netIncome_y,changeInCash,operatingCashflow,otherOperatingCashflow,depreciation,dividendPayout,stockSaleAndPurchase,changeInInventory,changeInAccountReceivables,changeInNetIncome,capitalExpenditures,changeInReceivables,changeInExchangeRate,changeInCashAndCashEquivalents,clossingVal,nextClossingVal
0,2020-06-30,USD,-546000,1505000,None,None,None,-2571000,None,None,-2051000,None,1505000,None,None,None,None,520000,159000,None,None,None,None,520000,25000,None,-2571000,-2921000,None,USD,51821000,None,None,None,370000,51451000,None,None,6000,-11904000,76000,None,4000,25638000,None,None,None,None,None,None,19628000,33951000,None,None,None,None,294000,None,None,None,None,None,None,None,None,None,None,None,None,None,None,None,None,None,None,None,None,None,None,USD,91000,-93000,91000,None,None,-350000,None,-406000,-2571000,-2030000,-1771000,None,None,-350000,None,None,None,1299000,0,None,None,None,25.3,
1,2020-03-31,USD,-8677000,805000,None,-8677000,-9482000,-8297000,None,None,-9482000,None,805000,None,-9482000,None,None,-1185000,160000,None,None,None,None,-1185000,29000,None,-8297000,-8647000,None,USD,54783000,None,None,None,463000,54320000,None,None,6000,-8983000,57000,None,531000,27668000,406000,None,None,None,None,29492000,20355000,36820000,None,1824000,None,None,406000,None,None,6000,17500000,-8983000,-1009000,None,24771000,None,520000,None,None,57000,57000,None,None,None,46806000,54783000,27668000,None,6068106,USD,0,-529000,91000,None,None,-350000,None,-128000,-8297000,-841000,-491000,-128000,None,-350000,None,None,None,-9611000,0,None,None,-841000,23.75,25.3
2,2019-12-31,USD,-12597000,-16056000,None,-12597000,10525000,8280000,None,None,3459000,None,-11787000,7066000,3459000,None,None,900000,227000,None,5080000,None,None,-690000,None,5080000,2673000,7930000,None,USD,63454000,None,None,None,539000,62915000,106000,None,6000,-336000,139000,None,188000,28509000,400000,None,None,None,None,29774000,29487000,45415000,None,1265000,None,None,400000,None,None,6000,17500000,-336000,-1009000,None,33680000,None,33680000,None,None,33000,139000,None,None,None,46754000,63454000,28509000,None,6065948,USD,23971000,-5608000,6707000,-11293000,None,-357000,-7000,-2081000,8280000,-8057000,-14407000,66000,None,-350000,0,None,None,870000,3000,961000,None,-8057000,27.109,23.75
3,2019-09-30,USD,523000,595000,None,523000,-72000,-3535000,None,None,-72000,None,595000,None,-72000,None,None,-12000,523000,None,-3475000,None,None,-12000,166000,-3475000,-60000,-3885000,None,USD,164088000,None,None,138700000,108405000,55683000,None,104744000,6000,-8266000,3108000,None,19339000,1803000,5596000,None,None,950000,2000,20764000,3994000,38183000,None,18961000,None,None,5596000,None,None,6000,17500000,-8266000,-1009000,None,142948000,None,376000,None,None,102809000,102809000,None,None,None,46502000,164088000,1803000,None,6019816,USD,10314000,907000,10314000,9420000,None,-361000,-11000,-951000,-3535000,3703000,-6250000,-144000,None,-350000,0,None,None,-13530000,3000,196000,None,3703000,25.715,27.109
4,2019-06-30,USD,277000,688000,None,277000,-411000,-4532000,None,None,-411000,None,688000,None,-411000,None,None,-83000,509000,None,-4204000,None,None,-83000,7000,-4204000,-328000,-4882000,None,USD,178716000,None,None,152897000,119115000,59601000,None,114508000,6000,-4381000,4111000,None,19523000,2305000,5676000,None,None,1042000,2000,21462000,3881000,42101000,None,19157000,None,None,5676000,None,None,6000,17500000,-4381000,-1009000,None,156890000,None,364000,None,None,113439000,113439000,None,None,None,46443000,178716000,2305000,None,6012764,USD,8637000,6162000,8637000,3560000,None,-361000,-21000,-951000,-4532000,6571000,-1705000,-14180000,None,-350000,0,None,None,-24000,3000,5634000,None,6571000,24.65,25.715
5,2019-03-31,USD,17394000,17249000,13548000,17394000,145000,98000,None,None,145000,None,12980000,None,145000,4269000,None,-68000,637000,None,527000,None,None,47000,774000,527000,98000,-252000,None,USD,156256000,8234000,None,18745000,92788000,63468000,None,51474000,6000,501000,27810000,None,1033000,26292000,5665000,None,None,78000,286000,52221000,90877000,45968000,7168000,25929000,162000,None,5665000,None,None,6000,17500000,501000,-1009000,None,3605000,None,9267000,387000,162000,86961000,87123000,None,None,None,46392000,156256000,26292000,None,6012764,USD,-5971000,-6025000,-5974000,-5971000,-10000,-360000,-11000,-154000,98000,-4610000,1724000,14137000,33000,-350000,0,None,-6595000,28000,3000,-6547000,None,-4610000,23.985,24.65
6,2018-12-31,USD,15979000,15669000,12111000,15979000,310000,832000,0,0,310000,0,11197000,None,310000,4472000,-33000,None,None,None,3000,0,0,-522000,-645000,527000,832000,-276000,None,USD,147923000,9111000,None,6622000,85176000,62747000,None,55448000,6000,639000,15151000,None,8091000,30902000,6621000,None,None,-729000,315000,51927000,83334000,45247000,474000,21025000,162000,None,6621000,None,None,6000,17500000,639000,-1009000,None,1957000,None,10390000,None,162000,78393000,78555000,None,None,None,46340000,147923000,30902000,None,6012764,USD,-2054000,470000,-2060000,10427000,-10000,-360000,-11000,5275000,832000,878000,3298000,3095000,33000,-350000,13193000,None,-4226000,-551000,6000,419000,None,878000,19.275,23.985
7,2018-09-30,USD,14418000,17103000,12585000,14418000,-2685000,-2114000,0,0,-2685000,0,12174000,None,-2685000,4929000,0,None,None,None,0,0,0,-571000,-1000000,527000,-2114000,-2114000,None,USD,144468000,9566000,None,11007000,82787000,61681000,2599000,53688000,6000,157000,14172000,None,7039000,30024000,6766000,None,None,-1212000,343000,46538000,80918000,44181000,697000,16514000,158000,None,6766000,None,None,6000,17500000,157000,-1009000,None,6562000,None,10106000,None,158000,73264000,76021000,None,None,None,46239000,144468000,30024000,None,5992432,USD,-5628000,4581000,-5624000,None,-9000,-359000,None,4011000,-2114000,-671000,5312000,-10000,33000,-350000,13193000,None,-502000,-79000,4000,2901000,None,-671000,25.142,19.275
8,2018-06-30,USD,14283000,13942000,10476000,14283000,341000,135000,0,0,341000,0,10325000,None,341000,3617000,33000,None,None,None,0,0,0,206000,645000,0,135000,135000,None,USD,141449000,8675000,None,14183000,77272000,64177000,2648000,48828000,6000,2621000,13817000,None,7386000,30695000,6324000,138000,138000,-1079000,381000,47739000,75490000,46677000,1264000,17044000,161000,None,6324000,None,None,6000,17500000,2621000,-1009000,None,8839000,None,9000000,None,161000,68139000,70948000,None,None,None,46138000,141449000,30695000,None,5984766,USD,-10211000,6820000,-10195000,None,-14000,-422000,None,-285000,135000,-5292000,5325000,1819000,34000,-408000,None,None,-912000,215000,16000,-3698000,None,-5292000,25.59,25.142
9,2018-03-31,USD,13540000,11220000,7554000,13540000,2320000,1951000,0,0,2320000,0,7313000,None,2320000,3907000,-33000,None,None,None,0,0,0,369000,-645000,0,1951000,1951000,None,USD,127496000,6766000,None,10943000,62944000,64552000,2746000,41206000,6000,2894000,11454000,None,5183000,35987000,5159000,152000,152000,-886000,432000,47812000,65577000,47052000,161000,11825000,206000,None,5159000,None,None,6000,17500000,2894000,-1009000,None,6512000,None,7163000,None,206000,54833000,57785000,None,None,None,46047000,127496000,35987000,None,5984766,USD,-11302000,551000,-11368000,None,-32000,12921000,-3300000,-465000,1951000,12412000,10859000,-1781000,57000,-240000,16493000,None,8751000,-102000,66000,10183000,None,12412000,24.603,25.59
10,2017-12-31,USD,37923000,38133000,20223000,17700000,8126000,4153000,0,0,7665000,0,9666000,None,8126000,369000,-461000,None,None,None,0,0,0,3512000,-461000,0,4153000,4153000,None,USD,114437000,6785000,None,11246000,67635000,46802000,1078000,41055000,6000,910000,13488000,None,5975000,23575000,4968000,2840000,2840000,-169000,205000,47096000,55191000,46802000,417000,23521000,206000,None,4968000,None,None,6000,None,910000,-1009000,None,5090000,None,6855000,None,206000,61383000,62667000,None,None,None,47064000,114437000,23575000,None,5984766,USD,-26953000,13652000,-26981000,None,-65000,-16000,None,-522000,294000,-19470000,7527000,None,73000,-240000,224000,None,-7908000,435000,28000,None,None,None,nan,24.603
11,2017-09-30,USD,9354000,12788000,14090000,9354000,-3434000,-2263000,0,0,-3434000,0,10033000,None,-3434000,2755000,180000,None,None,None,0,0,0,-1171000,180000,0,-2263000,-2263000,None,USD,115523000,6192000,None,25598000,69925000,45598000,1887000,35474000,6000,-480000,22091000,None,4806000,25679000,5199000,2744000,2744000,29000,213000,49927000,49702000,45598000,1779000,24248000,48000,None,5199000,None,None,6000,None,-480000,-1009000,None,8634000,None,7047000,None,48000,62791000,64726000,None,None,None,47052000,115523000,25679000,None,5984766,USD,-5800000,1039000,-5804000,None,-32000,224000,None,-2482000,-2263000,-9454000,-3874000,12588000,110000,-240000,224000,None,43000,-615000,4000,-14733000,None,-9454000,nan,nan
12,2017-06-30,USD,8923000,7363000,-13486000,8923000,1560000,921000,0,0,1560000,0,4773000,None,1560000,2590000,-91000,None,None,None,0,0,0,639000,-91000,0,921000,921000,None,USD,102705000,5545000,None,10786000,55099000,47606000,2226000,32887000,6000,1783000,9583000,None,4315000,35133000,4372000,2651000,2651000,4000,226000,47515000,43865000,47606000,1459000,12382000,50000,None,4372000,None,None,6000,None,1783000,-1009000,None,5307000,None,5792000,None,50000,48451000,50727000,None,None,None,46822000,102705000,35133000,None,5956766,USD,-8643000,8361000,-8645000,None,-32000,224000,None,-26000,921000,-2008000,6637000,2269000,111000,-240000,224000,None,-99000,20000,2000,-5045000,None,-2008000,nan,nan
13,2017-03-31,USD,8717000,8336000,6153000,8717000,381000,246000,0,0,381000,0,5814000,None,381000,2522000,0,None,None,None,0,0,0,135000,0,0,246000,246000,None,USD,91829000,None,None,None,45164000,46665000,1916000,None,6000,862000,35536000,None,732000,37141000,2703000,None,None,-10000,244000,49823000,35200000,46665000,538000,12682000,63000,None,2703000,None,None,6000,None,862000,-1009000,None,1868000,None,4694000,None,63000,40482000,42461000,None,None,None,46816000,91829000,37141000,None,5956766,USD,-6721000,-161000,-6733000,None,None,-240000,None,2016000,246000,-5904000,1069000,993000,110000,-240000,224000,None,-750000,131000,12000,-250000,None,-5904000,nan,nan
14,2016-09-30,USD,7632000,10285000,None,7632000,-2653000,-1806000,None,None,-2653000,None,8190000,None,-2653000,2095000,None,None,None,None,None,None,None,-847000,None,None,-1806000,-1806000,None,USD,92455000,4000,None,None,47212000,45243000,1689000,None,6000,-976000,None,None,None,38926000,2320000,None,None,248000,266000,52416000,31451000,45239000,None,13490000,None,None,2320000,None,None,6000,None,-976000,-836000,None,3394000,None,4924000,None,None,43203000,44892000,None,None,None,46801000,92455000,38926000,None,6108125,USD,-4123000,-207000,-4125000,None,None,-501000,None,None,-1806000,-6639000,-2013000,1846000,107000,None,-501000,None,None,-336000,2000,-1617000,None,-6639000,nan,nan
15,2016-06-30,USD,7893000,5733000,None,7893000,2160000,1340000,None,None,2160000,None,3670000,None,2160000,2063000,None,None,None,None,None,None,None,820000,None,None,1340000,1340000,None,USD,91722000,5000,None,None,44171000,47551000,2103000,None,6000,830000,None,None,None,45565000,3033000,None,None,47886000,281000,56100000,27345000,47546000,None,10535000,None,None,3033000,None,None,6000,None,830000,-335000,None,3649000,None,4342000,None,None,39035000,41138000,None,None,None,46791000,91722000,45565000,None,6108125,USD,-3084000,5645000,-3119000,None,None,-335000,None,None,1340000,991000,4445000,256000,102000,None,-335000,None,None,201000,35000,-3099000,None,991000,nan,nan
16,2016-03-31,USD,8599000,10292000,None,8599000,-1693000,-1115000,None,None,-1693000,None,8302000,None,-1693000,1990000,None,None,None,None,None,None,None,-578000,None,None,-1115000,-1115000,None,USD,83833000,5000,None,None,37390000,46443000,1764000,None,6000,-510000,None,None,None,44574000,2108000,None,None,166000,263000,53342000,24120000,46438000,None,8768000,None,None,2108000,None,None,6000,None,-510000,None,None,1984000,None,4119000,None,None,33518000,35282000,None,None,None,46781000,83833000,44574000,None,6108000,USD,-2140000,-1636000,-2184000,None,None,-426000,None,None,-1115000,-3383000,-773000,4051000,103000,-240000,-186000,None,None,-44000,44000,-2132000,None,-3383000,nan,nan
17,2015-09-30,USD,6689000,6710000,None,6689000,-21000,-103000,None,None,-21000,None,5034000,None,-21000,1676000,None,None,None,None,None,None,None,82000,None,None,-103000,-103000,None,USD,81301000,43000,None,None,33772000,47529000,1318000,None,6000,26000,None,211000,None,50462000,2300000,None,None,59000,212000,56788000,19236000,47275000,None,6326000,None,None,2300000,None,None,6000,None,26000,-1235000,None,500000,None,4311000,None,None,30154000,31472000,None,None,None,48673000,81301000,50462000,None,6358,USD,-2163000,1466000,-2166000,None,None,-1002000,None,None,-103000,-2071000,1097000,-486000,98000,None,-1002000,None,None,118000,3000,4000,None,-2071000,nan,nan
