,fiscalDateEnding,reportedCurrency_x,totalRevenue,totalOperatingExpense,costOfRevenue,grossProfit,ebit,netIncome_x,researchAndDevelopment,effectOfAccountingCharges,incomeBeforeTax,minorityInterest,sellingGeneralAdministrative,otherNonOperatingIncome,operatingIncome,otherOperatingExpense,interestExpense,taxProvision,interestIncome,netInterestIncome,extraordinaryItems,nonRecurring,otherItems,incomeTaxExpense,totalOtherIncomeExpense,discontinuedOperations,netIncomeFromContinuingOperations,netIncomeApplicableToCommonShares,preferredStockAndOtherAdjustments,reportedCurrency_y,totalAssets,intangibleAssets,earningAssets,otherCurrentAssets,totalLiabilities,totalShareholderEquity,deferredLongTermLiabilities,otherCurrentLiabilities,commonStock,retainedEarnings,otherLiabilities,goodwill,otherAssets,cash,totalCurrentLiabilities,shortTermDebt,currentLongTermDebt,otherShareholderEquity,propertyPlantEquipment,totalCurrentAssets,longTermInvestments,netTangibleAssets,shortTermInvestments,netReceivables,longTermDebt,inventory,accountsPayable,totalPermanentEquity,additionalPaidInCapital,commonStockTotalEquity,preferredStockTotalEquity,retainedEarningsTotalEquity,treasuryStock,accumulatedAmortization,otherNonCurrrentAssets,deferredLongTermAssetCharges,totalNonCurrentAssets,capitalLeaseObligations,totalLongTermDebt,otherNonCurrentLiabilities,totalNonCurrentLiabilities,negativeGoodwill,warrants,preferredStockRedeemable,capitalSurplus,liabilitiesAndShareholderEquity,cashAndShortTermInvestments,accumulatedDepreciation,commonStockSharesOutstanding,reportedCurrency,investments,changeInLiabilities,cashflowFromInvestment,otherCashflowFromInvestment,netBorrowings,cashflowFromFinancing,otherCashflowFromFinancing,changeInOperatingActivities,netIncome_y,changeInCash,operatingCashflow,otherOperatingCashflow,depreciation,dividendPayout,stockSaleAndPurchase,changeInInventory,changeInAccountReceivables,changeInNetIncome,capitalExpenditures,changeInReceivables,changeInExchangeRate,changeInCashAndCashEquivalents,clossingVal,nextClossingVal
0,2020-06-30,USD,342753000,275525000,138411000,204342000,109278000,26298000,568000,None,69625000,None,144548000,None,67228000,-24584000,1464000,14225000,None,-1464000,None,None,None,14225000,3861000,27000,55400000,-22116000,None,USD,2948515000,417422000,None,None,2809252000,139263000,20742000,191453000,716000,0,2255548000,941965000,572880000,99304000,496074000,None,79560000,None,104951000,618362000,133335000,-1379724000,None,135279000,4640000,70997000,54841000,None,None,None,None,None,None,None,5041000,None,2330153000,52990000,None,302718000,2313178000,None,None,None,None,None,None,None,None,USD,-50368000,-7012000,-50368000,-3000,-175373000,-184166000,521000,None,26298000,-142430000,92104000,None,38189000,-9314000,0,None,-25782000,39707000,25071000,None,None,None,34.28,
1,2020-04-30,USD,342753000,275525000,138411000,204342000,109278000,26298000,568000,None,69625000,None,144548000,None,67228000,-24584000,1464000,14225000,None,-1464000,None,None,None,14225000,3861000,27000,55400000,-22116000,None,USD,2948515000,417422000,None,None,2809252000,139263000,20742000,191453000,716000,0,2255548000,941965000,572880000,99304000,496074000,None,79560000,None,104951000,618362000,133335000,-1379724000,None,135279000,4640000,70997000,54841000,None,None,None,None,None,None,None,5041000,None,2330153000,52990000,None,302718000,2313178000,None,None,None,None,None,None,None,None,USD,-50368000,-7012000,-50368000,-3000,-175373000,-184166000,521000,None,26298000,-142430000,92104000,None,38189000,-9314000,0,None,-25782000,39707000,25071000,None,None,None,33.16,34.28
2,2020-03-31,USD,334823000,233011000,103128000,231695000,127086000,38159000,628000,None,77377000,None,115289000,None,101812000,-24584000,9966000,4165000,-19430000,-9966000,2902000,None,None,4165000,-14469000,2000,73212000,340728000,None,USD,3063069000,420104000,None,None,2921607000,141462000,None,198281000,711000,0,2175260000,929615000,576924000,241734000,686183000,None,254745000,None,263413000,752371000,120642000,-1208257000,None,141027000,4828000,48522000,62304000,None,None,None,None,None,None,None,98097000,None,2310698000,55336000,4828000,348004000,2235424000,None,None,None,140751000,None,241734000,None,122000000,USD,-86177000,-2894000,-86177000,-102628000,199999000,185970000,-633000,None,38159000,130164000,30371000,None,39743000,-12689000,6831000,None,-90201000,65127000,24558000,None,None,None,32.72,33.16
3,2020-01-31,USD,334823000,233011000,103128000,231695000,127086000,38159000,628000,None,77377000,None,115289000,None,101812000,-24584000,9966000,4165000,None,-9966000,None,None,None,4165000,-14469000,2000,73212000,340728000,None,USD,3063069000,420104000,None,None,2921607000,141462000,None,198281000,711000,0,2175260000,929615000,576924000,241734000,686183000,None,254745000,None,263413000,752371000,120642000,-1208257000,None,141027000,4828000,48522000,62304000,None,None,None,None,None,None,None,98097000,None,2310698000,55336000,None,348004000,2235424000,None,None,None,None,None,None,None,None,USD,-86177000,-2894000,-86177000,-3000,199999000,185970000,-633000,None,38159000,130164000,30371000,None,39743000,-12689000,6831000,None,-90201000,65127000,24558000,None,None,None,34.77,32.72
4,2019-12-31,USD,319606000,199073000,100241000,219365000,193807000,36485000,801000,None,156132000,None,86093000,None,120533000,-24584000,359000,64557000,32852000,-359000,334000,None,None,64557000,35958000,334000,91575000,-443668000,None,USD,2616162000,249386000,None,3100000,3049042000,-432880000,None,178607000,669000,-409831000,2537734000,906928000,510481000,111570000,450242000,50739000,50739000,None,258355000,574812000,116200000,-1589194000,None,167587000,6834000,52713000,53265000,None,None,None,None,None,-23718000,None,34719000,None,2041350000,54232000,6834000,371701000,2598800000,None,None,None,None,None,111570000,None,65000000,USD,-57511000,3383000,-57511000,5501000,49468000,-75937000,-633000,None,36485000,-13674000,119774000,None,37316000,-13699000,-117490000,None,-12724000,55892000,22785000,None,None,None,37.88,34.77
5,2019-10-31,USD,319606000,199073000,100241000,219365000,193807000,36485000,801000,None,156132000,None,86093000,None,120533000,-24584000,359000,64557000,None,-359000,None,None,None,64557000,35958000,334000,91575000,-443668000,None,USD,2616162000,249386000,None,None,3049042000,-432880000,None,178607000,669000,-409831000,2537734000,906928000,510481000,111570000,450242000,None,50739000,None,258355000,574812000,116200000,-1589194000,None,167587000,6834000,52713000,53265000,None,None,None,None,None,None,None,34719000,None,2041350000,54232000,None,371701000,2598800000,None,None,None,None,None,None,None,None,USD,-57511000,3383000,-57511000,5501000,49468000,-75937000,-633000,None,36485000,-13674000,119774000,None,37316000,-13699000,-117490000,None,-12724000,55892000,22785000,None,None,None,32.58,37.88
6,2019-09-30,USD,302410000,218363000,91011000,211399000,117656000,29422000,379000,None,80553000,None,113929000,None,84047000,-24584000,-476000,9614000,4083000,476000,193000,None,None,9614000,-3970000,193000,70939000,723731000,None,USD,2594584000,249203000,None,2100000,2709440000,-114856000,None,182012000,649000,-39894000,2235328000,880709000,517193000,125244000,410631000,1271000,1271000,None,262985000,576684000,107810000,-1244768000,None,158643000,7198000,52344000,57376000,None,None,None,None,None,-75611000,None,38334000,None,2017900000,56283000,7198000,377985000,2298809000,None,None,None,None,None,125244000,None,127000000,USD,-28266000,-23830000,-28266000,-5250000,-26513000,-94820000,-17425000,None,29422000,-15811000,107275000,None,37579000,-13202000,-39434000,None,6972000,65900000,21983000,None,None,None,28.92,32.58
7,2019-07-31,USD,302410000,218363000,91011000,211399000,117656000,29422000,379000,None,80553000,None,113929000,None,84047000,-24584000,-476000,9614000,None,476000,None,None,None,9614000,-3970000,193000,70939000,723731000,None,USD,2594584000,249203000,None,None,2709440000,-114856000,None,182012000,649000,-39894000,2235328000,880709000,517193000,125244000,410631000,None,1271000,None,262985000,576684000,107810000,-1244768000,None,158643000,7198000,52344000,57376000,None,None,None,None,None,None,None,38334000,None,2017900000,56283000,None,377985000,2298809000,None,None,None,None,None,None,None,None,USD,-28266000,-23830000,-28266000,-5250000,-26513000,-94820000,-17425000,None,29422000,-15811000,107275000,None,37579000,-13202000,-39434000,None,6972000,65900000,21983000,None,None,None,38.75,28.92
8,2019-06-30,USD,-28640000,-119758000,-236069000,207429000,117919000,9666000,296000,None,83864000,None,104500000,None,91118000,None,-157000,9773000,3187000,157000,-234550000,None,None,7671000,-7411000,-22887000,74091000,-287308000,None,USD,2569567000,270722000,None,3385000,3431817000,-862250000,19540000,173774000,644000,-775674000,2967792000,880709000,499348000,141055000,458022000,27608000,27608000,None,45508000,614044000,99636000,-2173281000,None,185810000,6003000,51032000,54540000,None,None,None,None,None,-87220000,None,3079000,None,1955523000,None,6003000,333063000,2973795000,None,None,None,None,None,141055000,None,62000000,USD,2915000,0,-28266000,-5250000,-26513000,-136575000,-17425000,None,9666000,3543000,137203000,None,34212000,-13079000,-1305000,239000,50187000,65900000,23268000,None,None,None,39.11,38.75
9,2019-04-30,USD,-28640000,-119758000,-236069000,207429000,117919000,9666000,296000,None,83864000,None,104500000,None,91118000,None,-157000,9773000,None,157000,None,None,None,None,-7411000,None,74091000,None,None,USD,2569567000,270722000,None,None,3431817000,-862250000,None,173774000,None,-775674000,None,880709000,None,141055000,458022000,None,27608000,None,None,614044000,99636000,None,None,185810000,6003000,51032000,54540000,None,None,None,None,None,None,None,3079000,None,1955523000,None,None,333063000,2973795000,None,None,None,None,None,None,None,None,USD,2915000,None,None,None,None,-136575000,None,None,9666000,3543000,137203000,None,34212000,-13079000,-1305000,239000,50187000,None,23268000,None,None,None,33.23,39.11
10,2019-03-31,USD,301213000,337015000,86041000,215172000,122200000,30414000,296000,None,87002000,43388000,113336000,-831000,87968000,14368000,1081000,11737000,-4637000,-1081000,-716000,None,None,11092000,115000,-22887000,73802000,265808000,-235394000,USD,2684173000,303966000,None,225609000,1045889000,1638284000,15200000,157116000,2240640000,-499446000,2691717000,943970000,490332000,137512000,587982000,152046000,152046000,-102910000,212306000,634957000,98642000,-1849650000,None,403611000,6188000,64775000,68708000,None,None,642000,None,-499446000,-102910000,None,33125000,None,2049216000,None,6188000,387544000,2697905000,None,2239998000,None,None,2684173000,137512000,None,129000000,USD,-25670000,22507000,-132385000,-62268000,50000000,-250625000,-52612000,282000,260586000,-14874000,368136000,-4539000,105952000,-14288000,-230038000,5257000,-11000,61153000,70117000,None,None,26928000,34.49,33.23
11,2018-12-31,USD,421857000,323026000,198723000,223134000,98831000,42180000,292000,None,106615000,62631000,110112000,585000,98831000,6700000,0,None,None,None,-481000,None,None,1804000,7784000,-22887000,104811000,693889000,-651709000,USD,2644851000,318199000,None,4200000,3535482000,-890631000,58552000,204980000,638000,-794070000,3015687000,943281000,459208000,110584000,514688000,102302000,102302000,-97199000,211859000,614215000,98089000,-2152111000,None,406340000,5107000,70032000,66855000,None,None,638000,None,-794070000,-97199000,None,29824000,None,429384000,None,310014000,58296000,426862000,None,2593882000,None,None,2644851000,110584000,None,134000000,USD,-4665000,37142000,-81653000,-8500000,50000000,-102167000,-256000,-5185000,42180000,-31838000,151982000,-13614000,35582000,-14993000,-86918000,-1796000,-15448000,59507000,22227000,None,None,-31838000,37.35,34.49
12,2018-09-30,USD,401546000,308841000,188993000,212553000,92705000,26860000,340000,None,92766000,55113000,105870000,2002000,92705000,15579000,0,None,None,None,None,None,None,10793000,61000,-22887000,81973000,-681333000,708193000,USD,2516552000,308477000,None,4100000,4472369000,-1955817000,65293000,194097000,580000,-1820000000,3997090000,906545000,367337000,142422000,469832000,101771000,101771000,-136397000,211248000,626202000,96743000,-3170839000,4180000,385869000,5447000,68236000,53452000,-1955817000,0,580000,0,-1820000000,-136397000,None,22727000,None,344610000,None,230490000,68083000,363866000,None,3638624000,None,None,2516552000,142422000,None,53000000,USD,None,-21776000,-25062000,-8500000,50000000,-45229000,-17975000,1034000,26860000,-9964000,60327000,-40379000,34145000,-15465000,-11789000,-2097000,-41427000,63588000,25062000,None,None,-9964000,45.78,37.35
13,2018-06-30,USD,433956000,125860000,202841000,231115000,104148000,30509000,318000,0,102310000,70127000,111691000,-1108000,105256000,15668000,0,None,None,None,0,0,0,1674000,-28305000,0,100636000,-323211000,353720000,USD,2312216000,322115000,None,23325000,818870000,1493346000,62146000,126743000,575000,-1277581000,3283436000,906545000,354192000,152386000,448882000,100250000,100250000,None,206693000,428618000,94053000,264686000,3638000,186768000,244138000,66139000,221889000,-1427064000,0,575000,0,-1277581000,-150058000,None,3991000,None,350200000,None,244138000,63704000,369988000,None,2920410000,None,None,2312216000,152386000,None,137000000,USD,None,-4353000,-27420000,-8500000,-100005000,-107576000,-17975000,-14539000,100636000,2976000,137972000,2158000,32761000,-13157000,5586000,-8909000,-10733000,15679000,27420000,None,None,2976000,36.38,45.78
14,2018-03-31,USD,425338000,123180000,203548000,221790000,99404000,23502000,292000,0,89837000,53047000,108213000,-6180000,99404000,16493000,0,None,None,None,0,0,0,13288000,-9567000,0,76549000,-103537000,127039000,USD,2294637000,335948000,None,24374000,897170000,1397467000,77054000,126919000,574000,-965564000,2899024000,906545000,354246000,149410000,523915000,200255000,200255000,-170274000,198853000,405597000,93448000,154974000,3506000,174583000,239783000,57230000,196741000,-1135264000,0,574000,0,-965564000,-170274000,None,4241000,None,350005000,None,239783000,56456000,373293000,None,2532731000,None,None,2294637000,149410000,None,54000000,USD,None,29928000,-26638000,-8500000,-1139000,-150185000,-17975000,2434000,76549000,-13604000,163219000,-706000,32466000,-20395000,-128651000,4837000,-3091000,20096000,26638000,None,None,-13604000,31.31,36.38
15,2017-12-31,USD,411398000,122761000,183217000,210871000,264633000,-36716000,324000,0,251277000,56485000,-68554000,-651000,265284000,27173000,0,None,None,None,0,0,0,231508000,-18507000,0,19769000,265194000,-317916000,USD,2320163000,349847000,None,24021000,871096000,1449067000,73721000,129456000,573000,-875448000,327253000,906545000,1708511000,163014000,506357000,201139000,201139000,-74698000,190815000,420837000,98388000,192675000,3891000,171735000,235791000,62067000,175762000,-949573000,0,573000,0,-875448000,-74698000,None,5403000,None,348328000,None,235791000,55183000,364695000,None,2398640000,None,None,2320163000,163014000,None,139000000,USD,None,3093000,-21976000,-1000,28116000,-78612000,-16662000,16686000,19769000,30894000,131482000,-153605000,31127000,-20752000,-69314000,-4463000,8281000,235561000,21975000,None,None,30894000,29.19,31.31
16,2017-09-30,USD,390564000,128708000,174869000,199188000,72180000,16006000,489000,0,73380000,44610000,111711000,1437000,73579000,12437000,0,None,None,None,0,0,0,12764000,2900000,0,60616000,336430000,-320424000,USD,2504342000,364064000,None,29787000,993370000,1510972000,92269000,136835000,536000,-1289097000,445598000,906545000,1924296000,132120000,490134000,173023000,173023000,None,186179000,393867000,97131000,240363000,3661000,174356000,368393000,57604000,180276000,-1288561000,0,536000,0,-1289097000,0,None,9484000,None,547106000,None,368393000,42599000,503261000,None,2799533000,None,None,2504342000,132120000,None,140000000,USD,None,-21933000,-16646000,1000,-54974000,-83002000,-16662000,1268000,60616000,-24615000,75033000,-7369000,30405000,-24951000,-3077000,-7178000,0,20603000,16647000,None,None,-24615000,32.57,29.19
17,2017-06-30,USD,403098000,123304000,172717000,214815000,90115000,-209843000,779000,0,87594000,103369000,105110000,-1396000,95818000,16332000,0,None,None,None,0,0,0,-52886000,198180000,0,140480000,-247019000,37176000,USD,2507836000,377962000,None,35164000,1031506000,1476330000,89745000,148540000,519000,-1662772000,405413000,906545000,1911659000,156735000,571587000,227993000,227993000,None,187365000,408812000,92879000,191823000,5684000,166487000,328075000,50426000,195103000,-1662253000,0,519000,0,-1662772000,0,None,10271000,None,524000000,None,328075000,42099000,459919000,None,3138583000,None,None,2507836000,156735000,None,50000000,USD,-11097000,11402000,-17872000,1608000,-149650000,-179647000,-13959000,5920000,140568000,-79483000,118036000,-24231000,29453000,-23071000,7033000,-1656000,3365000,-37500000,19480000,None,None,-79483000,36.0,32.57
18,2017-03-31,USD,379803000,123503000,162146000,202555000,76393000,-80601000,755000,0,78653000,51433000,104818000,-2659000,83657000,11820000,0,None,None,None,0,0,0,7315000,-209371000,0,71338000,-80601000,None,USD,2598684000,393075000,None,41702000,1197101000,1401583000,85975000,150454000,507000,-1474965000,418129000,908349000,1922335000,236218000,725907000,376710000,399781000,None,182093000,494256000,98878000,100159000,0,167566000,340307000,48770000,198772000,-1474458000,0,507000,0,-1474965000,0,None,13398000,None,508635000,None,340307000,44847000,471129000,None,2809333000,None,None,2598684000,236218000,None,51000000,USD,None,-4067000,-110823000,-93256000,38002000,-7698000,-49000,-4395000,138847000,17326000,135847000,21824000,29182000,-22733000,-22967000,17139000,0,-67078000,17567000,None,None,17326000,31.83,36.0
19,2016-12-31,USD,358500000,107845000,161816000,182486000,283613000,400275000,767000,0,283613000,181173000,92478000,209103000,78857000,11151000,0,None,None,None,0,0,0,37429000,200057000,0,246213000,400275000,None,USD,2616154000,411343000,None,45674000,1242885000,1373269000,88549000,244256000,502000,-1414751000,393948000,906867000,1921796000,218892000,791695000,338505000,361238000,None,180408000,513950000,98795000,55059000,0,183694000,316380000,65690000,208901000,-1414249000,0,502000,0,-1414751000,0,None,14344000,None,490406000,None,316380000,46262000,451191000,None,2720009000,None,None,2616154000,218892000,None,141000000,USD,None,29905000,-239555000,-222196000,326380000,205898000,-194000,1936000,246184000,62880000,96537000,-8183000,25349000,-22137000,-98345000,-31005000,0,-172063000,17359000,None,None,62880000,30.36,31.83
