,fiscalDateEnding,reportedCurrency_x,totalRevenue,totalOperatingExpense,costOfRevenue,grossProfit,ebit,netIncome_x,researchAndDevelopment,effectOfAccountingCharges,incomeBeforeTax,minorityInterest,sellingGeneralAdministrative,otherNonOperatingIncome,operatingIncome,otherOperatingExpense,interestExpense,taxProvision,interestIncome,netInterestIncome,extraordinaryItems,nonRecurring,otherItems,incomeTaxExpense,totalOtherIncomeExpense,discontinuedOperations,netIncomeFromContinuingOperations,netIncomeApplicableToCommonShares,preferredStockAndOtherAdjustments,reportedCurrency_y,totalAssets,intangibleAssets,earningAssets,otherCurrentAssets,totalLiabilities,totalShareholderEquity,deferredLongTermLiabilities,otherCurrentLiabilities,commonStock,retainedEarnings,otherLiabilities,goodwill,otherAssets,cash,totalCurrentLiabilities,shortTermDebt,currentLongTermDebt,otherShareholderEquity,propertyPlantEquipment,totalCurrentAssets,longTermInvestments,netTangibleAssets,shortTermInvestments,netReceivables,longTermDebt,inventory,accountsPayable,totalPermanentEquity,additionalPaidInCapital,commonStockTotalEquity,preferredStockTotalEquity,retainedEarningsTotalEquity,treasuryStock,accumulatedAmortization,otherNonCurrrentAssets,deferredLongTermAssetCharges,totalNonCurrentAssets,capitalLeaseObligations,totalLongTermDebt,otherNonCurrentLiabilities,totalNonCurrentLiabilities,negativeGoodwill,warrants,preferredStockRedeemable,capitalSurplus,liabilitiesAndShareholderEquity,cashAndShortTermInvestments,accumulatedDepreciation,commonStockSharesOutstanding,reportedCurrency,investments,changeInLiabilities,cashflowFromInvestment,otherCashflowFromInvestment,netBorrowings,cashflowFromFinancing,otherCashflowFromFinancing,changeInOperatingActivities,netIncome_y,changeInCash,operatingCashflow,otherOperatingCashflow,depreciation,dividendPayout,stockSaleAndPurchase,changeInInventory,changeInAccountReceivables,changeInNetIncome,capitalExpenditures,changeInReceivables,changeInExchangeRate,changeInCashAndCashEquivalents,clossingVal,nextClossingVal
0,2020-06-30,USD,11246000,15901000,None,11246000,-5079000,-4950000,11333000,None,-4950000,None,4568000,-424000,-4655000,None,-129000,None,129000,129000,None,None,None,None,-424000,None,-4950000,-4950000,None,USD,117783000,None,None,4102000,71111000,46672000,None,7912000,52000,-182723000,37845000,None,1975000,44302000,18260000,None,None,-1064000,20506000,92028000,None,46672000,32912000,10712000,None,None,10348000,None,None,52000,None,-182723000,None,None,5249000,None,25755000,15887000,None,52851000,52851000,None,None,None,230407000,117783000,77214000,None,52399152,USD,6657000,0,5596000,None,None,416000,None,-6795000,-4950000,-3766000,-9778000,-6838000,530000,None,416000,None,None,1480000,1061000,None,None,-3766000,3.1,
1,2020-03-31,USD,13261000,17117000,None,13261000,-3916000,-3597000,12758000,None,-3597000,None,4359000,-60000,-3856000,None,-319000,None,319000,319000,None,None,None,None,-60000,None,-3597000,-3597000,None,USD,123773000,None,None,4341000,73967000,49806000,None,10044000,55000,-177773000,38560000,None,1887000,47431000,20483000,None,None,-1227000,20344000,98372000,None,49806000,39333000,7267000,None,None,10439000,None,None,55000,None,-177773000,None,None,5057000,None,25401000,15775000,None,53484000,53484000,None,None,None,228751000,123773000,86764000,None,55212477,USD,2341000,0,414000,2341000,None,None,None,-13455000,-3597000,-14717000,-15131000,-13256000,339000,None,None,None,None,1383000,1927000,None,None,-14717000,2.28,3.1
2,2019-12-31,USD,17270000,18600000,None,17270000,-1153000,-771000,14116000,None,-771000,None,4484000,177000,-1330000,None,-382000,0,382000,382000,None,None,None,None,177000,None,-771000,-3601000,None,USD,141097000,None,None,4072000,89745000,51352000,None,11256000,55000,-174176000,47258000,None,3146000,62260000,27003000,None,None,-1995000,19502000,115013000,None,51352000,41894000,6787000,None,None,15747000,None,None,55000,None,-174176000,None,None,6582000,None,26084000,16217000,None,62742000,62742000,None,None,None,227468000,141097000,104154000,None,55212437,USD,-705000,-28181000,-1881000,12300000,None,31665000,369000,18566000,-771000,15810000,-13974000,19035000,233000,None,31712000,None,-4055000,-267000,1176000,-4055000,None,15810000,3.62,2.28
3,2019-09-30,USD,15132000,18046000,None,15132000,-2969000,-2592000,13211000,None,-2592000,None,4835000,-55000,-2914000,None,-377000,0,377000,377000,None,None,None,None,-55000,None,-2592000,-2592000,None,USD,116751000,None,None,4778000,96109000,20642000,None,27242000,49000,-173405000,56261000,None,7770000,46068000,39848000,None,None,-697000,11008000,97973000,None,20642000,40175000,6952000,None,None,12606000,None,None,49000,None,-173405000,None,None,7770000,None,18778000,None,None,56261000,56261000,None,None,None,194695000,116751000,86243000,None,49392706,USD,4355000,0,4123000,13005000,None,221000,178000,-12243000,-2592000,-8308000,-12652000,-11978000,159000,None,221000,None,-4055000,1759000,232000,None,None,-8308000,3.41,3.62
4,2019-06-30,USD,5332000,17562000,None,5332000,-12207000,-11758000,13373000,None,-11758000,None,4189000,23000,-12230000,None,-449000,0,449000,449000,None,None,None,None,23000,None,-11758000,-11758000,None,USD,130840000,None,None,4605000,111355000,19485000,None,28406000,49000,-170813000,70427000,None,11490000,54901000,40928000,None,None,-2707000,7888000,111462000,None,19485000,44782000,7174000,None,None,12522000,None,None,49000,None,-170813000,None,None,11490000,None,19378000,None,None,70427000,70427000,None,None,None,192956000,130840000,99683000,None,49261517,USD,13845000,0,12912000,8650000,None,280000,178000,-1204000,-11758000,2459000,-10733000,-616000,42000,None,280000,None,-4055000,1599000,933000,None,None,2459000,4.7,3.41
5,2019-03-31,USD,8545000,19228000,None,8545000,-10854000,-10348000,14296000,None,-10348000,None,4932000,-171000,-10683000,None,-506000,0,506000,506000,None,None,None,None,-171000,None,-10348000,-10348000,None,USD,131048000,None,None,6379000,100886000,30162000,None,28181000,49000,-159055000,59761000,None,1869000,52094000,41125000,None,None,-2056000,4893000,124286000,None,30162000,58685000,7128000,None,None,12944000,None,None,49000,None,-159055000,None,None,1869000,None,6762000,None,None,59761000,59761000,None,None,None,191224000,131048000,110779000,None,49151219,USD,-5195000,0,-5316000,-5195000,None,0,None,-5918000,-10348000,-20424000,-15108000,-5918000,166000,None,None,None,-4055000,992000,121000,None,None,-20424000,3.35,4.7
6,2018-12-31,USD,4913000,17561000,0,4913000,-12319000,-11684000,12998000,0,-11848000,0,4563000,329000,-12648000,0,-471000,-164000,None,None,0,0,0,-164000,802000,0,-11684000,-11684000,None,USD,141341000,None,None,4574000,101406000,39935000,53303000,35612000,54000,-147066000,53330000,None,910000,74867000,48076000,None,None,-2982000,5049000,135382000,None,39935000,53240000,2701000,None,None,12464000,None,None,54000,None,-147066000,None,None,910000,None,5959000,None,None,27000,53330000,None,None,None,189929000,141341000,128107000,None,54151219,USD,-4652000,13321000,-5217000,-7177000,None,7000,None,-20060000,-11682000,-14268000,-9058000,-23309000,195000,None,7000,None,12511000,-64000,565000,12511000,-347000,-14615000,2.66,3.35
7,2018-09-30,USD,8345000,16149000,16018000,8345000,-6657000,-6153000,11401000,0,-6153000,0,4748000,1147000,-7804000,0,-504000,None,None,None,0,0,0,148000,1651000,0,-6153000,-6153000,None,USD,151657000,0,None,4207000,101396000,50261000,60770000,31920000,54000,-135384000,60802000,0,121000,89482000,40594000,None,None,-3053000,4687000,146849000,None,50261000,47822000,5338000,0,0,8674000,0,0,54000,0,-135384000,0,None,121000,None,4808000,None,None,32000,60802000,None,None,None,188644000,151657000,137304000,None,54149719,USD,53723000,0,53398000,0,None,276000,None,-9214000,-6155000,39315000,-14359000,-9214000,130000,0,276000,0,12511000,880000,325000,None,-409000,38906000,5.6,2.66
8,2018-06-30,USD,11691000,13934000,13793000,11691000,-1013000,-203000,9155000,0,-351000,0,4779000,1230000,-2243000,0,-662000,None,None,None,0,0,0,-148000,1892000,0,-203000,-203000,None,USD,162025000,0,None,3065000,106707000,55318000,54336000,44598000,54000,-129229000,54373000,0,129000,50576000,52334000,None,None,-2574000,4597000,156599000,700000,55318000,100399000,2559000,0,0,7736000,0,0,54000,0,-129229000,0,None,129000,None,5426000,None,None,37000,54373000,None,None,None,187067000,162025000,150975000,None,54008056,USD,-48369000,0,-48763000,0,None,69000,None,-10323000,-203000,-57682000,-8988000,-10323000,141000,0,69000,0,12511000,1397000,394000,None,-1263000,-58945000,5.07,5.6
9,2018-03-31,USD,4152000,12288000,12154000,4152000,-9039000,-8714000,7936000,0,-8714000,0,4352000,-903000,-8136000,0,-325000,None,None,None,0,0,0,0,-578000,0,-8714000,-8714000,None,USD,173239000,0,None,3190000,122546000,50693000,67746000,46251000,54000,-129026000,67783000,0,130000,109521000,54763000,None,None,-5973000,4445000,166081000,2583000,50693000,50061000,3309000,0,0,8512000,0,0,54000,0,-129026000,0,None,130000,None,7158000,None,None,37000,67783000,None,None,None,185638000,173239000,159582000,None,53974184,USD,-7879000,0,-8293000,0,None,48159000,None,38907000,-8714000,71205000,31339000,38907000,134000,0,48159000,0,12511000,1012000,414000,None,438000,71643000,6.82,5.07
10,2017-12-31,USD,18151638,11664246,11564000,18151638,7482282,7490426,5270062,0,7634019,0,6394184,994890,6487392,0,-151737,None,None,None,0,0,0,143593,-1950000,0,7490426,7490426,None,USD,103876000,0,None,1615000,92354000,11522000,46542000,37153000,45000,-120312000,46579000,0,10052000,37878000,45775000,None,None,-4695000,4034000,89790000,9922000,11522000,34751000,15546000,0,0,8622000,0,0,45000,0,-120312000,0,None,130000,None,14086000,None,None,37000,46579000,None,None,None,136484000,103876000,72629000,None,45017062,USD,-43925000,-2775828,-44744161,0,None,597022,None,3960000,7490425,-48841586,-4694447,1176387,100787,0,597022,0,-14469000,1445895,808273,-12132113,-3202098,-52043685,7.55,6.82
11,2017-09-30,USD,3927204,9111615,9056000,3927204,-6913223,-7058824,6259258,0,-6913127,0,2852357,-1728812,-5184411,0,-96,None,None,None,0,0,0,145697,0,0,-7058824,-7058824,None,USD,98861143,0,None,2817853,94302930,4558213,55221586,31336228,44705,-127802279,55265000,0,129000,89921213,39037882,None,None,-2487336,3455541,95276331,None,4558208,0,2537265,0,0,7701654,0,0,44705,5,-127802279,0,None,129271,None,3584812,None,None,43462,55265048,None,None,None,134803118,98861143,89921213,None,44704849,USD,-43925000,-3824929,-288427,190,None,2028042,None,-121888,-7058824,36937515,35197900,1164664,54835,0,2028042,0,2336887,713573,288617,44148581,2658504,39596020,5.76,7.55
12,2017-06-30,USD,1852858,9744303,9631000,1852858,-9271224,-10084867,5395724,0,-9271157,0,4348579,-1379779,-7891445,0,-67,None,None,None,0,0,0,813710,0,0,-10084867,-10084867,None,USD,105956773,0,None,3947997,96622913,9333860,60784291,24798649,43841,-120743455,60827000,0,129000,50325193,35795760,None,None,-2092523,3085063,102743499,None,9333855,0,48470309,0,0,10997111,0,0,43841,5,-120743455,0,None,128211,None,3213274,None,None,42862,60827153,None,None,None,132125992,105956773,50325193,None,43840909,USD,-43925000,49733181,-663346,10698,None,1464936,None,2778925,-10084866,-5718424,-6520014,-359902,113030,0,1464936,0,46485468,583339,1032176,-46504796,801660,-4916764,5.06,5.76
13,2017-03-31,USD,1343300,9348836,9249000,1343300,-7993835,-7993735,5359956,0,-7993735,0,3988880,11701,-8005536,0,-100,None,None,None,0,0,0,0,0,0,-7993735,-7993735,None,USD,61875181,0,None,3475013,43839361,18035820,32352662,5168614,43059,-110658588,32394000,0,126000,55241957,11444613,None,None,-1450617,2993005,58755983,None,18035815,0,39013,0,0,6275999,0,0,43059,5,-110658588,0,None,126193,None,3119198,None,None,42086,32394748,None,None,None,130101961,61875181,55241957,None,43058827,USD,-43925000,32973576,-179066,0,None,0,None,-81149,-7993735,25591495,25770561,-81149,100348,0,0,0,20000,752193,179066,19328,294934,25886429,2.6,5.06
14,2016-12-31,USD,2726161,9131090,9131000,2726161,-6399004,-6558654,6917314,0,-6396684,0,2213776,5925,-6404929,0,-2320,None,None,None,0,0,0,161970,122000,0,-6558654,-6558654,None,USD,35062831,0,None,3259503,9836304,25226527,1409483,2274514,43059,-102664853,1456000,0,126000,29355528,8380154,None,None,-1501452,2264477,32672613,None,25226522,0,57582,0,0,6105640,0,0,43059,5,-102664853,0,None,125741,None,2390218,None,None,46667,1456150,None,None,None,129349768,35062831,29355528,None,43058827,USD,-43925000,-1968432,-236965,20968,None,15221000,None,1043000,-6558653,-6966154,-6729189,1142199,185995,0,0,0,-59000,528352,903345,10219,-236019,-7202173,1.4052,2.6
15,2016-09-30,USD,785007,6962967,6963000,785007,-6196203,-6196203,4621957,0,-6196203,0,2341010,-18243,-6177960,0,0,None,None,None,0,0,0,0,0,0,-6196203,-6196203,None,USD,43712719,0,None,4579659,12230246,31482473,2233834,2529661,43059,-96106340,2279000,0,128000,36557701,9951847,None,None,-1325104,2447733,41137360,None,31482468,0,57582,0,0,7422186,0,0,43059,5,-96106340,0,None,127626,None,2575359,None,None,44565,2278399,None,None,None,128870853,43712719,36557701,None,43058827,USD,None,3099035,-198098,0,None,-59651,None,-1016964,-6196204,-3833140,-3575391,-1016964,92630,0,15221021,0,0,446113,198098,None,16408,-3816732,1.8275,1.4052
16,2016-06-30,USD,1072862,6868314,6868000,1072862,-5883253,-5883253,4500097,0,-5883253,0,2368217,-87801,-5795452,0,0,None,None,None,0,0,0,0,0,0,-5883253,-5883253,None,USD,46454576,0,None,3505890,9163032,37291544,2701626,2455728,43059,-89910136,2744000,0,127000,40374433,6419343,None,None,-1325774,2446917,43880323,None,37291539,0,57582,0,0,3963615,0,0,43059,5,-89910136,0,None,127336,None,2574253,None,None,42063,2743689,None,None,None,128484390,46454576,40374433,None,43058827,USD,None,-936095,-56689,0,None,15280672,15280672,40484,-5883253,9114070,-6109913,40484,-11764,0,0,0,0,611845,56689,None,71835,9185906,1.61,1.8275
17,2016-03-31,USD,1246644,5627318,5628000,1246644,-4161054,-4161054,3659435,0,-4161054,0,1967883,219620,-4380674,0,0,None,None,None,0,0,0,0,0,0,-4161054,-4161054,None,USD,37205297,0,None,3608102,10029226,27176071,3491690,2464722,39833,-84026743,3531000,0,128000,31188527,6497794,None,None,-1432125,2210389,34866888,None,27176071,0,70259,0,0,4033072,0,0,39833,0,-84026743,0,None,128020,None,2338409,None,None,39742,3531432,None,None,None,112595106,37205297,31188527,None,39833023,USD,None,6978963,-67919,0,None,0,None,-1185384,-4161054,1958640,2026559,-1185384,94521,0,0,0,68870,368383,67919,-68870,-119236,1839403,1.9,1.61
18,2015-12-31,USD,2139456,4704846,4031000,2139456,-2557809,-2901656,2942840,0,-2738231,0,1762006,7581,-2565390,0,180422,None,None,None,0,0,0,163425,-173740,0,-2901656,-2901656,None,USD,33950061,0,None,2311385,2821768,31128293,0,1739000,39833,-79865689,24000,0,127000,29349124,2797916,None,None,-1272574,2162771,31660509,None,31128293,0,980936,0,0,2797916,0,0,39833,0,-79865689,0,None,126781,None,2289552,None,None,23852,23852,None,None,None,112226723,33950061,29349124,None,39833023,USD,-43925000,314142,-351482,0,-1157940,10000,None,-699854,-2901656,-2833528,-2492046,-337169,73840,0,10000,0,-59000,341469,351482,None,-72227,-2905755,2.29,1.9
19,2015-09-30,USD,414610,4294492,4216000,414610,-3881811,-3922252,2051688,0,-3881811,0,2242804,-1929,-3879882,0,-4276,None,None,None,0,0,0,40441,0,0,-3922252,-3922252,None,USD,36200507,0,None,1874969,2549732,33650775,0,65714,39760,-76964033,308000,0,121000,32254879,2241661,None,None,-1150279,1928192,34150740,None,33650775,0,20892,0,0,2175947,0,0,39760,0,-76964033,0,None,97111,24464,2049767,None,None,308071,308071,None,None,None,111725327,36200507,32254879,None,39759530,USD,None,-774015,-196979,0,13230,25777190,None,None,-3922252,22043229,-3536982,703646,79511,0,25763960,0,17328,393456,194979,-17328,182345,22227574,1.83,2.29
