,fiscalDateEnding,reportedCurrency_x,totalRevenue,totalOperatingExpense,costOfRevenue,grossProfit,ebit,netIncome_x,researchAndDevelopment,effectOfAccountingCharges,incomeBeforeTax,minorityInterest,sellingGeneralAdministrative,otherNonOperatingIncome,operatingIncome,otherOperatingExpense,interestExpense,taxProvision,interestIncome,netInterestIncome,extraordinaryItems,nonRecurring,otherItems,incomeTaxExpense,totalOtherIncomeExpense,discontinuedOperations,netIncomeFromContinuingOperations,netIncomeApplicableToCommonShares,preferredStockAndOtherAdjustments,reportedCurrency_y,totalAssets,intangibleAssets,earningAssets,otherCurrentAssets,totalLiabilities,totalShareholderEquity,deferredLongTermLiabilities,otherCurrentLiabilities,commonStock,retainedEarnings,otherLiabilities,goodwill,otherAssets,cash,totalCurrentLiabilities,shortTermDebt,currentLongTermDebt,otherShareholderEquity,propertyPlantEquipment,totalCurrentAssets,longTermInvestments,netTangibleAssets,shortTermInvestments,netReceivables,longTermDebt,inventory,accountsPayable,totalPermanentEquity,additionalPaidInCapital,commonStockTotalEquity,preferredStockTotalEquity,retainedEarningsTotalEquity,treasuryStock,accumulatedAmortization,otherNonCurrrentAssets,deferredLongTermAssetCharges,totalNonCurrentAssets,capitalLeaseObligations,totalLongTermDebt,otherNonCurrentLiabilities,totalNonCurrentLiabilities,negativeGoodwill,warrants,preferredStockRedeemable,capitalSurplus,liabilitiesAndShareholderEquity,cashAndShortTermInvestments,accumulatedDepreciation,commonStockSharesOutstanding,reportedCurrency,investments,changeInLiabilities,cashflowFromInvestment,otherCashflowFromInvestment,netBorrowings,cashflowFromFinancing,otherCashflowFromFinancing,changeInOperatingActivities,netIncome_y,changeInCash,operatingCashflow,otherOperatingCashflow,depreciation,dividendPayout,stockSaleAndPurchase,changeInInventory,changeInAccountReceivables,changeInNetIncome,capitalExpenditures,changeInReceivables,changeInExchangeRate,changeInCashAndCashEquivalents,clossingVal,nextClossingVal
0,2020-06-30,USD,0,11354000,None,None,-11078000,-11333000,5870000,None,-11333000,None,5317000,None,-11354000,None,None,None,21000,21000,None,None,None,None,None,None,-11333000,-11333000,None,USD,58382000,4214000,None,None,16054000,42328000,None,None,25000,-145894000,None,2791000,365000,37765000,4890000,None,None,None,12340000,38672000,None,35323000,0,None,None,None,1489000,None,None,None,None,None,None,None,365000,None,19710000,11442000,None,None,11164000,None,None,None,None,None,None,None,None,USD,8081000,-9000,8081000,None,None,29759000,-501000,601000,-11333000,29901000,-7939000,None,276000,None,None,None,None,2526000,0,None,None,None,10.46,
1,2020-03-31,USD,0,11950000,None,None,-11680000,-11872000,6181000,None,-11872000,None,5603000,None,-11950000,None,None,None,78000,78000,None,None,None,None,None,None,-11872000,-11872000,None,USD,31841000,4381000,None,None,10073000,21768000,None,None,21000,-134561000,None,2791000,562000,7864000,3383000,None,None,17000,7676000,16431000,None,14596000,8022000,None,None,None,1214000,None,None,None,None,None,None,None,562000,None,15410000,6788000,None,None,6690000,None,None,None,156291000,None,15886000,None,21000000,USD,10323000,-749000,10323000,10494000,None,264000,-501000,107000,-11872000,965000,-9622000,None,270000,None,264000,None,None,2622000,171000,None,None,None,7.16,10.46
2,2019-12-31,USD,0,13930000,None,None,-13660000,-13788000,6590000,None,-13788000,None,7174000,None,-13930000,None,None,None,142000,142000,None,None,None,None,142000,None,-13788000,-13788000,None,USD,41915000,4547000,None,None,11178000,30737000,None,234000,21000,-122689000,None,2791000,494000,6899000,4459000,None,None,4000,7680000,26403000,None,23399000,18499000,None,None,None,1963000,None,None,None,None,None,None,None,494000,None,15512000,6719000,None,None,6719000,None,None,None,153401000,None,25398000,None,21000000,USD,6525000,102000,6525000,-9493000,None,0,-501000,735000,-13788000,-2671000,-9196000,None,270000,None,695000,None,None,3485000,608000,None,None,None,13.41,7.16
3,2019-09-30,USD,0,11964000,None,None,-11707000,-11746000,6192000,None,-11746000,None,5606000,None,-11964000,None,None,None,218000,218000,None,None,None,None,218000,None,-11746000,-11746000,None,USD,48702000,4713000,None,None,7721000,40981000,None,219000,21000,-108901000,None,2791000,1645000,9570000,4047000,None,None,8000,3618000,35935000,None,33477000,24928000,None,None,None,1816000,None,None,None,None,None,None,None,1645000,None,12767000,3851000,None,None,3674000,None,None,None,149853000,None,34498000,None,21000000,USD,6554000,239000,6554000,-15981000,None,201000,-501000,773000,-11746000,-1210000,-7965000,None,257000,None,695000,None,None,2512000,533000,None,None,None,15.44,13.41
4,2019-06-30,USD,0,11649000,None,None,-11345000,-11359000,6337000,None,-11359000,None,5146000,None,-11649000,None,None,None,290000,290000,None,None,None,None,290000,None,-11359000,-11359000,None,USD,57033000,4880000,None,None,7172000,49861000,None,None,21000,-97155000,None,2791000,1645000,10780000,3448000,None,None,22000,3167000,44550000,None,42190000,31862000,None,None,None,1577000,None,None,None,None,None,None,None,1645000,None,12483000,3892000,None,None,3724000,None,None,None,146973000,None,42642000,None,21000000,USD,12551000,377000,12551000,-23068000,None,-613000,-613000,-1520000,-11359000,2244000,-9694000,None,304000,None,494000,None,None,2504000,67000,None,None,None,13.2,15.44
5,2019-03-31,USD,0,10410000,None,None,-10081000,-10078000,5842000,None,-10078000,None,4401000,None,-10410000,None,None,None,332000,332000,None,None,None,None,332000,None,-10078000,-10078000,None,USD,63452000,5046000,None,None,4338000,59114000,None,396000,21000,-85796000,None,2791000,208000,8536000,3115000,396000,396000,2000,2056000,53351000,None,51277000,44265000,None,1223000,None,1200000,None,None,None,None,None,None,None,208000,None,10101000,1619000,None,1223000,1223000,None,None,None,144887000,None,52801000,None,21000000,USD,-35731000,-72000,-35731000,-35686000,None,494000,None,226000,-10078000,-42567000,-7330000,None,162000,None,494000,None,None,2265000,45000,None,None,None,17.59,13.2
6,2018-12-31,USD,0,9060000,600000,0,-9060000,-8953000,5079000,0,-8953000,0,3815000,None,-9060000,0,0,None,None,None,0,0,0,0,107000,0,-8953000,-8953000,None,USD,70640000,5213000,None,None,4306000,66334000,None,415000,21000,-75718000,1198000,2791000,101000,51103000,3108000,None,None,-1000,2173000,60362000,None,58330000,8480000,None,None,None,1272000,None,None,None,None,None,None,None,None,None,None,None,None,None,None,None,None,None,142032000,None,59583000,None,17000000,USD,6252000,-9000,6219000,26393000,None,44861000,-115000,-21000,-8953000,44772000,-6308000,None,337000,None,45611000,None,None,2338000,33000,None,None,None,11.46,17.59
7,2018-09-30,USD,0,10879000,0,0,-10879000,-10761000,5038000,0,-10761000,0,5675000,None,-10879000,0,0,None,None,None,0,0,0,0,118000,0,-10761000,-10761000,None,USD,32726000,5379000,None,1095000,4652000,28074000,0,410000,17000,-66765000,1304000,2791000,101000,6331000,3348000,None,None,-3000,2339000,22116000,None,19904000,14690000,None,0,0,1281000,0,0,0,0,0,0,None,None,None,None,None,None,None,None,None,None,None,None,None,None,None,17000000,USD,6061000,-221000,5989000,0,None,398000,None,457000,-10761000,-463000,-6850000,None,331000,0,0,0,0,3344000,72000,None,None,None,14.19,11.46
8,2018-06-30,USD,0,9300000,0,0,-9300000,-9163000,3960000,0,-9163000,0,5173000,None,-9300000,-166000,0,None,None,None,0,0,0,0,137000,0,-9163000,-9163000,None,USD,39529000,5545000,None,1161000,4482000,35047000,0,406000,17000,-56004000,1410000,2791000,101000,6794000,3072000,None,None,None,2432000,28660000,None,26711000,20705000,None,0,0,1502000,0,0,0,0,0,0,None,None,None,None,None,None,None,None,None,None,None,None,None,None,None,17000000,USD,2047000,558000,1910000,0,None,-63000,None,-572000,-9163000,-3873000,-5720000,None,323000,0,0,0,0,3134000,137000,None,None,None,15.14,14.19
9,2018-03-31,USD,0,8724000,0,0,-8724000,-8668000,3175000,0,-8668000,0,5383000,None,-8724000,166000,0,None,None,None,0,0,0,0,56000,0,-8668000,-8668000,None,USD,44798000,5712000,None,368000,3703000,41095000,0,401000,17000,-46841000,1512000,2791000,101000,10667000,2191000,None,None,-3000,2451000,33743000,None,32592000,22708000,None,0,0,944000,0,0,0,0,0,0,None,None,None,None,None,None,None,None,None,None,None,None,None,None,None,17000000,USD,12033000,162000,11999000,0,None,300000,None,-241000,-8668000,7281000,-5018000,None,319000,0,0,0,0,3410000,34000,None,None,None,13.53,15.14
10,2017-12-31,USD,0,30731000,0,0,-27533000,-18081000,2863000,0,-25567000,0,8525000,None,-25814000,667000,0,None,None,None,0,0,0,0,247000,0,-27243000,-27243000,None,USD,49821000,8669000,None,412000,3826000,45995000,0,1431000,17000,-38173000,1613000,2791000,8770000,3386000,2213000,None,None,-51000,2570000,38481000,None,37326000,34683000,None,0,0,782000,0,0,0,0,0,0,None,None,None,None,None,None,None,None,None,None,None,None,None,None,None,15000000,USD,-20447000,762000,-22998000,0,None,35382000,None,-109000,-25567000,1297000,-11087000,None,1001000,0,0,0,0,13071000,2551000,None,None,None,23.6,13.53
11,2017-09-30,USD,0,-11138000,0,0,1544000,-1306000,2925000,0,0,0,7212000,None,-3198000,163000,0,None,None,None,0,0,0,0,0,0,1460000,1460000,None,USD,54124000,8835000,None,512000,4189000,49935000,0,1560000,16000,0,1715000,2791000,8936000,32423000,2474000,None,None,-2000,2635000,0,None,41100000,9618000,None,0,0,914000,0,0,0,0,0,0,None,None,None,None,None,None,None,None,None,None,None,None,None,None,None,14000000,USD,3785000,856000,2264000,0,None,35194000,None,333000,-16864000,30433000,-7124000,None,0,0,34944000,0,0,3360000,2407000,None,None,None,18.61,23.6
12,2017-06-30,USD,0,6221000,0,0,3373000,-2982000,2131000,0,0,0,6029000,None,6396000,-331000,0,None,None,None,0,0,0,0,0,0,3414000,3414000,None,USD,27948000,9001000,None,717000,3788000,24160000,0,1121000,15000,0,1816000,2791000,9102000,1990000,1972000,None,None,-6000,2730000,0,None,15159000,13409000,None,0,0,851000,0,0,0,0,0,0,None,None,None,None,None,None,None,None,None,None,None,None,None,None,None,14000000,USD,2696000,653000,-1578000,0,None,5186000,None,-207000,-9378000,-761000,-3707000,None,0,0,4965000,0,0,4918000,2464000,None,None,None,34.53,18.61
13,2017-03-31,USD,0,0,0,0,-3198000,-3198000,1727000,0,0,0,3047000,None,-3198000,166000,0,None,None,None,0,0,0,0,0,0,-3198000,-3198000,None,USD,28574000,9168000,None,253000,1242000,27332000,0,460000,14000,0,None,2791000,9168000,2751000,1242000,None,None,-9000,293000,0,None,18164000,16109000,None,0,0,782000,0,0,0,0,0,0,None,None,None,None,None,None,None,None,None,None,None,None,None,None,None,14000000,USD,-1810000,226000,-1810000,0,None,4971000,None,15000,-3198000,662000,-2499000,None,0,0,0,0,0,263000,0,None,None,None,20.41,34.53
14,2016-12-31,USD,0,9586000,0,0,-11335000,-6751000,1806000,0,-9518000,0,2652000,None,-6819000,830000,0,None,None,None,0,0,0,0,68000,0,-11267000,-11267000,None,USD,26314000,9334000,None,268000,1016000,25298000,0,751000,13000,-12606000,None,2791000,9334000,2089000,1016000,None,None,-7000,317000,16663000,None,15964000,14306000,None,0,0,265000,0,0,0,0,0,0,None,None,None,None,None,None,None,None,None,None,None,None,None,None,None,11000000,USD,-14317000,249000,-14381000,0,None,20915000,None,-169000,-9518000,-1517000,-8051000,None,759000,0,0,0,0,874000,64000,None,None,None,6.5,20.41
15,2016-09-30,USD,0,0,0,0,4007000,-509000,1739000,0,0,0,2608000,None,-509000,-331000,0,None,None,None,0,0,0,0,0,0,4007000,4007000,None,USD,28830000,9500000,None,294000,967000,27863000,0,521000,13000,0,None,2791000,9500000,4628000,967000,None,None,-8000,323000,0,None,18363000,14085000,None,0,0,446000,0,0,0,0,0,0,None,None,None,None,None,None,None,None,None,None,None,None,None,None,None,13000000,USD,-13601000,240000,-14160000,0,None,20915000,None,43000,-6709000,-15586000,-5733000,None,0,0,0,0,0,238000,64000,None,None,None,6.29,6.5
16,2016-06-30,USD,0,0,0,0,-2258000,-574000,1453000,0,0,0,2071000,None,-574000,166000,0,None,None,None,0,0,0,0,0,0,-2258000,-2258000,None,USD,31057000,9667000,None,337000,590000,30467000,0,257000,13000,0,None,2791000,9667000,20214000,590000,None,None,-8000,344000,0,None,20800000,495000,None,0,0,333000,0,0,0,0,0,0,None,None,None,None,None,None,None,None,None,None,None,None,None,None,None,10000000,USD,-495000,-60000,-556000,0,None,20915000,None,-357000,-3942000,18109000,-3751000,None,0,0,0,0,0,196000,61000,None,None,None,4.49,6.29
17,2016-03-31,USD,0,0,0,0,0,-1684000,990000,0,0,0,1496000,None,-1684000,0,0,None,None,None,0,0,0,0,0,0,0,0,None,USD,12824000,9833000,None,540000,650000,12174000,0,354000,8000,0,None,2791000,9833000,2105000,650000,None,None,None,346000,0,None,None,0,None,0,0,296000,0,0,0,0,0,0,None,None,None,None,None,None,None,None,None,None,None,None,None,None,None,8000000,USD,None,None,-39000,0,None,0,None,None,-1684000,None,-1462000,None,0,0,0,0,0,None,39000,None,None,None,nan,4.49
18,2015-12-31,USD,0,4468000,0,0,-4468000,-2811000,952000,0,-4468000,0,1348000,None,-4468000,666000,0,None,None,None,0,0,0,-1657000,0,0,-2811000,-2811000,None,USD,14325000,9999000,None,391000,660000,13665000,None,398000,8000,-3088000,None,2791000,9999000,3606000,660000,None,None,-7000,329000,3997000,None,3666000,14306000,None,None,None,262000,None,None,None,None,None,None,None,None,None,None,None,None,None,None,None,None,None,None,None,None,None,8000000,USD,-14317000,431000,-86000,None,None,20915000,None,-54000,-2811000,-3403000,-3317000,None,717000,None,20915000,None,None,-1255000,86000,None,None,None,nan,nan
19,2015-09-30,USD,0,0,0,0,0,0,659000,0,0,0,1056000,None,0,0,0,None,None,None,0,0,0,0,0,0,0,0,None,USD,None,None,None,None,None,None,None,None,None,None,None,None,None,None,None,None,None,None,None,None,None,None,None,None,None,None,None,None,None,None,None,None,None,None,None,None,None,None,None,None,None,None,None,None,None,None,None,None,8000000,USD,None,None,None,None,None,None,None,None,None,None,None,None,None,None,None,None,None,None,0,None,None,None,nan,nan
