,fiscalDateEnding,reportedCurrency_x,totalRevenue,totalOperatingExpense,costOfRevenue,grossProfit,ebit,netIncome_x,researchAndDevelopment,effectOfAccountingCharges,incomeBeforeTax,minorityInterest,sellingGeneralAdministrative,otherNonOperatingIncome,operatingIncome,otherOperatingExpense,interestExpense,taxProvision,interestIncome,netInterestIncome,extraordinaryItems,nonRecurring,otherItems,incomeTaxExpense,totalOtherIncomeExpense,discontinuedOperations,netIncomeFromContinuingOperations,netIncomeApplicableToCommonShares,preferredStockAndOtherAdjustments,reportedCurrency_y,totalAssets,intangibleAssets,earningAssets,otherCurrentAssets,totalLiabilities,totalShareholderEquity,deferredLongTermLiabilities,otherCurrentLiabilities,commonStock,retainedEarnings,otherLiabilities,goodwill,otherAssets,cash,totalCurrentLiabilities,shortTermDebt,currentLongTermDebt,otherShareholderEquity,propertyPlantEquipment,totalCurrentAssets,longTermInvestments,netTangibleAssets,shortTermInvestments,netReceivables,longTermDebt,inventory,accountsPayable,totalPermanentEquity,additionalPaidInCapital,commonStockTotalEquity,preferredStockTotalEquity,retainedEarningsTotalEquity,treasuryStock,accumulatedAmortization,otherNonCurrrentAssets,deferredLongTermAssetCharges,totalNonCurrentAssets,capitalLeaseObligations,totalLongTermDebt,otherNonCurrentLiabilities,totalNonCurrentLiabilities,negativeGoodwill,warrants,preferredStockRedeemable,capitalSurplus,liabilitiesAndShareholderEquity,cashAndShortTermInvestments,accumulatedDepreciation,commonStockSharesOutstanding,reportedCurrency,investments,changeInLiabilities,cashflowFromInvestment,otherCashflowFromInvestment,netBorrowings,cashflowFromFinancing,otherCashflowFromFinancing,changeInOperatingActivities,netIncome_y,changeInCash,operatingCashflow,otherOperatingCashflow,depreciation,dividendPayout,stockSaleAndPurchase,changeInInventory,changeInAccountReceivables,changeInNetIncome,capitalExpenditures,changeInReceivables,changeInExchangeRate,changeInCashAndCashEquivalents,clossingVal,nextClossingVal
0,2020-06-30,USD,68070000,31415000,62994000,5076000,-26315000,-8656000,9757000,None,-26315000,None,21658000,24000,-26339000,None,13198000,-17659000,None,-13198000,None,None,None,-17659000,13222000,None,-8656000,-8669000,13000,USD,1030314000,38574000,None,31436000,790349000,239965000,None,94289000,3482000,-1391961000,36794000,70402000,191944000,203126000,208354000,50933000,50933000,1271000,334739000,394655000,None,130989000,None,45522000,142704000,114571000,63132000,None,None,3482000,None,-1391961000,-31359000,None,526683000,None,635659000,358348000,142704000,439291000,581995000,None,None,None,1658532000,1030314000,203126000,None,306959462,USD,-50196000,7632000,-50196000,-45286000,250345000,177482000,-82333000,-1023000,-8656000,76054000,-51232000,7368000,6968000,None,9425000,-17402000,-19404000,-27738000,4910000,-19404000,None,76054000,8.21,
1,2020-03-31,USD,40813000,21425000,45284000,-4471000,-37479000,-37479000,10412000,None,-37479000,None,11013000,-11583000,-25896000,None,11583000,0,-11583000,-11583000,None,None,None,None,None,None,-37479000,-37492000,13000,USD,748544000,5296000,None,28500000,638715000,109120000,None,74027000,3222000,-1383299000,22925000,8673000,188129000,131144000,151622000,27819000,27819000,1164000,269393000,277053000,None,95860000,None,24437000,112878000,92972000,49776000,None,None,3222000,None,-1383299000,-31224000,None,457522000,None,471491000,324218000,112878000,374215000,487093000,None,709000,None,1519257000,748544000,131144000,None,306959462,USD,-6355000,-2933000,-6355000,None,-1976000,4083000,7636000,-10794000,-37479000,-62287000,-60015000,-8819000,5741000,None,6104000,-20581000,1011000,3045000,6355000,1011000,None,-62287000,3.54,8.21
2,2019-12-31,USD,98202000,20323000,78882000,19320000,-11737000,-11737000,9341000,None,-11737000,None,10982000,-10734000,-1003000,None,10806000,0,-10734000,-10806000,None,None,None,None,72000,None,-11737000,-11698000,-39000,USD,771184000,5539000,None,21192000,635355000,134679000,None,69741000,3186000,-1300000000,117258000,8842000,183764000,194309000,150791000,26461000,42007000,1400000,259699000,313340000,None,121448000,None,25448000,110246000,72391000,54589000,None,None,3186000,None,-1300000000,-31216000,None,443463000,None,457844000,205313000,110246000,374318000,484564000,None,1150000,None,1507116000,771184000,194309000,None,303378515,USD,-5273000,6586000,-5273000,-544000,13845000,176045000,26419000,-8537000,-11737000,171051000,279000,-11132000,5789000,None,135800000,8210000,-1056000,3619000,4729000,-1056000,None,171051000,3.16,3.54
3,2019-09-30,USD,56376000,18428000,51114000,5262000,-21229000,-21229000,8028000,None,-21229000,None,10400000,-8063000,-13166000,None,8490000,0,-8063000,-8490000,None,None,None,None,427000,None,-21229000,-21242000,13000,USD,556009000,5113000,None,12804000,543960000,-14406000,None,62830000,2540000,-1334057000,22555000,8606000,128474000,78995000,126340000,17202000,17202000,929000,217024000,196792000,None,-1670000,None,24392000,107760000,80601000,46308000,None,None,2540000,None,-1334057000,-31216000,None,345498000,None,359217000,249577000,107760000,309860000,417620000,None,26455000,None,1347398000,556009000,78995000,None,238723533,USD,-2655000,12061000,-2655000,375000,31946000,69029000,31640000,887000,-21229000,63061000,-3313000,3144000,5545000,None,5443000,-7411000,1854000,2723000,2655000,1854000,None,63061000,2.63,3.16
4,2019-06-30,USD,57068000,22560000,46914000,10154000,-18561000,-18561000,8933000,None,-18561000,None,13627000,-6155000,-12406000,None,7861000,0,-6155000,-7861000,None,None,None,None,1706000,None,-18561000,-18587000,26000,USD,456994000,5398000,None,14001000,436014000,-10655000,None,45410000,2470000,-1312815000,25057000,8961000,104924000,39245000,102806000,15928000,15928000,1460000,184683000,153028000,None,6621000,None,26592000,66844000,73190000,41468000,None,None,2470000,None,-1312815000,-30681000,None,289607000,None,303966000,188194000,66844000,266364000,333208000,None,31635000,None,1328911000,456994000,39245000,None,231954736,USD,-4042000,4013000,-4042000,-1485000,11881000,42376000,25609000,-1478000,-18561000,26109000,-12225000,-1105000,4754000,None,4886000,-7716000,4870000,1520000,2557000,4870000,None,26109000,2.25,2.63
5,2019-03-31,USD,18593000,16697000,25363000,-6770000,-33938000,-33938000,7373000,None,-33938000,None,9324000,-10471000,-23467000,None,8345000,0,-10471000,-8345000,None,None,None,None,-2126000,None,-33938000,-33990000,52000,USD,396199000,3677000,None,10296000,365739000,-1180000,None,38004000,2445000,-1294241000,57687000,8886000,61667000,58633000,88760000,12559000,12559000,1374000,155504000,166465000,None,17897000,None,32062000,137701000,65474000,38197000,None,None,2445000,None,-1294241000,-30637000,None,217171000,None,229734000,135192000,137701000,139278000,276979000,None,31640000,None,1319879000,396199000,58633000,None,229534572,USD,-2274000,-2781000,-2274000,None,14074000,37650000,-3000,1018000,-33938000,-887000,-36263000,2692000,5420000,None,23576000,-17564000,4978000,4930000,2274000,4978000,None,-887000,2.4,2.25
6,2018-12-31,USD,58266000,17426000,53759000,4507000,-18483000,-16847000,8430000,0,-18483000,0,8996000,-5564000,-12919000,-174632000,-6542000,None,None,None,0,0,0,-1636000,-5564000,0,-16847000,-16860000,13000,USD,390326000,3890000,None,14357000,355970000,2713000,None,86879000,2342000,-1260290000,59455000,9023000,62178000,56001000,146370000,16803000,16803000,1584000,159620000,155615000,None,21443000,None,37347000,63380000,47910000,42688000,None,None,2342000,None,-1260290000,-30637000,None,221798000,None,234711000,None,63380000,146220000,209600000,None,31643000,None,1289714000,390326000,56001000,None,219157998,USD,None,-7739000,-2044000,-50000,-10372000,66128000,43237000,-5926000,-16847000,48109000,-15975000,1969000,4515000,None,33263000,6487000,-5008000,648000,1994000,-5008000,None,48158000,1.24,2.4
7,2018-09-30,USD,53165000,17054000,48756000,4409000,-17281000,-15565000,8402000,0,-17281000,0,8652000,-4636000,-12645000,0,-6352000,None,None,None,0,0,0,-1716000,-4636000,0,-15565000,-15578000,13000,USD,319278000,4058000,None,16050000,304164000,14405000,0,59948000,2326000,-1243430000,116188000,9157000,39066000,29628000,117095000,11489000,11489000,1762000,143170000,123827000,None,1899000,15803000,24721000,70881000,53428000,45658000,0,0,2326000,709000,-1243430000,-30637000,None,182236000,None,195451000,None,70881000,116188000,187069000,None,709000,None,1284384000,319278000,29628000,None,217508730,USD,None,57000,-1168000,0,-33601000,4274000,32938000,-284000,-15565000,6643000,3537000,1842000,4971000,0,4937000,6066000,6788000,-622000,1168000,6788000,-13000,6630000,1.92,1.24
8,2018-06-30,USD,36006000,20668000,38316000,-2310000,-28780000,-25868000,8427000,0,-28780000,0,12241000,-5802000,-22978000,0,-6136000,None,None,None,0,0,0,-2912000,-3917000,0,-25868000,-25881000,13000,USD,276227000,4250000,None,15661000,249390000,26128000,0,51300000,2297000,-1224365000,64640000,9210000,37742000,28402000,109666000,11461000,11461000,1844000,95621000,117860000,None,13377000,13367000,31509000,75084000,42288000,46905000,0,0,2297000,709000,-1224365000,-30637000,None,49286000,None,158367000,None,75084000,64640000,139724000,None,709000,None,1276989000,276227000,28402000,None,214653162,USD,None,-246000,-12057000,-879000,967000,-257000,-1241000,180000,-25868000,-33465000,-21151000,4101000,5251000,0,17000,5060000,-8523000,-926000,11178000,-8523000,-82000,-33547000,2.02,1.92
9,2018-03-31,USD,27195000,16957000,31179000,-3984000,-22788000,-19835000,8648000,0,-22788000,0,8309000,-1847000,-20941000,0,-3105000,None,None,None,0,0,0,-2953000,-3732000,0,-19835000,-19848000,13000,USD,298306000,3724000,None,14641000,248105000,49492000,0,47779000,2292000,-1198484000,36750000,9714000,40334000,60557000,113341000,14763000,14763000,2606000,88167000,145532000,None,36763000,13811000,22986000,71146000,47348000,50799000,0,0,2292000,709000,-1198484000,-30602000,None,51169000,None,152774000,None,71146000,63618000,134764000,None,709000,None,1273680000,298306000,60557000,None,214207574,USD,None,-2338000,-4303000,0,91408000,49199000,-42259000,1376000,-19835000,20868000,-24028000,3261000,3317000,0,50000,1428000,-7655000,-2206000,4303000,-7655000,46000,20914000,1.89,2.02
10,2017-12-31,USD,35483000,17060000,32530000,-657000,-19439000,-19439000,8634000,0,-19439000,0,8426000,-1722000,-17717000,1790000,-10100000,None,None,None,0,0,0,0,-52231000,0,-19439000,-22460000,3021000,USD,270810000,3785000,None,16774000,196455000,73646000,25809000,44002000,2291000,-1178636000,30294000,9445000,53724000,38726000,115721000,18762000,18762000,2194000,87065000,119607000,None,61125000,13898000,15331000,13371000,48776000,52957000,0,0,2291000,709000,-1178636000,-3102000,None,50908000,None,151203000,None,13371000,41554000,80734000,None,709000,None,1250899000,270810000,38726000,None,228486366,USD,None,5185000,-16072000,0,-2688000,11769000,12072000,-4888000,-19439000,16809000,21112000,-1756000,3018000,0,2385000,-4089000,-3408000,655000,16072000,37538000,62000,16871000,2.36,1.89
11,2017-09-30,USD,61427000,16971000,54780000,-19410000,-40983000,-40983000,7436000,0,-40983000,0,9535000,-4602000,-36381000,26057000,0,None,None,None,0,0,0,0,-473000,0,-40983000,-41008000,25000,USD,275683000,3892000,None,12758000,188221000,86753000,25898000,33505000,2282000,-1159185000,31674000,9314000,58509000,22859000,103148000,22081000,22081000,1958000,75344000,133173000,None,74256000,14902000,52869000,17933000,44687000,47562000,0,0,2282000,709000,-1159185000,-3091000,None,53960000,None,142510000,None,17933000,41242000,85073000,None,709000,None,1244789000,275683000,22859000,None,226000000,USD,None,25068000,-7746000,0,20005000,36444000,15372000,-656000,-40983000,5739000,-22959000,25401000,2766000,0,1067000,-1984000,40946000,4374000,7746000,-37601000,128000,5867000,2.61,2.36
12,2017-06-30,USD,20784000,24529000,24327000,-3543000,-42619000,-42619000,6625000,0,-42619000,0,17904000,-14547000,-28072000,1820000,0,None,None,None,0,0,0,0,-114000,0,-42619000,-42645000,26000,USD,228580000,3926000,None,13126000,129160000,98267000,17312000,27242000,2253000,-1118177000,21352000,9006000,61895000,16920000,67110000,5383000,53187000,1403000,70293000,88017000,None,86488000,14830000,15268000,17955000,42703000,34485000,0,0,2253000,1153000,-1118177000,-3091000,None,57338000,None,140563000,None,17955000,26783000,62050000,None,1153000,None,1215879000,228580000,16920000,None,220000000,USD,None,1373000,-10906000,0,1249000,35584000,-2938000,-1503000,-42619000,-9798000,-34476000,7010000,2477000,0,37273000,-8977000,3345000,14626000,10906000,-8366000,123000,-9675000,2.04,2.61
13,2017-03-31,USD,15235000,15143000,19714000,-4479000,-24039000,-24039000,5998000,0,-24039000,0,9145000,-4417000,-19622000,0,0,None,None,None,0,0,0,0,-2137000,0,-24039000,-24065000,26000,USD,210724000,3844000,None,10363000,141084000,60709000,17050000,27621000,1918000,-1078541000,30962000,8422000,63197000,26593000,67135000,5971000,5971000,467000,61857000,77584000,None,57374000,14828000,6902000,17873000,33726000,33543000,0,0,1918000,8931000,-1078541000,-3091000,None,59017000,None,133140000,None,17873000,39026000,73949000,None,8931000,None,1139956000,210724000,26593000,None,191000000,USD,None,-8906000,-9639000,0,684000,-786000,2230000,1569000,-24039000,-34284000,-23859000,817000,2292000,0,-3700000,-3786000,5021000,4742000,9639000,5021000,35000,-34249000,1.38,2.04
14,2016-12-31,USD,32578000,14948000,29567000,3011000,-19772000,-19211000,6145000,0,-19211000,0,8803000,-7835000,-11937000,-1071000,-6800000,None,None,None,0,0,0,-392000,-4247000,0,-19211000,-19237000,26000,USD,240832000,3933000,None,11837000,146122000,85088000,17413000,22890000,1917000,-1051467000,29041000,8291000,67593000,57233000,66485000,2964000,2964000,247000,54060000,110933000,None,82486000,11219000,11923000,20829000,29940000,40631000,0,0,1917000,9622000,-1051467000,-3091000,None,63615000,None,129899000,None,20829000,41395000,79637000,None,9622000,None,1137482000,240832000,57233000,None,191141646,USD,None,9987000,-12937000,0,-9702000,16525000,-3694000,-12060000,-19211000,3621000,33000,-2766000,3176000,0,29921000,5854000,10727000,2910000,12937000,83000,-93000,3528000,1.2,1.38
15,2016-09-30,USD,17559000,13637000,17178000,381000,-13394000,-13394000,5001000,0,-13394000,0,8636000,-138000,-13256000,0,0,None,None,None,0,0,0,0,-431000,0,-13394000,-13420000,26000,USD,223985000,4308000,None,11511000,129214000,93618000,12203000,19033000,1810000,-1032230000,13979000,8838000,66006000,47561000,56436000,2964000,2964000,1115000,42622000,106872000,None,81625000,5075000,12006000,23541000,35794000,37403000,0,0,1810000,1153000,-1032230000,-3084000,None,61345000,None,117113000,None,23541000,37034000,72778000,None,1153000,None,1126007000,223985000,47561000,None,180000000,USD,None,806000,-16296000,0,1299000,6746000,5447000,-1026000,-13394000,-23458000,-13908000,-3179000,1694000,0,0,-866000,10644000,393000,16296000,638000,-96000,-23554000,1.71,1.2
16,2016-06-30,USD,20459000,13760000,20075000,384000,-13128000,-13128000,5201000,0,-13128000,0,8559000,248000,-13376000,0,0,None,None,None,0,0,0,392000,-1682000,0,-13128000,-13154000,26000,USD,233403000,4420000,None,9859000,127454000,104796000,12445000,12045000,1808000,-1018810000,18579000,8755000,69692000,70052000,49715000,2964000,2964000,1092000,27247000,127516000,350000,92774000,4012000,12677000,23907000,34928000,37670000,0,0,1808000,1153000,-1018810000,-2909000,None,65115000,None,105887000,None,23907000,41387000,77739000,None,1153000,None,1123615000,233403000,70052000,None,180000000,USD,None,3484000,-15206000,0,-1154000,23218000,24351000,-740000,-13128000,-833000,-8845000,-3606000,1414000,0,21000,4222000,10006000,745000,15206000,-1976000,-9000,-842000,1.86,1.71
17,2016-03-31,USD,15332000,13120000,15162000,170000,-11585000,-11754000,4830000,0,-12146000,0,8290000,1365000,-12950000,0,561000,None,None,None,0,0,0,-392000,0,0,-11754000,-11780000,26000,USD,222169000,4656000,None,9738000,104985000,116031000,13274000,10251000,1807000,-1005656000,22878000,8827000,69716000,70894000,67711000,23961000,23961000,1381000,13237000,130466000,367000,103701000,4012000,10684000,14396000,39150000,33499000,0,0,1807000,1153000,-1005656000,-2909000,None,64616000,None,91703000,None,None,24000000,37274000,None,1153000,None,1121408000,222169000,70894000,None,180000000,USD,None,1179000,-13636000,0,23843000,23396000,-556000,-1832000,-11754000,2844000,-6916000,-3580000,716000,0,109000,-6398000,11982000,939000,13636000,11982000,77000,2921000,2.05,1.86
18,2015-12-31,USD,38431000,14330490,48220202,-9788741,-23226407,-25199179,4491000,0,-25200000,0,10820031,892824,-24119231,10050000,203977,None,None,None,0,0,0,0,3312000,0,-23430384,-25226149,26970,USD,209456000,4644000,None,7855000,83567000,125889000,13997000,11993000,1806000,-993876000,26052000,8478000,69304000,63961000,42706000,2964000,2964000,798000,8922000,131230000,383000,111614000,4012000,22650000,14809000,32752000,30713000,0,0,1806000,1153000,-993876000,-2909000,None,55799000,None,78226000,None,None,26864000,40861000,None,1153000,None,1118917000,209456000,67973000,None,176000000,USD,None,10142000,-933000,-315000,-9819000,-10065000,-47335000,-11592000,-25200000,-20976000,-9978000,6637000,671000,0,-246000,-950000,-5638000,2808000,618000,-4086000,-72000,-21048000,2.11,2.05
19,2015-09-30,USD,31432000,12342000,31346000,86000,-10177000,-10213000,4131000,0,-10213000,0,8201000,2079000,-12256000,10000,36000,None,None,None,0,0,0,0,0,0,-10213000,-10238000,25000,USD,204618000,4915000,None,7917000,54818000,148647000,6414000,7762000,1803000,-968649000,11588000,399000,51565000,85009000,33580000,None,None,1245000,9437000,143616000,8310000,144486000,630000,18548000,9650000,31512000,25818000,0,0,1803000,1153000,-968649000,-2662000,None,37941000,None,61002000,None,None,14824000,21238000,None,1153000,None,1116910000,204618000,85009000,None,177000000,USD,None,7074000,295000,1809000,-11493000,-11433000,None,None,-10213000,-24179000,-13041000,-7639000,625000,0,60000,1852000,1536000,351000,1514000,-5091000,49000,-24130000,1.83,2.11
