,fiscalDateEnding,reportedCurrency_x,totalRevenue,totalOperatingExpense,costOfRevenue,grossProfit,ebit,netIncome_x,researchAndDevelopment,effectOfAccountingCharges,incomeBeforeTax,minorityInterest,sellingGeneralAdministrative,otherNonOperatingIncome,operatingIncome,otherOperatingExpense,interestExpense,taxProvision,interestIncome,netInterestIncome,extraordinaryItems,nonRecurring,otherItems,incomeTaxExpense,totalOtherIncomeExpense,discontinuedOperations,netIncomeFromContinuingOperations,netIncomeApplicableToCommonShares,preferredStockAndOtherAdjustments,reportedCurrency_y,totalAssets,intangibleAssets,earningAssets,otherCurrentAssets,totalLiabilities,totalShareholderEquity,deferredLongTermLiabilities,otherCurrentLiabilities,commonStock,retainedEarnings,otherLiabilities,goodwill,otherAssets,cash,totalCurrentLiabilities,shortTermDebt,currentLongTermDebt,otherShareholderEquity,propertyPlantEquipment,totalCurrentAssets,longTermInvestments,netTangibleAssets,shortTermInvestments,netReceivables,longTermDebt,inventory,accountsPayable,totalPermanentEquity,additionalPaidInCapital,commonStockTotalEquity,preferredStockTotalEquity,retainedEarningsTotalEquity,treasuryStock,accumulatedAmortization,otherNonCurrrentAssets,deferredLongTermAssetCharges,totalNonCurrentAssets,capitalLeaseObligations,totalLongTermDebt,otherNonCurrentLiabilities,totalNonCurrentLiabilities,negativeGoodwill,warrants,preferredStockRedeemable,capitalSurplus,liabilitiesAndShareholderEquity,cashAndShortTermInvestments,accumulatedDepreciation,commonStockSharesOutstanding,reportedCurrency,investments,changeInLiabilities,cashflowFromInvestment,otherCashflowFromInvestment,netBorrowings,cashflowFromFinancing,otherCashflowFromFinancing,changeInOperatingActivities,netIncome_y,changeInCash,operatingCashflow,otherOperatingCashflow,depreciation,dividendPayout,stockSaleAndPurchase,changeInInventory,changeInAccountReceivables,changeInNetIncome,capitalExpenditures,changeInReceivables,changeInExchangeRate,changeInCashAndCashEquivalents,clossingVal,nextClossingVal
0,2020-06-30,USD,3314000,6620000,3566000,-252000,-2399000,-2050000,345000,None,-3345000,None,2709000,None,-3306000,None,None,-1295000,None,None,None,None,None,-1295000,-39000,None,-2050000,-2050000,None,USD,25776000,None,None,None,11852000,13924000,None,None,31000,-6956000,476000,None,920000,3672000,3283000,None,683000,-1633000,15102000,9754000,None,13924000,None,2560000,3789000,None,61000,None,None,None,None,None,None,None,920000,None,16022000,5194000,None,None,8569000,None,None,None,None,None,None,None,None,USD,-344000,-1126000,-344000,None,2012000,2004000,None,-2186000,-2050000,-1659000,-3316000,None,907000,0,None,None,998000,141000,344000,None,None,None,5.55,
1,2020-03-31,USD,7537000,7779000,4809000,2728000,632000,-159000,331000,None,-315000,None,2639000,-73000,-242000,-7537000,None,-156000,-73000,None,None,None,None,-156000,-73000,None,-159000,-159000,None,USD,25210000,None,None,4500000,9402000,15808000,None,2666000,31000,-4906000,495000,None,936000,5331000,4913000,680000,680000,-1647000,13496000,10778000,None,15808000,None,3558000,1780000,None,1234000,None,None,31000,None,-4906000,-10082000,None,936000,None,14432000,3100000,1780000,2214000,4489000,None,None,None,32412000,25210000,5331000,None,6185000,USD,-333000,570000,-333000,-7000,-169000,-1162000,-169000,-2122000,-159000,-1952000,-413000,-1858000,874000,-993000,None,None,222000,202000,466000,222000,-44000,-1952000,6.05,5.55
2,2019-12-31,USD,8715000,9321000,5230000,3485000,89000,-530000,354000,None,-602000,None,3737000,4000,-606000,-8715000,-59000,-72000,4000,None,None,None,None,-72000,4000,None,-530000,-530000,None,USD,27531000,None,None,4663000,10711000,16820000,740000,2914000,31000,-3754000,550000,None,943000,7283000,5835000,678000,678000,-1624000,13737000,12851000,None,16820000,0,3780000,1951000,None,617000,None,None,31000,None,-3754000,-10082000,None,943000,None,14680000,3338000,1951000,2375000,4876000,None,None,None,32249000,27531000,7283000,-16197000,5517000,USD,-565000,-159000,-565000,47000,1313000,321000,-103000,-430000,-530000,791000,948000,-430000,695000,-992000,-33000,None,1391000,-19000,612000,1391000,87000,791000,9.15,6.05
3,2019-09-30,USD,9852000,8518000,5470000,4382000,2052000,677000,393000,None,1340000,None,2655000,6000,1334000,-9852000,-59000,663000,6000,None,None,None,None,663000,6000,None,677000,677000,None,USD,26784000,None,None,1824000,8764000,18020000,817000,1171000,31000,-2232000,817000,None,944000,6492000,4686000,416000,416000,-1696000,12353000,13487000,None,18020000,0,5171000,900000,None,372000,None,None,31000,None,-2232000,-10082000,None,944000,None,13297000,3532000,900000,2361000,4078000,None,None,None,31999000,26784000,6492000,None,6185000,USD,-826000,93000,-826000,-61000,-105000,-1098000,-105000,719000,677000,-605000,1671000,719000,718000,-993000,0,None,-645000,109000,765000,-645000,-352000,-605000,9.11,9.15
4,2019-06-30,USD,9289000,7963000,5120000,4169000,2063000,768000,400000,None,1348000,None,2443000,22000,1326000,-9289000,-59000,580000,22000,None,None,None,None,580000,22000,None,768000,768000,None,USD,25135000,None,None,1700000,6658000,18477000,897000,861000,31000,-1916000,897000,None,893000,7097000,4201000,416000,416000,-1365000,9503000,13323000,None,18477000,0,4526000,1005000,None,704000,None,None,31000,None,-1916000,-10082000,None,893000,None,11812000,1416000,1005000,555000,2457000,None,None,None,31809000,25135000,7097000,None,6185000,USD,3580000,-122000,3580000,-86000,-103000,-1130000,-136000,-908000,768000,3871000,1322000,-908000,737000,-994000,-33000,None,605000,242000,228000,605000,99000,3871000,10.09,9.11
5,2019-03-31,USD,9822000,3464000,5414000,4408000,970000,627000,420000,None,970000,None,3044000,26000,944000,-9822000,-59000,343000,26000,None,None,None,None,343000,26000,None,627000,627000,None,USD,25529000,None,None,1204000,7036000,18493000,None,2708000,31000,-1690000,907000,None,901000,3226000,4371000,416000,416000,-1447000,9556000,13473000,None,18493000,3912000,5131000,1109000,None,3912000,None,None,31000,None,-1690000,-10082000,None,2500000,None,12056000,1599000,1109000,None,2665000,None,None,None,31681000,25529000,7138000,None,6175000,USD,-112000,-306000,-112000,-91000,-104000,-1095000,-104000,-726000,627000,-839000,368000,-470000,764000,-991000,None,None,-302000,55000,21000,-302000,-4000,-843000,14.03,10.09
6,2018-12-31,USD,9936000,3205000,5203000,4733000,1524000,881000,462000,0,1524000,0,2743000,-4000,1528000,-9936000,-106000,643000,None,None,0,0,0,643000,-4000,0,881000,881000,None,USD,24974000,None,None,1067000,6227000,18747000,737000,614000,31000,-1326000,955000,None,927000,4069000,4060000,416000,416000,-1399000,10177000,13870000,None,18747000,3905000,4829000,1212000,None,4599000,None,None,31000,None,-1326000,-10082000,None,927000,None,11104000,None,1212000,None,1212000,None,None,None,31523000,24974000,7974000,-13341000,5507000,USD,-4035000,-317000,-4220000,231000,-1032000,-2023000,-1125000,-633000,881000,-2321000,3922000,-633000,761000,-991000,-93000,None,3243000,-13000,416000,3243000,374000,-1947000,15.87,14.03
7,2018-09-30,USD,11016000,3238000,5658000,5358000,2111000,1275000,372000,0,2111000,0,2866000,-9000,2120000,-11016000,-106000,None,None,None,0,0,0,836000,-9000,0,1275000,1275000,None,USD,26986000,0,None,1359000,8472000,18514000,1091000,3908000,31000,-1216000,1091000,0,900000,6016000,5662000,941000,941000,-1584000,10644000,15442000,None,18514000,0,8067000,1719000,0,4721000,0,0,31000,0,-1216000,-10082000,None,900000,None,11544000,None,1719000,None,2810000,None,None,None,31365000,26986000,6016000,None,5507,USD,-4035000,72000,-604000,-110000,-239000,-1234000,-239000,916000,1275000,-1431000,407000,916000,774000,-994000,-1000,0,-2741000,111000,494000,-2741000,-274000,-1705000,18.81,15.87
8,2018-06-30,USD,10787000,3116000,5615000,5172000,2080000,1177000,358000,0,2080000,0,2758000,24000,2056000,-10787000,-106000,None,None,None,0,0,0,903000,24000,0,1177000,1177000,None,USD,26425000,0,None,1465000,8168000,18257000,1138000,3014000,31000,-1497000,1138000,0,915000,7721000,5088000,957000,957000,-1403000,11129000,14381000,None,18257000,0,5195000,1942000,0,4131000,0,0,31000,0,-1497000,-10082000,None,915000,None,12044000,None,1942000,None,3080000,None,None,None,31208000,26425000,7721000,None,6000000,USD,-4035000,438000,-317000,-180000,-239000,-1319000,-239000,-990000,1177000,558000,2194000,-990000,775000,-988000,-92000,0,718000,76000,137000,718000,-1121000,-563000,19.24,18.81
9,2018-03-31,USD,10935000,3449000,5580000,5355000,1938000,1251000,359000,0,1938000,0,3090000,32000,1906000,-10935000,28000,None,None,None,0,0,0,687000,32000,0,1251000,1251000,None,USD,27729000,0,None,1197000,8558000,19171000,0,2181000,31000,-1685000,1205000,0,897000,8284000,5172000,957000,957000,-250000,11289000,15543000,None,19171000,0,6959000,2181000,0,5420000,0,0,31000,0,-1685000,-10082000,None,None,None,11289000,None,None,None,None,None,None,None,31157000,27729000,8284000,None,6000000,USD,None,-116000,-218000,-74000,-239000,-1063000,-239000,996000,1251000,125000,1406000,996000,753000,-824000,0,0,-1575000,97000,144000,-1575000,-6000,119000,21.36,19.24
10,2017-12-31,USD,9759000,2829000,4983000,4776000,1967000,2350000,353000,0,1988000,0,2476000,20000,1947000,0,-72000,None,None,None,0,0,0,-362000,20000,0,2350000,2350000,None,USD,26508000,0,None,1212000,7888000,18620000,1243000,1784000,31000,-2113000,1243000,0,832000,8165000,4225000,957000,957000,-238000,11811000,13865000,None,18620000,0,5320000,2420000,0,3268000,0,0,31000,0,-2113000,-10082000,None,None,None,11811000,None,2420000,None,3663000,None,None,None,31022000,26508000,8165000,-11670000,5492000,USD,None,166000,-300000,486000,-4000,1084000,1748000,760000,2350000,2813000,2029000,-735000,718000,-825000,0,0,1316000,-1363000,786000,893000,-252000,2561000,20.56,21.36
11,2017-09-30,USD,10049000,2889000,4928000,5121000,2232000,1364000,353000,0,2245000,0,2536000,None,2232000,0,-13000,None,None,None,0,0,0,881000,0,0,1364000,1364000,None,USD,25452000,0,None,1351000,8220000,17232000,0,928000,31000,-3639000,2742000,0,818000,5604000,4550000,542000,542000,37000,12258000,12376000,None,17232000,0,5421000,928000,0,6750000,0,0,31000,0,-3639000,-10082000,None,818000,None,13076000,None,None,None,None,None,None,None,30885000,25452000,5604000,None,6000000,USD,None,713000,-207000,-139000,-135000,-926000,-135000,962000,1364000,2554000,3687000,962000,708000,-824000,33000,0,423000,91000,68000,-151000,89000,2643000,18.43,20.56
12,2017-06-30,USD,9684000,2899000,5075000,4609000,1710000,907000,321000,0,1698000,0,2578000,None,1710000,0,12000,None,None,None,0,0,0,791000,0,0,907000,907000,None,USD,23628000,0,None,1293000,7207000,16421000,0,1063000,31000,-4179000,2780000,0,800000,2961000,3364000,542000,1605000,-71000,12749000,10079000,None,16421000,0,5825000,1063000,0,5602000,0,0,31000,0,-4179000,-10082000,None,800000,None,13549000,None,None,None,None,None,None,None,30722000,23628000,2961000,None,6000000,USD,None,-1125000,-373000,-183000,-1490000,-2509000,-1490000,-1169000,907000,-3854000,-972000,-268000,694000,-821000,-198000,0,574000,296000,190000,-1476000,-54000,-3908000,24.95,18.43
13,2017-03-31,USD,10209000,3048000,4893000,5316000,2268000,1500000,330000,0,2246000,0,2718000,None,2268000,0,22000,None,None,None,0,0,0,746000,0,0,1500000,1500000,None,USD,25695000,0,None,1171000,9244000,16451000,2638000,2889000,31000,-4264000,None,0,813000,6869000,4655000,1144000,1144000,None,13055000,11827000,None,16451000,0,3787000,1951000,0,3511000,0,0,31000,0,-4264000,-10082000,None,813000,None,13868000,None,1951000,None,4589000,None,None,None,30766000,25695000,6869000,None,6000000,USD,None,149000,-366000,-213000,-286000,-1105000,-286000,-92000,1500000,2931000,4402000,-92000,687000,-819000,0,0,2050000,108000,153000,2050000,None,2931000,20.05,24.95
14,2016-12-31,USD,10763721,2760945,4366198,6397523,3502578,2359668,356367,0,3606615,0,2404578,-134000,3636578,0,30000,None,None,None,0,0,0,1246947,-134000,0,2359668,2359668,None,USD,25032000,0,None,1079000,9425000,15607000,2693000,1674000,31000,-4945000,2693000,0,820000,3938000,4495000,1144000,1144000,None,13358000,10854000,None,15607000,0,5837000,2237000,0,3351000,0,0,31000,0,-4945000,-10082000,None,820000,None,14178000,None,2237000,None,4930000,None,None,None,30603000,25032000,3938000,-8900000,5460000,USD,None,612476,-707897,122859,-2510000,-2663202,-1844306,1612000,2359668,-173344,3197755,-1226354,668021,-818896,0,0,-2298000,348601,830756,435343,None,-173344,24.68,20.05
15,2016-09-30,USD,11849163,3000854,4744273,7104890,4104036,2708021,347970,0,4070132,0,2652884,None,4104036,0,33904,None,None,None,0,0,0,1362111,0,0,2708021,2708021,None,USD,25928555,0,None,1266409,12025738,13902817,0,3484303,30642,-6486010,None,0,816000,4111808,5497524,1741602,None,None,12926146,12186422,None,13902817,0,6808205,3484000,0,6799833,0,0,30642,0,-6486010,-10081789,None,815987,None,13742133,None,None,None,None,None,None,None,30439974,25928555,4111808,None,6000000,USD,None,80308,-541170,-69264,None,-1254544,-435585,None,2708021,1831903,3627617,982017,555132,-818959,0,0,0,114146,471906,-812007,None,1831903,19.82,24.68
16,2016-06-30,USD,9700052,2838014,4490907,5209145,2371131,1633755,350205,0,2335639,0,2487809,None,2371131,0,35492,None,None,None,0,0,0,701884,0,0,1633755,1633755,None,USD,23542649,0,None,1241588,11688404,11854245,0,3919703,30639,-8375072,None,0,813000,2279905,4726579,1741602,None,None,13259268,9470353,None,11854245,0,5948860,3920000,0,6027099,0,0,30639,0,-8375072,-10081789,None,813028,None,14072296,None,None,None,None,None,None,None,30280467,23542649,2279905,None,5000000,USD,None,152470,-588693,-79893,None,-1399809,-584045,None,1633755,276204,2264706,315814,541750,-815764,0,0,0,261914,508800,-640997,None,276204,13.74,19.82
17,2016-03-31,USD,6667064,2740187,3928622,2738442,-1745,-23444,360458,0,-36386,0,2379729,None,-1745,0,34641,None,None,None,0,0,0,-12942,0,0,-23444,-23444,None,USD,22365721,0,None,1125259,11354015,11011706,2852745,1110000,30453,-9133563,None,0,791000,2003701,4146166,1741602,None,None,13213779,8361094,None,11011706,0,5232134,4355104,0,2404564,0,0,30453,0,-9133563,-10081789,None,790848,None,14004627,None,4355104,None,7207849,None,None,None,30196605,22365721,2003701,None,5000000,USD,None,88746,-256240,-55702,None,-608445,204936,None,-23444,-685763,178922,750523,529097,-813381,0,0,0,114339,200538,-1280339,None,-685763,13.75,13.74
18,2015-12-31,USD,6133991,2538017,3482343,2651648,83658,184940,346750,0,83658,0,2191267,-29973,113631,0,34000,None,None,None,0,0,0,-101282,-124000,0,184940,184940,None,USD,22362968,0,None,1060587,10689438,11673530,2852745,1198000,30453,-8296738,2525000,0,775000,2689464,3564556,1619633,1620000,None,13132114,8456380,None,11673530,0,4706329,4272137,0,1944923,0,0,30453,0,-8296738,-10081789,None,774474,None,13906588,None,4272137,None,7124882,None,None,None,30021604,22362968,2689464,-6642501,5422541,USD,None,-422771,-372481,288419,-358000,-1275707,-370770,118000,184939,967570,2615758,-178740,628194,-813381,-91357,0,539000,489737,660900,1914399,None,967570,10.14,13.75
19,2015-09-30,USD,7084265,2905499,3627582,3456683,520773,796385,392042,0,520773,0,2513457,-30411,551184,0,31000,None,None,None,0,0,0,-275612,0,0,796385,796385,None,USD,23328449,0,None,1286774,11128493,12199956,2796666,1400000,30453,-7668297,None,0,759000,1721894,3654782,1619633,None,None,13070787,9498694,None,12199956,0,6490026,4677045,0,2035149,0,0,30453,0,-7668297,-10081789,None,758968,None,13829755,None,4677045,None,7473711,None,None,None,29919589,23328449,1721894,None,5000000,USD,None,-89270,-506315,-113824,None,-64821,748560,None,796386,-382166,188970,-89089,394809,-813381,0,0,0,113143,392491,-937009,None,-382166,10.05,10.14
