,fiscalDateEnding,reportedCurrency_x,totalRevenue,totalOperatingExpense,costOfRevenue,grossProfit,ebit,netIncome_x,researchAndDevelopment,effectOfAccountingCharges,incomeBeforeTax,minorityInterest,sellingGeneralAdministrative,otherNonOperatingIncome,operatingIncome,otherOperatingExpense,interestExpense,taxProvision,interestIncome,netInterestIncome,extraordinaryItems,nonRecurring,otherItems,incomeTaxExpense,totalOtherIncomeExpense,discontinuedOperations,netIncomeFromContinuingOperations,netIncomeApplicableToCommonShares,preferredStockAndOtherAdjustments,reportedCurrency_y,totalAssets,intangibleAssets,earningAssets,otherCurrentAssets,totalLiabilities,totalShareholderEquity,deferredLongTermLiabilities,otherCurrentLiabilities,commonStock,retainedEarnings,otherLiabilities,goodwill,otherAssets,cash,totalCurrentLiabilities,shortTermDebt,currentLongTermDebt,otherShareholderEquity,propertyPlantEquipment,totalCurrentAssets,longTermInvestments,netTangibleAssets,shortTermInvestments,netReceivables,longTermDebt,inventory,accountsPayable,totalPermanentEquity,additionalPaidInCapital,commonStockTotalEquity,preferredStockTotalEquity,retainedEarningsTotalEquity,treasuryStock,accumulatedAmortization,otherNonCurrrentAssets,deferredLongTermAssetCharges,totalNonCurrentAssets,capitalLeaseObligations,totalLongTermDebt,otherNonCurrentLiabilities,totalNonCurrentLiabilities,negativeGoodwill,warrants,preferredStockRedeemable,capitalSurplus,liabilitiesAndShareholderEquity,cashAndShortTermInvestments,accumulatedDepreciation,commonStockSharesOutstanding,reportedCurrency,investments,changeInLiabilities,cashflowFromInvestment,otherCashflowFromInvestment,netBorrowings,cashflowFromFinancing,otherCashflowFromFinancing,changeInOperatingActivities,netIncome_y,changeInCash,operatingCashflow,otherOperatingCashflow,depreciation,dividendPayout,stockSaleAndPurchase,changeInInventory,changeInAccountReceivables,changeInNetIncome,capitalExpenditures,changeInReceivables,changeInExchangeRate,changeInCashAndCashEquivalents,clossingVal,nextClossingVal
0,2020-06-30,USD,205279000,131605000,None,205279000,73674000,62444000,None,None,73674000,None,131605000,None,73674000,26113000,51081000,11230000,251738000,200657000,None,None,None,11230000,None,None,62444000,62444000,None,USD,33342112000,47131000,6669274000,None,28646465000,4695647000,None,11707876000,75836000,1218367000,179684000,1819811000,23353746000,2693461000,11742792000,None,None,164526000,303819000,6116414000,22623451000,2611073000,3310278000,112675000,717043000,None,34916000,None,None,75836000,217632000,1218367000,None,None,2431486000,None,27225698000,None,717043000,16186630000,16903673000,None,None,None,3019286000,33342112000,6003739000,None,75836000,USD,-2353889000,50911000,-2378114000,-17026000,-475034000,3918619000,4188419000,-8569000,62444000,1669093000,128588000,-59480000,20105000,-12378000,217612000,None,None,54608000,12329000,None,None,1669093000,41.99,
1,2020-03-31,USD,164040000,137349000,None,164040000,26691000,28356000,None,None,26691000,None,137349000,None,26691000,25715000,69517000,-1665000,263069000,193552000,None,None,None,-1665000,None,None,28356000,28356000,None,USD,29264180000,48610000,4783883000,None,24879052000,4385128000,None,8988797000,75800000,1168301000,138348000,1819811000,21266700000,1024368000,9022728000,None,None,125506000,302101000,4137130000,20554154000,2516707000,3030564000,82198000,669658000,None,33931000,None,None,75800000,None,1168301000,None,None,2402374000,None,25127050000,None,669658000,15186666000,15856324000,None,None,None,3015521000,29264180000,4054932000,None,75800000,USD,-863167000,32834000,-878598000,-9097000,235056000,1319649000,1150293000,-81014000,28356000,497661000,56610000,-113848000,17018000,-12442000,-53258000,None,None,92250000,6334000,None,None,497661000,37.54,41.99
2,2019-12-31,USD,248990000,130470000,None,248990000,118520000,96079000,None,None,118520000,None,130470000,None,118520000,17562000,74281000,22441000,268453000,194172000,None,None,None,22441000,-2200000,None,96079000,96079000,None,USD,27805496000,51130000,4060157000,651812000,23449748000,4355748000,None,8425644000,76564000,1184183000,114301000,1819811000,20776605000,526707000,8467827000,622518000,622518000,30534000,273932000,4151164000,20177717000,2484807000,3539995000,84462000,749080000,29487000,42183000,None,None,76564000,None,1184183000,None,None,1220435000,None,23543025000,None,749080000,14232841000,14981921000,None,None,None,3064467000,27805496000,4066702000,None,76564000,USD,-479339000,-12360000,-710120000,-53748000,-143417000,196740000,180470000,9603000,96079000,-393596000,119784000,36659000,1564000,-12413000,-8381000,None,None,-6876000,7963000,None,None,-393596000,64.0,37.54
3,2019-09-30,USD,270165000,132941000,None,270165000,137224000,110521000,None,None,137224000,None,132941000,None,137224000,19100000,79943000,26703000,275749000,195806000,None,None,None,26703000,-3085000,None,110521000,110521000,None,USD,27547834000,39349000,4242572000,333022000,23253204000,4294630000,None,8074183000,76736000,1100517000,118868000,1830652000,20260126000,920303000,8111019000,90000000,90000000,47142000,305032000,4394862000,19803130000,2424629000,3393435000,81124000,750488000,30049000,36836000,None,None,76736000,None,1100517000,None,None,1174809000,None,23152972000,None,750488000,14391697000,15142185000,None,None,None,3070235000,27547834000,4313738000,None,76736000,USD,-492035000,56394000,-552106000,-9973000,371015000,714363000,551423000,27437000,110521000,292716000,130459000,-28957000,7425000,-12438000,-11462000,None,None,-14924000,5504000,None,None,292716000,56.75,64.0
4,2019-06-30,USD,252405000,127686000,None,252405000,124719000,100321000,None,None,124719000,None,127686000,None,124719000,18067000,76933000,24398000,265851000,188918000,None,None,None,24398000,-9494000,None,100321000,100321000,None,USD,26540355000,41578000,3892209000,297321000,22363994000,4176361000,None,7623360000,76929000,1002434000,135083000,1807121000,19746287000,627587000,7653736000,197500000,197500000,20512000,301386000,3969075000,19250167000,2327662000,3256906000,84582000,464144000,26657000,30376000,None,None,76929000,None,1002434000,None,None,1171028000,None,22571280000,None,464144000,14246114000,14710258000,None,None,None,3076486000,26540355000,3884493000,None,76929000,USD,-614045000,-24490000,-706898000,-66277000,-128231000,820234000,969064000,-68478000,100321000,142090000,28754000,-43988000,6528000,-12432000,-8167000,None,None,-9617000,26576000,None,None,142090000,57.48,56.75
5,2019-03-31,USD,231125000,114051000,0,231125000,117074000,93960000,None,None,117074000,None,114051000,None,117074000,16947000,70637000,23114000,257883000,187246000,None,None,None,23114000,-2557000,None,93960000,93960000,None,USD,25557858000,43850000,3729112000,249075000,21501919000,4055939000,None,7488357000,77064000,914545000,139618000,1807121000,19013753000,485497000,7514409000,583500000,583500000,-15028000,277672000,3815097000,18589730000,2204968000,3250006000,79594000,484703000,15077000,26052000,None,None,77064000,None,914545000,None,None,1024388000,None,21742761000,None,484703000,13502807000,13987510000,None,None,None,3079358000,25557858000,3735503000,None,77064000,USD,-576138000,59720000,-649937000,-71689000,672868000,258451000,-368466000,53203000,93960000,-236195000,155291000,-6517000,4777000,-12545000,-33406000,None,None,3351000,2110000,None,None,-236195000,54.7,57.48
6,2018-12-31,USD,238166000,119409000,75199000,238166000,118757000,95318000,0,0,118757000,0,119409000,None,118757000,16945000,65880000,None,None,None,0,0,0,23439000,-3207000,0,95318000,95318000,None,USD,25031044000,46161000,None,524898000,21065104000,3965940000,None,7773068000,77484000,833130000,112960000,1807121000,18458550000,721692000,7796654000,356000000,356000000,-52105000,265560000,3885035000,18073447000,2112658000,3083686000,79657000,485130000,15393000,23586000,None,None,77484000,None,833130000,None,None,938555000,None,21130844000,None,485130000,12783320000,13268450000,None,None,None,3107431000,25031044000,3805378000,None,77484000,USD,-301576000,45991000,-307208000,-371000,-83070000,325563000,441841000,53325000,95318000,170612000,152257000,19099000,2130000,-12550000,-20658000,None,None,-44832000,5261000,None,None,170612000,46.1,54.7
7,2018-09-30,USD,232173000,113990000,67415000,232173000,118183000,93747000,0,0,118183000,0,113990000,None,118183000,17991000,58690000,None,None,None,0,0,0,24436000,-2683000,0,93747000,93747000,None,USD,24557545000,48737000,None,132185000,20660504000,3897041000,0,7672582000,77867000,750363000,86991000,1807121000,18276824000,551080000,7693526000,45000000,45000000,-54512000,285854000,3629028000,17847740000,2041183000,3004582000,73366000,465487000,17700000,20944000,0,0,77867000,0,750363000,0,None,939065000,None,20928517000,None,465487000,12501491000,12966978000,None,None,None,3123323000,24557545000,3555662000,None,77867000,USD,-619088000,8766000,-682812000,-59730000,-59846000,479008000,550461000,-22037000,93747000,-95843000,107961000,-30803000,-3454000,-10979000,-628000,38795000,0,39705000,3994000,None,None,-95843000,60.15,46.1
8,2018-06-30,USD,220773000,110908000,58150000,220773000,109865000,86865000,0,0,109865000,0,110908000,None,109865000,17369000,48748000,None,None,None,0,-5353000,0,23000000,-6384000,0,86865000,86865000,None,USD,23988370000,51353000,None,195044000,20161693000,3826677000,0,7301247000,77855000,667594000,88278000,1807121000,17779905000,646923000,7316851000,231250000,231250000,-38233000,289661000,3672226000,17308399000,1968203000,2960128000,65175000,465433000,20200000,15604000,0,0,77855000,0,667594000,0,None,859610000,None,20316144000,None,465433000,12379409000,12844842000,None,None,None,3119461000,23988370000,3607051000,None,77855000,USD,-712438000,19761000,-791739000,-73623000,-398368000,944917000,1355066000,23398000,86865000,278161000,124983000,3637000,-1733000,-10951000,-830000,8376000,0,16453000,5678000,None,None,278161000,61.35,60.15
9,2018-03-31,USD,211723000,108580000,43988000,211723000,103143000,83510000,0,0,103143000,0,108580000,None,103143000,15575000,37057000,None,None,None,0,5353000,0,19633000,-7227000,0,83510000,83510000,None,USD,22935174000,54012000,None,179774000,19185871000,3749303000,0,7314367000,77853000,591680000,108668000,1808300000,5898321000,368763000,7327959000,660251000,660251000,-36220000,293421000,3390305000,16622050000,1886991000,2960624000,60918000,465550000,142838000,13592000,0,0,77853000,0,591680000,0,None,785711000,None,19563494000,None,465550000,11392362000,11857912000,None,None,None,3115990000,22935174000,3329387000,None,77853000,USD,-1177847000,-13901000,-1187325000,-672000,653519000,690935000,52039000,-18540000,83510000,-410834000,85556000,-4639000,-1406000,-10974000,-3649000,15008000,0,21992000,8806000,None,None,-410834000,64.2,61.35
10,2017-12-31,USD,204938023,122973018,39635000,204938023,81965005,26797774,0,0,81965005,0,122973018,None,81965005,43103534,63845553,None,None,None,0,31848315,0,55167231,-41738215,0,26797774,26797774,None,USD,22205699847,56710268,None,416524455,18497747816,3707952031,0,7368677090,77739636,519144543,125370000,1808001781,5437197000,779597297,7379157516,557501000,557501000,-4235823,266014000,3352319953,15937461566,1843239982,2515283000,57439656,465504589,157016000,10480426,0,0,77739636,0,519144543,0,None,757332667,None,18825520282,None,465504589,10653085711,11118590300,None,None,None,3115303675,22205699847,3294880297,None,77739636,USD,-21648728,12357496,-45328446,-6884252,-298381408,355462302,663213947,-50996887,26797774,371315080,61181224,39559340,-4311606,-10923542,1553305,0,0,-13168110,16795466,None,None,371315080,66.3,64.2
11,2017-09-30,USD,209238532,109735916,35905000,209238532,99502616,64442145,0,0,99502616,0,109735916,None,99502616,13891394,5565568,None,None,None,0,-537914,0,35060471,0,0,64442145,64442145,None,USD,21790371081,59780903,None,179704060,18117021896,3673349185,0,6670850740,77652143,503270311,108472000,1802534059,5767570000,408282217,6681566025,2234483302,2234483302,-13150863,270136166,3342750208,15552393505,1811034223,2880181000,54286991,465460556,149756000,10715285,0,0,77652143,0,503270311,0,None,738437468,None,18423282101,None,465460556,10969995315,11435455871,None,None,None,3105577594,21790371081,3288463217,None,77652143,USD,-947314498,-8892212,-993757956,-28431115,823217469,845497424,33564724,-18005885,64442145,-130502806,17757726,-9113673,-8920557,-10933856,-350913,0,0,-19772367,18012343,None,None,-130502806,66.95,66.3
12,2017-06-30,USD,134871882,71797549,23928000,134871882,63074333,43086521,0,0,63074333,0,71797549,None,63074333,-14831000,16348174,None,None,None,0,-139004,0,19987812,0,0,43086521,43086521,None,USD,20886153778,60963513,None,150061421,17270826939,3615326839,0,6496130530,77646512,449762022,117695000,1800741933,5266062000,538785023,6503761412,1411847934,1411847934,-12236351,258037159,3014237266,15026647279,1753621393,2427034287,48417956,465419408,126450000,7630882,0,0,77646512,0,449762022,0,None,700720864,None,17847110748,None,465419408,10301646119,10767065527,None,None,None,3100154656,20886153778,2965819310,None,77646512,USD,-692109129,3221188,-546038482,153315513,565329725,828493123,269932146,-735047,43086521,346110892,63656251,-3956235,911809,-7025238,256490,4987000,0,20378365,7244866,None,None,346110892,62.8,66.95
13,2017-03-31,USD,115497445,62053376,17027000,115497445,53444069,39653047,0,0,53444069,0,62053376,None,53444069,4847151,7071705,None,None,None,0,672016,0,13791022,0,0,39653047,39653047,None,USD,11724600995,13907909,None,115520504,10001525518,1723075477,0,4528992316,49789649,413700739,67658000,551546341,2759053000,192674131,4534647600,302421539,302421539,-15177609,97003955,1802018556,8905365141,1157621227,1579776402,29568023,350848829,92187000,5655284,0,0,49789649,0,413700739,0,None,348524131,None,9916347477,None,350848829,5116029089,5466877918,None,None,None,1274762698,11724600995,1772450533,None,49789649,USD,-475392271,-24385998,-512478043,-25639671,-189605630,516160849,521563077,-136250,39653047,9028711,5345905,-136250,1548452,-7024813,191228215,0,0,-11333346,11446101,None,None,9028711,66.45,62.8
14,2016-12-31,USD,117109677,62764694,15126000,117109677,54344983,36096464,0,0,54344983,0,62764694,None,54344983,21878601,40564164,None,None,None,0,-982251,0,18248519,-16423604,0,36096464,36096464,None,USD,11194622599,15104038,None,281632917,9697926487,1496696112,0,4207522936,46359377,381072505,95841000,551593796,2454741000,183645420,4213096313,392000000,392000000,-14226498,88904145,1510426302,8691853512,929998278,1298546056,28234826,350768050,76388000,5573377,0,0,46359377,0,381072505,0,None,330651002,None,9678106493,None,350768050,5134062124,5484830174,None,None,None,1083490728,11194622599,1482191476,None,46359377,USD,-312399264,-8523580,-325228379,-6462740,113585442,203280460,91302534,-14581567,36096464,-73331617,48616302,-2638697,18676617,-6508439,4900923,0,0,-41527968,6366375,None,None,-73331617,69.3,66.45
15,2016-09-30,USD,112218670,63526266,16853000,112218670,48692404,32376195,0,0,48692404,0,63526266,None,48692404,24567409,-9031341,None,None,None,0,19066541,0,16316209,0,0,32376195,32376195,None,USD,10978389661,16240711,None,None,9502745691,1475643970,0,3944584307,46159832,351484480,103438000,550579616,2378619000,256977037,3947593472,466655021,466655021,3887440,84916306,1506674251,8478324202,908823643,1223751538,25945676,262506956,77107000,3009165,0,0,46159832,0,351484480,0,None,336065529,None,9466126364,None,262506956,5292645263,5555152219,None,None,None,1074112218,10978389661,1480728575,None,46159832,USD,-157208272,-18932808,-138286526,18168782,-503044437,-95262942,411366941,3812810,32376000,-214804055,18745413,3812810,2787120,-6499766,2914320,0,0,45235562,3991639,None,None,-214804055,54.08,69.3
16,2016-06-30,USD,102476121,55930767,13999000,102476121,46545354,30787000,0,0,46545000,0,55930767,None,46545354,-17707209,7082177,None,None,None,0,-8167178,0,15758000,0,0,30786772,30787000,None,USD,9735668000,8820668,None,None,8473514000,1262154000,0,3330500296,42184000,330502000,94417000,427574000,2087650000,471781092,3334567648,856557305,856557305,4893624,78800000,1604435371,7316834571,825759212,1109221784,23432495,229713860,67447000,4067352,0,0,42184120,0,325608051,0,None,294197558,None,8126226847,None,229713860,4909232542,5138946402,None,None,None,889468015,9735667860,1581002876,None,42000000,USD,-371326877,32455171,-354000292,-10752468,198097587,407954224,215066502,-11848423,30787000,89203419,35249487,-11848423,3286816,-5925558,715693,0,0,-19430849,3850557,None,None,89203419,48.85,54.08
17,2016-03-31,USD,95864817,54063696,10965000,95864817,41801121,27965264,0,0,41801121,0,54063696,None,41801121,4766785,0,None,None,None,0,1829472,0,13835857,0,0,27965264,27965264,None,USD,9261387632,9667282,None,None,8032607791,1228779841,0,3453763919,41994955,300746837,63554000,431840600,1983719000,382577673,3456304320,679091474,679091474,2022543,78771705,1425076124,7045729043,787271959,1017329867,25168584,209751241,50628000,2540401,0,0,41994955,0,300746837,0,None,265615499,None,7831624129,None,209751241,4366552230,4576303471,None,None,None,884015506,9261387632,1399907540,None,41994955,USD,-431120610,-2169127,-435889309,-1918978,367046595,473488175,109174856,-6736913,27965264,61626340,24027474,-6736913,874985,-5791835,3058559,5555000,0,4093265,2849721,None,None,61626340,49.06,48.85
18,2015-12-31,USD,92623171,52191429,11782000,92623171,40431742,26854108,0,0,40431742,0,52191429,None,40431742,23149743,18537000,None,None,None,0,4797018,0,13577634,-6465015,0,26854108,26854108,None,USD,8715414180,10540497,None,203804349,7559802880,1155611300,0,3279413288,40906064,278573408,66524000,432232255,1785723000,320951333,3282006497,537563028,537563028,-3485222,77923607,1277590174,6645990134,712838548,935064745,21574096,142476000,53013000,2593209,0,0,40906064,0,278573408,0,None,266054295,None,7432740788,None,142476000,4135320383,4277796383,None,None,None,839617050,8715414180,1256016078,None,40906064,USD,-183175928,12317198,-187015090,-876254,-271131056,132096171,409118218,-9846989,26854108,-6086944,48831975,-21004152,7036485,-4928829,-962162,0,0,23628336,2962908,None,None,-6086944,51.36,49.06
19,2015-09-30,USD,81241578,45106980,7361000,81241578,36134598,24148752,0,0,36134598,0,45106980,None,36134598,0,0,None,None,None,0,0,0,11985846,0,0,24148752,24148752,None,USD,8549063852,11640802,None,None,7414838298,1134225554,0,3170157638,40802904,256648129,58276000,429415765,1795587000,327038277,3171860784,None,None,1494535,81527013,1320844211,6453600540,693168987,972295754,21510180,142476000,72682000,1703146,0,0,40802904,0,256648129,0,None,247262954,None,7223447074,None,142476000,4100501514,4242977514,None,None,None,835279986,8549063852,1299334031,None,40802904,USD,-153582583,-13202933,-149145723,5889546,35079770,197448271,165945914,None,24148752,54090824,5788276,12105952,1708482,-4744489,1167076,0,0,-18971977,1452686,None,None,54090824,49.41,51.36
