,fiscalDateEnding,reportedCurrency_x,totalRevenue,totalOperatingExpense,costOfRevenue,grossProfit,ebit,netIncome_x,researchAndDevelopment,effectOfAccountingCharges,incomeBeforeTax,minorityInterest,sellingGeneralAdministrative,otherNonOperatingIncome,operatingIncome,otherOperatingExpense,interestExpense,taxProvision,interestIncome,netInterestIncome,extraordinaryItems,nonRecurring,otherItems,incomeTaxExpense,totalOtherIncomeExpense,discontinuedOperations,netIncomeFromContinuingOperations,netIncomeApplicableToCommonShares,preferredStockAndOtherAdjustments,reportedCurrency_y,totalAssets,intangibleAssets,earningAssets,otherCurrentAssets,totalLiabilities,totalShareholderEquity,deferredLongTermLiabilities,otherCurrentLiabilities,commonStock,retainedEarnings,otherLiabilities,goodwill,otherAssets,cash,totalCurrentLiabilities,shortTermDebt,currentLongTermDebt,otherShareholderEquity,propertyPlantEquipment,totalCurrentAssets,longTermInvestments,netTangibleAssets,shortTermInvestments,netReceivables,longTermDebt,inventory,accountsPayable,totalPermanentEquity,additionalPaidInCapital,commonStockTotalEquity,preferredStockTotalEquity,retainedEarningsTotalEquity,treasuryStock,accumulatedAmortization,otherNonCurrrentAssets,deferredLongTermAssetCharges,totalNonCurrentAssets,capitalLeaseObligations,totalLongTermDebt,otherNonCurrentLiabilities,totalNonCurrentLiabilities,negativeGoodwill,warrants,preferredStockRedeemable,capitalSurplus,liabilitiesAndShareholderEquity,cashAndShortTermInvestments,accumulatedDepreciation,commonStockSharesOutstanding,reportedCurrency,investments,changeInLiabilities,cashflowFromInvestment,otherCashflowFromInvestment,netBorrowings,cashflowFromFinancing,otherCashflowFromFinancing,changeInOperatingActivities,netIncome_y,changeInCash,operatingCashflow,otherOperatingCashflow,depreciation,dividendPayout,stockSaleAndPurchase,changeInInventory,changeInAccountReceivables,changeInNetIncome,capitalExpenditures,changeInReceivables,changeInExchangeRate,changeInCashAndCashEquivalents,clossingVal,nextClossingVal
0,2020-06-30,USD,15156946,None,None,None,None,15613930,None,None,15913930,None,1165000,None,None,None,8316571,300000,24241804,15925233,None,None,None,300000,None,None,15613930,15613930,None,USD,1391244384,None,None,None,866996630,524247754,None,None,67045,-264011450,None,None,None,51565044,None,None,None,None,None,None,1333348861,524247754,None,None,None,None,13711798,None,None,None,None,None,None,None,None,None,None,None,None,None,None,None,None,None,None,None,None,None,None,USD,None,0,None,None,-24000000,None,-12068118,-786231,15613930,26449027,62517145,None,None,-12068118,0,None,None,45783254,0,None,None,None,3.51,
1,2020-04-30,USD,15156946,None,None,None,None,15613930,None,None,15913930,None,1165000,None,None,None,8316571,300000,24241804,15925233,None,None,None,300000,None,None,15613930,15613930,None,USD,1391244384,None,None,None,866996630,524247754,None,None,67045,-264011450,None,None,None,51565044,None,None,None,None,None,None,1333348861,524247754,None,None,None,None,13711798,None,None,None,None,None,None,None,None,None,None,None,None,None,None,None,None,None,None,None,None,None,None,USD,None,0,None,None,-24000000,None,None,-786231,15613930,26449027,62517145,None,None,-12068118,0,None,None,45783254,0,None,None,None,3.23,3.51
2,2020-03-31,USD,-58822302,1170401,15756260,11778630,None,-60292703,None,None,-59992703,None,1170401,None,10608230,None,8962513,300000,26783608,17821095,None,None,None,300000,None,None,-60292703,-60292703,None,USD,1387117808,None,None,None,870438571,516679237,None,None,67045,-271579967,None,None,None,25127515,None,None,None,None,None,None,1354046942,516679237,None,None,846805490,None,16680809,None,None,None,None,None,None,None,None,None,None,None,846805490,None,None,None,None,None,788192160,None,25127520,None,67000000,USD,None,-62528206,None,None,152500000,184276260,-12068118,102099,-60292703,-6866761,-147298642,None,None,-12068119,0,None,None,-24053991,0,None,None,None,2.59,3.23
3,2020-01-31,USD,-58822302,None,None,None,None,-60292703,None,None,-59992703,None,1170401,None,None,None,8962513,300000,26783608,17821095,None,None,None,300000,None,None,-60292703,-60292703,None,USD,1387117808,None,None,None,870438571,516679237,None,None,67045,-271579967,None,None,None,25127515,None,None,None,None,None,None,1354046942,516679237,None,None,None,None,16680809,None,None,None,None,None,None,None,None,None,None,None,None,None,None,None,None,None,None,None,None,None,None,USD,None,-62528206,None,None,152500000,None,None,102099,-60292703,-6866761,-147298642,None,None,-12068119,0,None,None,-24053991,0,None,None,None,6.54,2.59
4,2019-12-31,USD,20667510,1165000,14353610,11650160,19351709,19202510,None,None,19502510,None,1165000,None,10485160,None,8866549,300000,25813847,16947298,None,None,None,300000,150801,None,19202510,19202510,None,USD,1418050163,None,None,None,829010104,589040059,None,12068119,67045,-199219145,None,None,None,32107649,86022327,None,None,None,None,39197204,1378852959,589040059,None,6055204,742987780,None,79884215,None,None,None,None,None,None,None,None,None,None,None,742987780,None,None,None,None,None,788192160,None,32107650,None,67000000,USD,None,62528206,None,None,55912500,43844380,-12068118,2947743,19202510,-27478428,-71322809,None,None,-12068119,0,None,171335,-156918683,0,None,None,None,6.53,6.54
5,2019-10-31,USD,20667510,None,None,None,None,19202510,None,None,19502510,None,1165000,None,None,None,8866549,300000,25813847,16947298,None,None,None,300000,None,None,19202510,19202510,None,USD,1418050163,None,None,None,829010104,589040059,None,None,67045,-199219145,None,None,None,32107649,None,None,None,None,None,None,1378852959,589040059,None,None,None,None,79884215,None,None,None,None,None,None,None,None,None,None,None,None,None,None,None,None,None,None,None,None,None,None,USD,None,62528206,None,None,55912500,None,None,2947743,19202510,-27478428,-71322809,None,None,-12068119,0,None,None,-156918683,0,None,None,None,6.05,6.53
6,2019-09-30,USD,14104587,5540324,12465750,15460190,22127838,8264263,None,None,8564263,None,1156617,None,17000070,None,7824271,300000,26968323,19144052,None,None,None,300000,-13563575,None,8264263,8264263,None,USD,1285838013,None,None,None,703932345,581905668,None,12068119,67045,-206353536,None,None,None,59516236,20174469,None,None,None,None,66405217,1219432796,581905668,None,6226539,683757880,None,14963814,None,None,None,None,None,None,None,None,None,None,None,683757880,None,None,None,None,None,788192160,None,59516240,None,68000000,USD,None,0,None,None,-13000000,121083370,-2750000,-3406960,8264263,37796006,65614125,None,None,-12068119,0,None,993203,59647947,0,None,None,None,6.27,6.05
7,2019-07-31,USD,14104587,None,None,None,None,8264263,None,None,8564263,None,1156617,None,None,None,7824271,300000,26968323,19144052,None,None,None,300000,None,None,8264263,8264263,None,USD,1285838013,None,None,None,703932345,581905668,None,None,67045,-206353536,None,None,None,59516236,None,None,None,None,None,None,1219432796,581905668,None,None,None,None,14963814,None,None,None,None,None,None,None,None,None,None,None,None,None,None,None,None,None,None,None,None,None,None,USD,None,0,None,None,-13000000,None,-2750000,-3406960,8264263,37796006,65614125,None,None,-12068119,0,None,None,59647947,0,None,None,None,6.64,6.27
8,2019-06-30,USD,7159154,1230303,14932920,13180040,19757919,5628851,None,None,5928851,None,1230303,None,11949740,300000,7808175,300000,26805097,18996922,None,None,None,300000,-13829068,None,5628851,5628851,None,USD,1304174274,None,None,None,718464750,585709524,None,12068118,67045,-203617030,None,None,None,21744836,23292569,None,None,None,None,29338360,1274835914,585709524,None,7219742,695172180,None,16075861,None,None,None,None,None,None,None,None,None,None,None,695172180,None,None,None,None,None,789259510,None,21744840,None,67000000,USD,None,-4480173,None,None,29000000,148901490,-2750000,3882553,5628851,-8552383,-25484265,None,None,-12068118,0,None,-282404,-30340395,0,None,None,None,6.32,6.64
9,2019-04-30,USD,7159154,None,None,None,None,5628851,None,None,5928851,None,1230303,None,None,None,7808175,300000,26805097,18996922,None,None,None,None,None,None,5628851,None,None,USD,1304174274,None,None,None,718464750,585709524,None,None,None,-203617030,None,None,None,21744836,None,None,None,None,None,None,1274835914,None,None,None,None,None,16075861,None,None,None,None,None,None,None,None,None,None,None,None,None,None,None,None,None,None,None,None,None,None,USD,None,None,None,None,None,None,None,None,5628851,-8552383,-25484265,None,None,-12068118,0,None,None,None,0,None,None,None,7.14,6.32
10,2019-03-31,USD,28687750,3921300,16410210,12277540,20781255,-4746500,None,None,-4446500,None,1224800,None,11052730,300000,9194545,300000,-15499240,18476827,None,None,None,300000,-28598288,None,-4746497,-4746500,None,USD,1282187970,None,None,None,690039180,592148790,None,12068119,67050,-197177760,None,None,None,30307030,23787800,None,None,None,None,37515760,1244672213,592148791,None,6937338,666251380,None,18991577,None,None,None,None,None,None,None,None,None,None,None,666251380,None,None,None,None,None,789259510,None,30307030,None,68000000,USD,None,-13691952,None,None,107500000,131969610,-2750000,-5980007,2031690,10800880,-121253650,None,None,-24674670,-14471720,None,-1430774,-56878645,0,None,None,None,6.91,7.14
11,2018-12-31,USD,27380001,8226524,13365380,27380001,19153477,6778189,None,None,7078189,None,8226524,None,19153477,300000,-6278847,None,None,None,None,None,None,300000,-12075288,None,6778189,6778189,None,USD,1221766808,None,None,None,605825703,615941105,None,12244957,68028,-180363147,None,None,None,24653889,43517748,None,None,-62157640,None,30312997,1191453811,615941105,None,5506564,562307955,None,18172125,None,None,None,None,None,None,None,None,None,None,None,562307960,None,None,None,None,None,796236220,None,24653890,None,69000000,USD,None,18172125,None,None,63616000,43692266,-2750000,-577304,6778189,5147735,-38630681,None,None,-12429712,-7494020,None,2100400,-65520639,0,None,None,None,6.37,6.91
12,2018-09-30,USD,27624512,8194781,8197000,27624512,19429731,12472908,0,0,12472908,0,8194781,None,19429731,300000,-5454981,None,None,None,0,0,0,0,-6956823,0,12472908,12472908,None,USD,1160118827,None,None,None,531216932,628901895,None,12429712,69054,-174896379,19824000,None,1133006000,19506154,26875373,None,None,None,None,28033353,1132085474,628901895,None,7606964,504341559,None,7051000,None,None,None,None,None,None,None,None,None,None,None,None,None,None,None,None,None,None,None,None,None,71000000,USD,None,-14700000,None,None,39000000,19168161,-1721750,3096310,12472908,-87584937,-106741519,None,None,-12597854,None,None,360115,-108103792,0,None,None,None,7.46,6.37
13,2018-06-30,USD,24759502,7418350,7418000,24759502,17341152,16910147,0,0,16910147,0,7418350,None,17341152,0,-5565240,None,None,None,0,0,0,0,-431005,0,16910147,16910147,None,USD,1141381765,None,None,None,505289081,636092684,None,12597854,69988,-174939575,None,None,1026324000,107091091,39305729,465983352,465983352,None,None,116636929,1024744836,636092684,None,7967079,465983352,None,14700000,None,None,None,None,None,None,None,None,None,None,None,None,None,None,None,None,None,None,None,None,None,71000000,USD,None,14700000,None,None,-20000000,-40567536,None,-1315110,16910147,-63128458,-22460888,None,None,-12790950,None,None,25135345,-78265149,0,None,None,None,7.005,7.46
14,2018-03-31,USD,27225609,7869270,7870000,27225609,19356339,6035010,0,0,6035010,0,7869270,None,19356339,0,-5940893,None,None,None,0,1427253,0,0,-13321329,0,6035010,6035010,None,USD,1153547187,None,None,None,513990210,639556977,None,12790950,71061,-179251868,None,None,950224000,170219549,26820361,487169849,487169849,-184586652,None,205607158,947940029,639556977,None,33102424,487169849,None,6720000,None,None,None,None,None,None,None,None,None,None,None,None,None,None,None,None,None,None,None,None,None,71000000,USD,None,0,None,None,-21872900,-36385600,-1721750,-50154,6035010,97386874,133754823,None,22192,-12790950,None,None,-25342614,152264139,0,None,None,None,6.68,7.005
15,2017-12-31,USD,28668000,8643003,8643000,28668425,20025422,12295000,0,0,12295000,0,8643003,None,20025000,0,5857000,None,None,None,0,-1427253,0,0,-7730025,0,12295397,12295000,None,USD,1184193000,None,None,None,537880000,646313000,None,20072000,71000,-172495927,None,None,1103600000,72833000,27564879,510315293,510315293,-177206216,None,83572034,1100621056,646312918,None,7759810,510315000,None,7493000,None,None,None,None,None,None,None,None,None,None,None,None,None,None,None,None,None,None,None,None,None,71000000,USD,None,-1014000,None,None,-15000000,-27790950,-1721750,788243,12295000,34630607,62388000,None,135744,-12791000,None,None,-1852834,51796516,0,None,None,None,6.91,6.68
16,2017-09-30,USD,27866000,35887267,9094000,55517703,-48284290,7424000,0,0,7424000,0,2143937,None,18772000,0,6003000,None,None,None,0,-1616645,0,425000,-104441703,0,-55523650,7424000,None,USD,1202196000,None,None,None,555387000,646809000,None,21191000,71000,-172000374,21191000,None,1158087000,38202000,29320376,526066994,526066994,-175333569,None,48618333,1153577508,646808471,None,5906976,526067000,None,8129000,None,None,None,None,None,None,None,None,None,None,None,None,None,None,None,None,None,None,None,None,None,71000000,USD,None,446000,None,None,-40696800,-107586643,-1513875,-2461898,7424000,-37406045,69249000,None,-1380790,-65376000,None,None,1126000,6725168,0,None,None,None,7.51,6.91
17,2017-06-30,USD,31084000,0,8033000,143014034,242706425,18779000,0,0,18779000,0,67051147,None,23051000,0,10591000,None,None,None,0,-4743325,0,2550000,119949145,0,201971990,18779000,None,USD,1227649000,None,None,None,575473000,652176000,None,19550000,71000,1310399,None,None,1104075000,103196000,None,None,None,-169189354,None,None,1098924260,652175782,None,20378264,549874000,None,6049000,None,None,None,None,None,None,None,None,None,None,None,None,None,None,None,None,None,None,None,None,None,71000000,USD,None,-4330367,None,None,-61897875,-74688825,None,-2875182,18779000,36309229,92177000,None,-357239,-52585000,None,None,1875032,97549506,0,None,None,None,7.39,7.51
18,2017-03-31,USD,33715000,0,10366000,-99130750,-136984779,11460000,0,0,11460000,0,-44519316,None,23349000,0,7179000,None,None,None,0,6123084,0,-1700000,-49751448,0,-108785966,11460000,None,USD,1285573000,None,None,None,639385000,646188000,None,21550000,71000,1640939,None,None,1196755000,66565000,None,None,None,-175508009,None,None,1194479647,646187667,None,22253296,609456000,None,8379000,None,None,None,None,None,None,None,None,None,None,None,None,None,None,None,None,None,None,None,None,None,71000000,USD,None,1055000,None,None,-48532400,9452000,None,-296390,11460000,21091532,89520966,None,-687343,-39794000,None,None,-9503973,137213611,0,None,None,None,8.14,7.39
19,2016-12-31,USD,31869000,0,10093000,25133337,31209701,24049000,0,0,24049000,0,11211499,None,21776000,0,6736000,None,None,None,0,-1543839,0,425000,9008450,0,24049127,24049000,None,USD,1385612000,None,None,None,738093000,647519000,None,27884000,71000,1640939,50399000,None,1327522000,45341000,None,None,None,-172535788,None,None,1325543779,647518949,None,12749323,651705000,None,58504000,None,None,None,None,None,None,None,None,None,None,None,None,None,None,None,None,None,None,None,None,None,71000000,USD,None,50408000,None,None,97779000,77882000,None,636507,24049000,-30459440,-108341406,None,-769867,-19897000,None,None,-5716465,-177718056,0,None,None,None,7.66,8.14
