,fiscalDateEnding,reportedCurrency_x,totalRevenue,totalOperatingExpense,costOfRevenue,grossProfit,ebit,netIncome_x,researchAndDevelopment,effectOfAccountingCharges,incomeBeforeTax,minorityInterest,sellingGeneralAdministrative,otherNonOperatingIncome,operatingIncome,otherOperatingExpense,interestExpense,taxProvision,interestIncome,netInterestIncome,extraordinaryItems,nonRecurring,otherItems,incomeTaxExpense,totalOtherIncomeExpense,discontinuedOperations,netIncomeFromContinuingOperations,netIncomeApplicableToCommonShares,preferredStockAndOtherAdjustments,reportedCurrency_y,totalAssets,intangibleAssets,earningAssets,otherCurrentAssets,totalLiabilities,totalShareholderEquity,deferredLongTermLiabilities,otherCurrentLiabilities,commonStock,retainedEarnings,otherLiabilities,goodwill,otherAssets,cash,totalCurrentLiabilities,shortTermDebt,currentLongTermDebt,otherShareholderEquity,propertyPlantEquipment,totalCurrentAssets,longTermInvestments,netTangibleAssets,shortTermInvestments,netReceivables,longTermDebt,inventory,accountsPayable,totalPermanentEquity,additionalPaidInCapital,commonStockTotalEquity,preferredStockTotalEquity,retainedEarningsTotalEquity,treasuryStock,accumulatedAmortization,otherNonCurrrentAssets,deferredLongTermAssetCharges,totalNonCurrentAssets,capitalLeaseObligations,totalLongTermDebt,otherNonCurrentLiabilities,totalNonCurrentLiabilities,negativeGoodwill,warrants,preferredStockRedeemable,capitalSurplus,liabilitiesAndShareholderEquity,cashAndShortTermInvestments,accumulatedDepreciation,commonStockSharesOutstanding,reportedCurrency,investments,changeInLiabilities,cashflowFromInvestment,otherCashflowFromInvestment,netBorrowings,cashflowFromFinancing,otherCashflowFromFinancing,changeInOperatingActivities,netIncome_y,changeInCash,operatingCashflow,otherOperatingCashflow,depreciation,dividendPayout,stockSaleAndPurchase,changeInInventory,changeInAccountReceivables,changeInNetIncome,capitalExpenditures,changeInReceivables,changeInExchangeRate,changeInCashAndCashEquivalents,clossingVal,nextClossingVal
0,2020-06-30,USD,226300000,115000000,83800000,142500000,28500000,14400000,34200000,None,17400000,None,80800000,1000000,27500000,None,11100000,3000000,700000,-11100000,None,None,None,3000000,1000000,None,14400000,14400000,None,USD,1626700000,10900000,None,59600000,1063400000,563300000,19700000,None,100000,-660800000,18800000,39600000,43800000,779100000,134400000,None,None,-3600000,423200000,1085700000,23500000,512800000,65300000,78000000,910200000,103700000,134400000,None,None,100000,None,-660800000,None,None,43800000,None,43800000,None,910200000,18800000,929000000,None,None,None,1227600000,1626700000,844400000,None,65604347,USD,92000000,5400000,67200000,None,None,483900000,-1600000,-15800000,14400000,577500000,26400000,-13900000,21100000,None,485500000,-7600000,800000,7000000,24800000,None,200000,577700000,194.26,
1,2020-03-31,USD,198000000,119400000,71100000,126900000,7500000,-2100000,35500000,None,-2600000,None,83900000,None,7500000,None,10100000,-500000,1500000,-10100000,None,None,None,-500000,None,None,-2100000,-2100000,None,USD,1108200000,12400000,None,43900000,1049200000,59000000,20600000,None,100000,-675200000,19800000,39600000,41700000,201400000,130400000,None,None,-3800000,412400000,541300000,60800000,7000000,120200000,80100000,899000000,95700000,130400000,None,None,100000,None,-675200000,None,None,41700000,None,41700000,None,899000000,19800000,918800000,None,None,None,737900000,1108200000,321600000,None,63057874,USD,40800000,-21700000,13400000,-500000,None,-19000000,-25200000,-600000,-2100000,-9200000,-3600000,-13900000,20000000,None,6200000,4800000,-14600000,9300000,26900000,None,-3100000,-12300000,165.68,194.26
2,2019-12-31,USD,209394000,115978000,75288000,134106000,17755000,4968000,34703000,None,6782000,None,81275000,-373000,18128000,None,10988000,1814000,-9097000,-3173000,None,None,None,2466000,-8173000,None,4316000,4968000,None,USD,1142900000,13200000,None,31100000,1067000000,75900000,19900000,22800000,100000,-672000000,7000000,39800000,25000000,213700000,157700000,None,None,-1200000,399400000,591000000,58400000,22900000,162400000,82800000,887900000,101000000,157700000,None,None,100000,None,-672000000,None,None,41100000,None,41100000,None,887900000,21400000,909300000,None,None,None,749000000,1142900000,376100000,None,62685492,USD,-4071000,41133000,-53996000,-810000,-210034000,-202445000,50534000,-14634000,4968000,-209508000,46933000,-20807000,20442000,None,-34500000,-10154000,-4943000,11351000,49115000,None,None,-207676000,171.2,165.68
3,2019-09-30,USD,192115000,106076000,69035000,123080000,10500000,852000,30779000,None,1130000,None,75297000,-6504000,17004000,None,9370000,278000,-9423000,-9370000,None,None,None,278000,-6504000,None,852000,852000,None,USD,1268390000,12834000,None,20653000,1117822000,150568000,19282000,23358000,62000,-676982000,7219000,39713000,22881000,419882000,113282000,None,None,-4652000,355865000,793901000,31006000,98021000,185622000,77537000,985771000,90207000,113282000,None,None,62000,None,-676982000,None,None,35071000,None,35071000,None,985771000,18769000,1004540000,None,None,None,832140000,1268390000,605504000,None,61786969,USD,36250000,5229000,12189000,-1425000,241234000,258198000,-291000,2223000,852000,301577000,31190000,-1701000,16660000,None,17255000,-6041000,-551000,16191000,22636000,None,-1562000,300015000,164.93,171.2
4,2019-06-30,USD,177136000,108815000,60718000,116418000,9526000,1402000,32264000,None,1884000,None,76551000,1923000,7603000,None,7642000,482000,-5719000,-7642000,None,None,None,482000,1923000,None,1402000,1402000,None,USD,977723000,13040000,None,25211000,727943000,249780000,18183000,24868000,60000,-677834000,7323000,39739000,21415000,119867000,105773000,None,None,-2829000,334025000,498807000,62677000,197001000,189881000,78739000,607351000,85109000,105773000,None,None,60000,None,-677834000,None,None,29435000,None,29435000,None,607351000,14819000,622170000,None,None,None,930383000,977723000,309748000,None,60149926,USD,12246000,934000,-39413000,-4965000,326594000,16198000,-431000,1914000,1402000,-9305000,13910000,56000,13640000,None,16629000,-11315000,-2610000,9193000,46694000,None,-82000,-9387000,119.38,164.93
5,2019-03-31,USD,159555000,99431000,52859000,106696000,11319000,4378000,31954000,None,4704000,None,67477000,4054000,7265000,None,6600000,326000,-2561000,-6615000,None,None,None,-326000,4054000,None,5030000,4378000,None,USD,952612000,11484000,None,28028000,728982000,223630000,17211000,1195000,60000,-679236000,7529000,39694000,20372000,129254000,113973000,2315000,2315000,-3085000,299605000,496382000,76789000,172452000,187120000,78158000,599601000,73822000,112778000,None,None,60000,None,-679236000,None,None,3161000,None,28658000,None,599601000,15408000,615009000,None,None,None,905891000,952612000,316374000,None,59638439,USD,52875000,-5996000,7620000,52875000,326594000,1549000,-7512000,-6303000,4378000,15536000,6367000,-8348000,12758000,None,9061000,-2690000,-2796000,6265000,45255000,None,-188000,15348000,95.09,119.38
6,2018-12-31,USD,164907000,94079000,54595000,110312000,17736000,9893000,28514000,0,10888000,0,65565000,1503000,16233000,0,6848000,None,None,None,0,0,0,2828000,-17945000,0,8060000,9893000,None,USD,928744000,10383000,None,24254000,716645000,212099000,15988000,1184000,59000,-683614000,9010000,39646000,18266000,113906000,115657000,None,None,-2905000,258379000,461286000,140784000,162070000,175040000,76672000,591978000,71414000,114473000,None,None,59000,None,-683614000,None,None,None,None,18266000,None,591978000,9010000,600988000,None,None,None,898559000,928744000,288946000,None,59188758,USD,-5990000,23693000,-40785000,-22150000,326594000,-1584000,11880000,-3660000,9893000,-11930000,30439000,-8428000,11884000,None,15815000,-13547000,1702000,6944000,34795000,None,-727000,-12657000,79.32,95.09
7,2018-09-30,USD,151076000,95104000,49107000,101969000,8699000,1659000,21762000,0,1853000,0,73342000,1834000,6865000,0,6846000,None,None,None,0,0,0,-194000,-5012000,0,2047000,1659000,None,USD,886306000,7791000,None,17905000,688377000,197929000,15570000,2210000,59000,-693507000,6668000,39774000,18057000,126563000,97224000,None,None,-2452000,229433000,445712000,145539000,150364000,163281000,79913000,584485000,58050000,95014000,0,0,59000,0,-693507000,0,None,None,None,18057000,None,584485000,6668000,591153000,None,None,None,893829000,886306000,289844000,None,59068586,USD,11006000,20844000,-26616000,22054000,-12000,1091000,-1155000,-267000,1659000,-9670000,15855000,-17799000,11486000,0,2258000,-17320000,-17364000,16985000,37622000,None,-13000,-9683000,105.95,79.32
8,2018-06-30,USD,124262000,77747000,42190000,82072000,6011000,-1691000,18418000,0,-1279000,0,59329000,1686000,4325000,0,7290000,None,None,None,0,0,0,-400000,-5604000,0,-879000,-1691000,None,USD,838856000,5747000,None,17559000,659708000,179148000,15475000,2338000,59000,-695166000,6480000,39731000,17961000,136246000,76109000,577119000,577119000,-2386000,197564000,421793000,156060000,133670000,163546000,63634000,577119000,40808000,73771000,0,0,59000,0,-695166000,0,None,None,None,17961000,None,577119000,6480000,583599000,None,None,None,876641000,838856000,299792000,None,58975395,USD,-6552000,2221000,-61115000,15208000,-6672000,698000,-875000,-1894000,-1691000,-66546000,-6129000,-10516000,10873000,0,8245000,-14665000,-9017000,7649000,54563000,None,-354000,-66900000,85.7,105.95
9,2018-03-31,USD,123578000,75815000,47763000,75815000,1682000,-6569000,19912000,0,-6236000,0,55903000,1682000,4325000,0,7918000,None,None,None,0,0,0,-300000,-6236000,0,-5936000,-6569000,None,USD,829763000,4570000,None,17449000,659195000,170568000,14442000,2809000,59000,-693475000,6904000,39773000,16663000,203146000,82414000,3451000,3451000,-1536000,153029000,451611000,164117000,126225000,148853000,55829000,569877000,26334000,79605000,0,0,59000,0,-693475000,0,None,None,None,16663000,None,569877000,6904000,576781000,None,None,None,865520000,829763000,351999000,None,58723242,USD,-20614000,-22488000,-55988000,7918000,-15000,-8870000,-11816000,-2697000,-6569000,-69124000,-4266000,-1524000,10685000,0,2961000,6706000,1800000,8924000,35374000,None,-307000,-69431000,86.68,85.7
10,2017-12-31,USD,130524000,80276000,51016000,79508000,-222000,-6860000,18782000,0,-6921000,0,61494000,546000,-768000,0,6699000,None,None,None,0,0,0,-61000,-15034000,0,-6860000,-6860000,None,USD,816744000,4351000,None,9949000,658228000,158516000,0,2356000,58000,-707255000,6030000,39840000,171709000,272577000,86025000,566173000,566173000,-493000,107864000,537171000,125549000,114325000,167479000,53373000,566173000,33793000,83669000,0,0,58000,0,-707255000,0,None,1969000,None,279573000,None,566173000,6030000,572203000,None,None,None,866206000,816744000,440056000,None,58319348,USD,-119899000,17869000,-149312000,24290000,293035000,297897000,15566000,-2126000,-6860000,170385000,21800000,-2038000,9144000,0,0,1261000,-26322000,8989000,29413000,-6565000,-41000,170344000,69.0,86.68
11,2017-09-30,USD,121775000,71577000,48151000,73624000,2603000,-2227000,20141000,0,-2106000,0,51436000,556000,2047000,0,4709000,None,None,None,0,0,0,121000,155000,0,-2227000,-2227000,None,USD,500348000,4369000,None,8037000,426094000,74254000,0,1395000,58000,-700395000,6201000,39854000,45837000,102233000,74940000,344953000,344953000,-123000,88491000,366020000,None,30031000,173523000,47173000,344953000,35054000,73545000,0,0,58000,0,-700395000,0,None,1614000,None,134328000,None,344953000,6201000,351154000,None,None,None,774714000,500348000,275756000,None,58156128,USD,11526000,18594000,2781000,14512000,293066000,2456000,-388000,563000,-2227000,28515000,23278000,372000,7944000,0,2844000,-1099000,19757000,9821000,8745000,-10127000,230000,28745000,55.08,69.0
12,2017-06-30,USD,109756000,67997000,45117000,64639000,-2870000,-7767000,18029000,0,-7666000,0,49968000,488000,-3358000,0,4796000,None,None,None,0,0,0,101000,265000,0,-7767000,-7767000,None,USD,459327000,3386000,None,8431000,394602000,64725000,0,1127000,58000,-698168000,5748000,39759000,44704000,73488000,48018000,340836000,340836000,-529000,75878000,338745000,None,21580000,185117000,37753000,340836000,33956000,46891000,0,0,58000,0,-698168000,0,None,1559000,None,120582000,None,340836000,5748000,346584000,None,None,None,763364000,459327000,258605000,None,58044088,USD,-8591000,7315000,-21980000,9803000,293066000,1267000,-289000,125000,-7767000,-2749000,17964000,-241000,7457000,0,1556000,352000,9630000,8332000,13389000,2516000,199000,-2550000,51.31,55.08
13,2017-03-31,USD,101713000,64706000,42315000,59398000,-4874000,-9977000,17500000,0,-9881000,0,47206000,434000,-5308000,0,5007000,None,None,None,0,0,0,96000,-4573000,0,-9977000,-9977000,None,USD,444957000,2208000,None,8159000,381372000,63585000,0,1127000,58000,-690401000,5231000,39697000,42510000,76038000,39379000,None,None,-657000,65279000,337168000,None,21680000,177990000,40648000,336762000,34333000,38252000,0,0,58000,0,-690401000,0,None,605000,None,107789000,None,336762000,5231000,341993000,None,None,None,754585000,444957000,254028000,None,57912745,USD,-16607000,-14202000,-42286000,5007000,-269000,2927000,-3139000,-1421000,-9977000,-61194000,-21835000,-1421000,7317000,0,6335000,1175000,12146000,7419000,25679000,-12146000,58000,-61136000,43.09,51.31
14,2016-12-31,USD,103575000,377693000,39579000,155445000,29756000,-25798000,16034000,0,-26818000,0,64772000,None,-13122000,0,5136000,None,None,None,0,0,0,197000,-10745000,9759000,22537000,32296000,None,USD,456647000,528000,None,7073000,393497000,63150000,0,1309000,57000,-680424000,5032000,39677000,40421000,137174000,55697000,269000,332768000,-726000,46266000,369960000,None,22945000,161396000,28803000,332768000,35514000,54119000,0,0,57000,0,-680424000,0,None,216000,None,86687000,None,332768000,5032000,337800000,None,None,None,744243000,456647000,298570000,None,57457967,USD,-161609000,-210000,-178010000,5714000,174579000,176567000,-2866000,-1821000,-28879000,14502000,15911000,None,13833000,0,4854000,-24103000,12551000,44540000,22115000,None,None,None,37.68,43.09
15,2016-09-30,USD,94871000,53223000,39230000,55641000,78000,-3081000,13734000,0,-2951000,0,39489000,-2340000,2418000,0,3029000,None,None,None,0,0,0,66000,-2371000,-18749000,-3017000,-3081000,None,USD,453197000,651000,None,7901000,388102000,65095000,0,1247000,57000,-671305000,4888000,39730000,40479000,215402000,54252000,1061000,1061000,-387000,50911000,361807000,None,24714000,67293000,38548000,328962000,32663000,51944000,0,0,57000,0,-671305000,0,None,98000,None,91390000,None,328962000,4888000,333850000,None,None,None,736730000,453197000,282695000,None,57418432,USD,-31739000,494000,-45039000,5714000,179021000,182150000,-229000,-1063000,-3081000,139788000,2677000,-1063000,5754000,0,3358000,-8188000,2994000,9439000,13300000,-678000,-47000,139741000,40.94,37.68
16,2016-06-30,USD,87330000,51745000,36873000,50457000,-1159000,-4198000,12953000,0,-4286000,0,38792000,129000,-1288000,0,3127000,None,None,None,0,0,0,-65000,-72000,9113000,-4351000,-4198000,None,USD,263045000,773000,None,6838000,235601000,27444000,0,1323000,57000,-668224000,4730000,39763000,40624000,75661000,55181000,2315000,2315000,-243000,41131000,181290000,None,-13092000,35605000,38700000,175690000,24486000,51543000,0,0,57000,0,-668224000,0,None,88000,None,81755000,None,175690000,4730000,180420000,None,None,None,695854000,263045000,111266000,None,57240894,USD,-34497000,7350000,-37242000,5714000,-2132000,-2408000,-970000,-1743000,-4198000,-35969000,3681000,-1743000,5431000,0,694000,-10450000,3672000,5925000,2745000,1366000,-5000,-35974000,30.24,40.94
17,2016-03-31,USD,81213000,51750000,37162000,44051000,-7529000,-12481000,12989000,0,-10625000,0,38761000,170000,-7699000,0,3096000,None,None,None,0,0,0,64000,-2926000,-1792000,-10689000,-12481000,None,USD,254774000,885000,None,5712000,228378000,26396000,0,1461000,57000,-664026000,4922000,39761000,41234000,111635000,49775000,4447000,4447000,-254000,41695000,171845000,None,-14250000,0,40474000,173681000,14024000,43867000,0,0,57000,0,-664026000,0,None,588000,None,82929000,None,173681000,4922000,178603000,None,None,None,690619000,254774000,111635000,None,57112482,USD,4614000,-8702000,1454000,4614000,-1340000,-2184000,-1640000,-462000,-12481000,-11247000,-10517000,-462000,5406000,0,796000,-2649000,2306000,6065000,3160000,2306000,210000,-11037000,33.16,30.24
18,2015-12-31,USD,100119000,69361000,54798000,45321000,-24042000,-27327000,12897000,0,-27187000,0,56464000,-2000,-24040000,0,3145000,None,None,None,0,0,0,140000,-21023000,-11918000,-27327000,-27327000,None,USD,275126000,2721000,None,5659000,241075000,34051000,0,2361000,57000,-651545000,3952000,39747000,42572000,122672000,65156000,5519000,177486000,-654000,41793000,190761000,None,-8417000,0,48387000,171698000,14043000,57276000,0,0,57000,0,-651545000,0,None,104000,None,84365000,269000,171967000,3952000,175919000,None,None,None,686193000,275126000,122672000,None,56914557,USD,-161609000,7124000,-3482000,5714000,-1293000,-663000,-178000,-276000,-27327000,-22740000,-18595000,-1502000,6389000,0,808000,-1034000,-9793000,12834000,3482000,-15079000,-55000,-22795000,37.81,33.16
19,2015-09-30,USD,87303000,51385000,51652000,35651000,-15698000,-18927000,10035000,0,-18865000,0,41350000,36000,-15734000,0,3167000,None,None,None,0,0,0,62000,-97000,0,-18927000,-18927000,None,USD,293120000,13039000,None,4049000,237987000,55133000,0,2256000,57000,-624218000,3619000,39823000,57246000,145467000,59437000,6020000,None,-467000,41536000,194338000,None,2271000,0,31803000,173870000,13019000,51161000,0,0,57000,0,-624218000,0,None,4384000,None,98782000,1061000,174931000,3619000,178550000,None,None,None,679761000,293120000,145467000,None,56914557,USD,None,7177000,-7240000,-4715000,-1469000,-956000,-41000,None,-18927000,550000,8746000,-590000,6224000,0,554000,10648000,5286000,5804000,2525000,-1590000,-220000,330000,25.91,37.81
