,fiscalDateEnding,reportedCurrency_x,totalRevenue,totalOperatingExpense,costOfRevenue,grossProfit,ebit,netIncome_x,researchAndDevelopment,effectOfAccountingCharges,incomeBeforeTax,minorityInterest,sellingGeneralAdministrative,otherNonOperatingIncome,operatingIncome,otherOperatingExpense,interestExpense,taxProvision,interestIncome,netInterestIncome,extraordinaryItems,nonRecurring,otherItems,incomeTaxExpense,totalOtherIncomeExpense,discontinuedOperations,netIncomeFromContinuingOperations,netIncomeApplicableToCommonShares,preferredStockAndOtherAdjustments,reportedCurrency_y,totalAssets,intangibleAssets,earningAssets,otherCurrentAssets,totalLiabilities,totalShareholderEquity,deferredLongTermLiabilities,otherCurrentLiabilities,commonStock,retainedEarnings,otherLiabilities,goodwill,otherAssets,cash,totalCurrentLiabilities,shortTermDebt,currentLongTermDebt,otherShareholderEquity,propertyPlantEquipment,totalCurrentAssets,longTermInvestments,netTangibleAssets,shortTermInvestments,netReceivables,longTermDebt,inventory,accountsPayable,totalPermanentEquity,additionalPaidInCapital,commonStockTotalEquity,preferredStockTotalEquity,retainedEarningsTotalEquity,treasuryStock,accumulatedAmortization,otherNonCurrrentAssets,deferredLongTermAssetCharges,totalNonCurrentAssets,capitalLeaseObligations,totalLongTermDebt,otherNonCurrentLiabilities,totalNonCurrentLiabilities,negativeGoodwill,warrants,preferredStockRedeemable,capitalSurplus,liabilitiesAndShareholderEquity,cashAndShortTermInvestments,accumulatedDepreciation,commonStockSharesOutstanding,reportedCurrency,investments,changeInLiabilities,cashflowFromInvestment,otherCashflowFromInvestment,netBorrowings,cashflowFromFinancing,otherCashflowFromFinancing,changeInOperatingActivities,netIncome_y,changeInCash,operatingCashflow,otherOperatingCashflow,depreciation,dividendPayout,stockSaleAndPurchase,changeInInventory,changeInAccountReceivables,changeInNetIncome,capitalExpenditures,changeInReceivables,changeInExchangeRate,changeInCashAndCashEquivalents,clossingVal,nextClossingVal
0,2020-06-30,USD,106832000,40611000,53296000,53536000,14405000,13192000,19770000,None,14405000,None,20841000,1480000,12925000,None,None,1213000,None,None,None,None,None,1213000,1480000,None,13192000,13192000,None,USD,853777000,14658000,None,14512000,94305000,759472000,121000,None,28000,592694000,29550000,91849000,31470000,251325000,64755000,None,None,-1720000,138572000,577228000,None,652965000,194556000,12872000,None,103963000,64755000,None,None,28000,None,592694000,None,None,29956000,None,1514000,None,None,29429000,29550000,None,None,None,168470000,853777000,445881000,None,29876000,USD,40026000,1717000,30338000,331000,None,-6125000,None,8084000,13192000,60866000,36653000,8084000,6838000,-6271000,146000,-7330000,7725000,6427000,10019000,7725000,None,60866000,118.13,
1,2020-03-31,USD,109664000,41386000,53184000,56480000,16871000,15886000,19152000,None,16871000,None,22234000,1777000,15094000,None,None,985000,None,None,None,None,None,985000,1777000,None,15886000,15886000,None,USD,827439000,15748000,None,20570000,83609000,743830000,162000,None,28000,585773000,29139000,91849000,35970000,190459000,54470000,None,None,-4314000,123430000,560442000,None,636233000,232183000,20597000,None,96633000,54470000,None,None,28000,None,585773000,None,None,34231000,None,1739000,None,None,28977000,29139000,None,None,None,162343000,827439000,422642000,None,29691000,USD,-891000,2479000,-12494000,-891000,None,-2128000,None,-3992000,15886000,11769000,26391000,-4146000,6759000,-5644000,3516000,-6253000,3831000,7835000,11603000,3831000,None,11769000,88.33,118.13
2,2019-12-31,USD,114457000,-125418000,56232000,58225000,185495000,158291000,18298000,None,185495000,None,25253000,1852000,183643000,None,None,27204000,None,None,None,168969000,None,27204000,170821000,None,158291000,158291000,None,USD,803896000,16865000,None,15597000,79350000,724546000,164000,584000,28000,575531000,21843000,91849000,27703000,178690000,50476000,None,None,-3130000,116619000,541339000,None,615832000,232398000,24274000,None,90380000,50476000,None,None,28000,None,575531000,None,None,34388000,2836000,262557000,None,None,28710000,28874000,None,None,None,152117000,803896000,411088000,None,29430962,USD,-67802000,-5046000,-78266000,-675000,None,-5365000,None,902000,158291000,98528000,182159000,11520000,6405000,-5590000,225000,-1670000,1545000,11114000,9789000,1545000,None,98528000,98.91,88.33
3,2019-09-30,USD,114159000,40633000,56028000,58131000,18576000,17099000,17957000,None,18576000,None,22676000,1078000,17498000,None,None,1477000,None,None,None,None,None,1477000,1078000,None,17099000,17099000,None,USD,636410000,18238000,None,15316000,71082000,565328000,152000,597000,28000,422830000,14021000,91849000,26856000,80162000,49652000,None,None,-1084000,114930000,374656000,None,455241000,164649000,25819000,None,88710000,49652000,None,None,28000,None,422830000,None,None,31173000,5564000,261754000,None,None,21278000,21430000,None,None,None,143554000,636410000,244811000,None,29419000,USD,-34102000,-6880000,-40179000,-100000,None,-994000,None,580000,17099000,-19329000,21844000,580000,6122000,-4999000,4005000,487000,-351000,4787000,5977000,-351000,None,-19329000,90.43,98.91
4,2019-06-30,USD,102865000,41812000,51293000,51572000,11070000,10845000,19269000,None,11070000,None,22543000,1310000,9760000,None,None,225000,None,None,None,None,None,225000,1310000,None,10845000,10845000,None,USD,620389000,18920000,None,15571000,76524000,543865000,153000,579000,28000,410730000,13693000,91849000,26722000,99491000,55334000,1574000,1574000,-1336000,112939000,360002000,None,433096000,130275000,25468000,7497000,89197000,55334000,None,None,28000,None,410730000,None,None,31495000,5184000,260387000,None,None,21037000,21190000,None,None,None,134443000,620389000,229766000,None,29330000,USD,-36996000,5021000,-41922000,-37000,None,-3802000,-4980000,615000,10845000,-26304000,19420000,615000,5929000,-4980000,1178000,-4117000,-5160000,6287000,4889000,-5160000,None,-26304000,80.18,90.43
5,2019-03-31,USD,89188000,39353000,43714000,45474000,7273000,7233000,17946000,None,7273000,None,21407000,1152000,6121000,None,None,40000,None,None,None,None,None,40000,1152000,None,7233000,7233000,None,USD,600505000,20073000,None,16798000,69204000,531301000,204000,706000,28000,404865000,13366000,91849000,26959000,125795000,50921000,1657000,1657000,-1361000,113713000,341119000,None,419379000,92901000,20545000,4917000,85080000,50921000,None,None,28000,None,404865000,None,None,28018000,5733000,259386000,None,None,18079000,18283000,None,None,None,127769000,600505000,218696000,None,29110000,USD,1994000,349000,-1679000,-214000,None,-7739000,-4980000,-4229000,7233000,-8342000,1076000,-4229000,5755000,-4937000,-2802000,-4223000,-9293000,5484000,3459000,-9293000,None,-8342000,69.94,80.18
6,2018-12-31,USD,93307000,39962000,45302000,48005000,9340000,22736000,17965000,0,9340000,0,21997000,1297000,8043000,0,0,None,None,None,9700000,0,0,-13396000,1297000,0,22736000,22736000,None,USD,588697000,21152000,None,11915000,61625000,527072000,216000,933000,28000,402569000,13259000,91849000,29147000,134137000,48366000,None,None,-1689000,114117000,332432000,None,414071000,94451000,11072000,None,80857000,48366000,None,None,28000,None,402569000,None,None,22241000,6906000,256265000,None,None,13043000,13259000,None,None,None,126164000,588697000,228588000,None,28888643,USD,5438000,46000,-119000,94718000,8000000,-32624000,-4980000,1226000,22736000,-14414000,18329000,-8671000,5767000,-4651000,-27973000,-6656000,2868000,2272000,5557000,2868000,None,-14414000,60.98,69.94
7,2018-09-30,USD,110085000,38980000,53080000,57005000,19123000,17667000,17236000,0,19123000,0,21744000,1098000,18025000,0,0,None,None,None,0,0,0,1456000,1098000,0,17667000,17667000,None,USD,604427000,22452000,None,12573000,73295000,531132000,52000,1311000,28000,384484000,22790000,91849000,27452000,148551000,50505000,None,None,-2076000,113841000,348833000,None,416831000,99766000,13742000,0,74201000,50505000,0,0,28000,0,384484000,0,None,23779000,3673000,255594000,None,None,22738000,22790000,None,None,None,148696000,604427000,248317000,None,30000000,USD,-1073000,8910000,-10080000,-400000,None,-12765000,-4980000,-1333000,17667000,364000,23209000,-1333000,5943000,-4692000,-8073000,-5377000,-7052000,4451000,8607000,-7052000,None,364000,63.2,60.98
8,2018-06-30,USD,109482000,40615000,53248000,56234000,16504000,15381000,17898000,0,16504000,0,22717000,885000,15619000,0,0,None,None,None,0,0,0,1123000,885000,0,15381000,15381000,None,USD,588027000,23751000,None,10619000,66198000,521829000,55000,1254000,28000,371509000,21785000,91849000,28397000,148187000,44413000,None,None,-2088000,111063000,332967000,None,406229000,98494000,6843000,0,68824000,44413000,0,0,28000,0,371509000,0,None,25216000,3181000,255060000,None,None,21730000,21785000,None,None,None,152380000,588027000,246681000,None,30000000,USD,37987000,-7276000,33965000,0,None,-33802000,None,1753000,15381000,26860000,26697000,1753000,6194000,-4705000,-29097000,-5616000,10872000,5389000,4022000,10872000,None,26860000,73.05,63.2
9,2018-03-31,USD,103081000,39583000,49537000,53544000,14797000,14200000,17481000,0,14797000,0,22102000,836000,13961000,0,0,None,None,None,0,0,0,597000,836000,0,14200000,14200000,None,USD,604434000,25071000,None,11003000,70602000,533832000,140000,14991000,29000,360833000,22297000,91849000,144928000,121327000,48165000,None,None,-2382000,109871000,349635000,None,416912000,136370000,17727000,0,63208000,48165000,0,0,29000,0,360833000,0,None,25502000,2506000,254799000,None,None,22297000,22437000,None,None,None,175352000,604434000,257697000,None,31000000,USD,52366000,-344000,45375000,-500000,None,-33432000,None,-3141000,14200000,27672000,15729000,-3141000,6541000,-4775000,-28657000,-6121000,-934000,5528000,6491000,-934000,None,27672000,68.35,73.05
10,2017-12-31,USD,108249000,39563000,54221000,54028000,15767000,-16898000,17180000,0,15261000,0,22383000,1302000,14465000,0,0,None,None,None,0,0,0,32159000,1767000,0,-16898000,-16898000,None,USD,621074000,25419000,None,7758000,73392000,547682000,138000,16073000,29000,351408000,22203000,91849000,144835000,93655000,51051000,None,None,-2139000,111705000,364534000,None,430414000,189236000,16798000,0,57087000,51051000,0,0,29000,0,351408000,0,None,25203000,2364000,256540000,None,None,22203000,22341000,None,None,None,198384000,621074000,282891000,None,29782455,USD,23158000,-7582000,20229000,0,5000000,-4716000,None,-17646000,-16898000,42955000,27442000,23443000,6817000,-4171000,-545000,-1929000,-10479000,23214000,2929000,394000,None,42955000,73.55,68.35
11,2017-09-30,USD,111255000,39654000,55542000,55713000,16954000,16506000,17340000,0,16954000,0,22314000,895000,16059000,0,0,None,None,None,0,0,0,448000,430000,0,16506000,16506000,None,USD,624483000,26871000,None,10831000,62224000,562259000,538000,14667000,29000,372476000,7318000,91849000,162705000,50700000,54368000,None,None,-2320000,114855000,346923000,None,443539000,213042000,17192000,0,55158000,54368000,0,0,29000,0,372476000,0,None,24899000,19086000,277560000,None,None,7318000,7856000,None,None,None,192074000,624483000,263742000,None,31000000,USD,8056000,8399000,1365000,0,None,-7876000,None,-12699000,16506000,18051000,24562000,-12699000,6602000,-4164000,-3712000,-2726000,10873000,7104000,6691000,1376000,None,18051000,73.2,73.55
12,2017-06-30,USD,107563000,39250000,54116000,53447000,14662000,13902000,17341000,0,14662000,0,21909000,465000,14197000,0,0,None,None,None,0,0,0,760000,-41000,0,13902000,13902000,None,USD,601538000,28324000,None,16902000,54535000,547003000,615000,15497000,29000,360134000,7227000,91849000,146310000,32649000,46693000,None,None,-2419000,113202000,342026000,None,426830000,221346000,18697000,0,52432000,46693000,0,0,29000,0,360134000,0,None,6809000,19328000,259512000,None,None,7227000,7842000,None,None,None,189259000,601538000,253995000,None,30000000,USD,-17836000,2271000,-34309000,0,None,-3465000,None,-115000,13902000,-13686000,24088000,-115000,6180000,-4162000,697000,-1283000,12249000,6864000,16473000,-3731000,None,-13686000,72.9,73.2
13,2017-03-31,USD,104688000,37560000,54212000,50476000,12916000,14099000,16640000,0,13422000,0,20920000,None,12916000,0,0,None,None,None,0,0,0,-677000,506000,0,14099000,14099000,None,USD,588660000,29890000,None,16770000,58517000,530143000,688000,12555000,29000,350393000,6919000,91849000,149714000,46335000,50910000,None,None,-2514000,105893000,333053000,None,408404000,203753000,15046000,0,51149000,50910000,0,0,29000,0,350393000,0,None,8118000,19857000,255607000,None,None,6919000,7607000,None,None,None,182235000,588660000,250088000,None,30000000,USD,-15598000,-2692000,-22001000,0,None,255000,None,-8234000,14099000,-15799000,5947000,-8234000,5975000,-4137000,4392000,1415000,8518000,3902000,6403000,-8518000,None,-15799000,65.75,72.9
14,2016-12-31,USD,101108000,36548000,51724000,49384000,13914000,13617000,15766000,0,13135000,0,20782000,1078000,12836000,0,0,None,None,None,0,0,0,-482000,796000,0,13617000,13617000,None,USD,555338000,31502000,None,8520000,67233000,488105000,820000,16207000,28000,317912000,6560000,91849000,141540000,62134000,59853000,None,None,-2710000,95296000,318502000,None,364754000,188323000,6961000,0,52564000,43646000,0,0,28000,0,317912000,0,None,6157000,12032000,236836000,None,None,6560000,7380000,None,None,None,172875000,555338000,250457000,None,29249635,USD,-57961000,-315000,-62085000,0,None,587000,None,-2524000,13617000,-33756000,27742000,-1114000,5825000,-3800000,4387000,-2623000,650000,4538000,4124000,7814000,None,-33756000,67.85,65.75
15,2016-09-30,USD,101625000,36724000,52597000,51193000,14469000,14165000,15906000,0,14751000,0,20818000,None,14469000,0,0,None,None,None,0,0,0,591000,46000,0,14165000,14165000,None,USD,535288000,33114000,None,7001000,66230000,469058000,1002000,16334000,28000,306210000,6088000,91849000,142300000,95890000,59140000,None,None,-1885000,94433000,298555000,None,344095000,130673000,14679000,0,49941000,42806000,0,0,28000,0,308095000,0,None,6273000,11064000,236733000,None,None,6088000,7090000,None,None,None,162820000,535288000,226563000,None,30000000,USD,-33980000,4769000,-37164000,0,None,1453000,None,-729000,14165000,-9453000,26258000,-764000,5816000,-3771000,5224000,-3192000,7164000,6232000,3184000,-779000,None,-9453000,63.03,67.85
16,2016-06-30,USD,97169000,36010000,49532000,47637000,11627000,11265000,15859000,0,11863000,0,20151000,None,11627000,0,0,None,None,None,0,0,0,598000,-25000,0,11265000,11265000,None,USD,509506000,34726000,None,6478000,61498000,448008000,1004000,16888000,28000,297701000,5981000,91849000,144289000,105343000,54513000,None,None,-1527000,95746000,269471000,None,321433000,96891000,14010000,0,46749000,37625000,0,0,28000,0,297701000,0,None,6372000,11342000,240035000,None,None,5981000,6985000,None,None,None,151806000,509506000,202234000,None,29000000,USD,-6594000,4512000,-9389000,0,None,-3613000,None,749000,11265000,10608000,23610000,229000,6022000,-3754000,141000,-1084000,6385000,5486000,2795000,-2820000,None,10608000,50.07,63.03
17,2016-03-31,USD,85326000,34035000,42379000,42947000,8912000,8843000,14779000,0,9173000,0,19256000,None,8912000,0,0,None,None,None,0,0,0,330000,261000,0,8843000,8843000,None,USD,492796000,36373000,None,7295000,57575000,435221000,1141000,17102000,28000,290190000,5941000,91849000,145665000,94735000,50493000,None,None,-1652000,97723000,249408000,None,306999000,90419000,11294000,0,45665000,33391000,0,0,28000,0,290190000,0,None,5664000,11779000,243388000,None,None,5941000,7082000,None,None,None,146655000,492796000,185154000,None,29000000,USD,-6696000,-1252000,-8791000,0,None,-6857000,None,-868000,8843000,4643000,20291000,-868000,6367000,-3729000,-3128000,6269000,3565000,4497000,2095000,-3565000,None,4643000,49.66,50.07
18,2015-12-31,USD,87289000,31867000,44373000,42916000,11255000,12701000,13856000,0,11255000,0,18011000,206000,11049000,0,0,None,None,None,0,0,0,-1446000,-3000,0,12701000,12701000,None,USD,487537000,38165000,None,6790000,58918000,428619000,1291000,15101000,28000,285076000,5634000,91849000,147753000,90092000,51993000,None,None,-1851000,99381000,240403000,None,298605000,83769000,7818000,0,51934000,36892000,0,0,28000,0,285076000,0,None,5896000,11843000,247134000,None,None,5634000,6925000,None,None,None,145366000,487537000,173861000,None,28652178,USD,7035000,2373000,3295000,0,None,2263000,None,3342000,12701000,30357000,24799000,-1274000,6275000,-3415000,5678000,3505000,4131000,-2024000,3740000,3243000,None,30357000,48.63,49.66
19,2015-09-30,USD,88878000,32378000,44717000,44161000,12211000,11513000,13888000,0,12211000,0,18490000,428000,11783000,0,0,None,None,None,0,0,0,698000,414000,0,11513000,11513000,None,USD,473490000,39957000,None,5780000,62293000,411197000,3752000,16464000,28000,275790000,3315000,91849000,147955000,59735000,55226000,None,None,-1043000,102223000,223312000,None,279391000,91222000,11136000,0,55439000,38762000,0,0,28000,0,275790000,0,None,5502000,10647000,250178000,None,None,3315000,7067000,None,None,None,136422000,473490000,150957000,None,29000000,USD,3484000,-10084000,-9380000,-10389000,None,-31481000,None,None,11513000,-16206000,24655000,2428000,6158000,-3453000,-28028000,8792000,888000,3910000,2475000,1938000,None,-16206000,42.17,48.63
