,fiscalDateEnding,reportedCurrency_x,totalRevenue,totalOperatingExpense,costOfRevenue,grossProfit,ebit,netIncome_x,researchAndDevelopment,effectOfAccountingCharges,incomeBeforeTax,minorityInterest,sellingGeneralAdministrative,otherNonOperatingIncome,operatingIncome,otherOperatingExpense,interestExpense,taxProvision,interestIncome,netInterestIncome,extraordinaryItems,nonRecurring,otherItems,incomeTaxExpense,totalOtherIncomeExpense,discontinuedOperations,netIncomeFromContinuingOperations,netIncomeApplicableToCommonShares,preferredStockAndOtherAdjustments,reportedCurrency_y,totalAssets,intangibleAssets,earningAssets,otherCurrentAssets,totalLiabilities,totalShareholderEquity,deferredLongTermLiabilities,otherCurrentLiabilities,commonStock,retainedEarnings,otherLiabilities,goodwill,otherAssets,cash,totalCurrentLiabilities,shortTermDebt,currentLongTermDebt,otherShareholderEquity,propertyPlantEquipment,totalCurrentAssets,longTermInvestments,netTangibleAssets,shortTermInvestments,netReceivables,longTermDebt,inventory,accountsPayable,totalPermanentEquity,additionalPaidInCapital,commonStockTotalEquity,preferredStockTotalEquity,retainedEarningsTotalEquity,treasuryStock,accumulatedAmortization,otherNonCurrrentAssets,deferredLongTermAssetCharges,totalNonCurrentAssets,capitalLeaseObligations,totalLongTermDebt,otherNonCurrentLiabilities,totalNonCurrentLiabilities,negativeGoodwill,warrants,preferredStockRedeemable,capitalSurplus,liabilitiesAndShareholderEquity,cashAndShortTermInvestments,accumulatedDepreciation,commonStockSharesOutstanding,reportedCurrency,investments,changeInLiabilities,cashflowFromInvestment,otherCashflowFromInvestment,netBorrowings,cashflowFromFinancing,otherCashflowFromFinancing,changeInOperatingActivities,netIncome_y,changeInCash,operatingCashflow,otherOperatingCashflow,depreciation,dividendPayout,stockSaleAndPurchase,changeInInventory,changeInAccountReceivables,changeInNetIncome,capitalExpenditures,changeInReceivables,changeInExchangeRate,changeInCashAndCashEquivalents,clossingVal,nextClossingVal
0,2020-06-30,USD,2824023000,92570000,2704164000,119859000,22967000,-6036000,None,None,-9356000,-364000,92570000,-4322000,27289000,None,32323000,-2956000,1158000,-31165000,None,None,None,-2956000,-5480000,None,-6400000,-6036000,None,USD,7156581000,558491000,None,846377000,4782182000,2364185000,310338000,39425000,2612000,939044000,467037000,929518000,34503000,534473000,1485365000,25566000,79175000,-223427000,2548555000,2802986000,None,876176000,None,74995000,2615951000,1347141000,1420374000,None,None,2612000,None,939044000,-312771000,None,312424000,None,4607000,280523000,None,2986479000,3296817000,None,None,None,1958727000,7156581000,534473000,None,None,USD,-64221000,-9813000,-64221000,6786000,-6709000,-56682000,None,8507000,-6400000,-1241000,119662000,-23201000,85891000,None,-49973000,7017000,None,9952000,71007000,56216000,-703000,-1944000,16.89,
1,2020-03-31,USD,3074928000,92713000,2897829000,177099000,138649000,67268000,None,None,105961000,181000,92713000,54263000,84386000,None,32688000,38512000,1690000,-30998000,None,None,None,38512000,52573000,None,67449000,67268000,None,USD,7251982000,568183000,None,907166000,4775491000,2465913000,309471000,32084000,2612000,945080000,418642000,935266000,38954000,536417000,1516082000,25877000,85713000,-174917000,2562794000,2860179000,None,962464000,None,54238000,2620907000,1362358000,1458121000,None,None,2612000,None,945080000,-262798000,None,321117000,None,4443000,284122000,2620907000,2949938000,3259409000,None,None,None,1955936000,7251982000,536417000,None,250000000,USD,-78276000,-114286000,-78276000,-1108000,343151000,315245000,None,-21693000,67449000,258033000,21064000,-15427000,81064000,None,-27906000,9333000,None,19227000,77168000,-26296000,-2193000,255840000,18.12,16.89
2,2019-12-31,USD,3063489000,115603000,2862095000,201394000,144362000,92080000,None,None,110916000,155000,115597000,58571000,85791000,None,33446000,18681000,2796000,-30650000,None,6000,None,18681000,55768000,None,92235000,92080000,None,USD,7102364000,596053000,None,131695000,4566304000,2525663000,301907000,41770000,2611000,877812000,406738000,973750000,40751000,280577000,1648155000,26392000,124659000,-75129000,2893574000,2598236000,None,955860000,None,802429000,2276029000,1383535000,1579993000,None,None,2611000,None,877812000,-234892000,None,2929899000,None,4426000,301621000,2276029000,2616242000,2918149000,None,None,None,1955261000,7102364000,280577000,None,249572119,USD,-473504000,44941000,-473504000,-384109000,-6813000,-6813000,-1177000,-21449000,92235000,-349300000,131017000,-81678000,77825000,None,0,-3631000,21648000,-20323000,89395000,21648000,4873000,-344427000,32.715,18.12
3,2019-09-30,USD,2777970000,94012000,2495773000,282197000,188489000,109765000,None,None,156461000,331000,94032000,304000,188185000,None,32028000,46365000,4698000,-27330000,None,-20000,None,46365000,-4374000,None,110096000,109765000,None,USD,6603133000,533733000,None,107398000,4273029000,2319862000,235357000,39743000,2611000,785732000,324395000,924766000,19497000,625004000,1437745000,26636000,101602000,-186040000,2211124000,2613518000,None,861363000,None,619754000,2279871000,1261362000,1371366000,None,None,2611000,None,785732000,-234892000,None,315706000,None,4286000,301131000,2279871000,2599927000,2835284000,None,None,None,1952451000,6603133000,625004000,None,250000000,USD,-67688000,46187000,-67688000,13428000,-10251000,-10251000,-56000,3609000,110096000,54201000,132140000,11824000,73138000,None,0,-80905000,-26263000,-1937000,81116000,-26263000,-803000,53398000,32.045,32.715
4,2019-06-30,USD,2843085000,88314000,2475221000,367864000,279221000,170068000,None,None,245627000,12000,88357000,-329000,279550000,None,33594000,75547000,3444000,-30150000,None,-43000,None,75547000,-3730000,None,170080000,170068000,None,USD,6527918000,552922000,None,113555000,4254654000,2263353000,235487000,23016000,2609000,675967000,334517000,949869000,19610000,571606000,1392629000,30282000,93703000,-130679000,2210212000,2477342000,None,760562000,None,605526000,2283847000,1186655000,1339331000,None,None,2609000,None,675967000,-234892000,None,333252000,None,4321000,318636000,2283847000,2626538000,2862025000,None,None,None,1950348000,6527918000,571606000,None,250000000,USD,-88467000,42826000,-88467000,1201000,-18481000,-21379000,-2898000,13370000,170080000,173149000,282995000,40647000,72626000,-525000,-2898000,-25844000,-22766000,5426000,89668000,-22766000,-434000,172715000,25.39,32.045
5,2019-03-31,USD,2724675000,81897000,2505736000,218939000,138103000,84011000,None,None,104541000,114000,81924000,1061000,137042000,None,33562000,20416000,-32858000,-30222000,None,-27000,None,20416000,-2252000,None,84125000,84011000,None,USD,6372927000,569870000,None,124443000,4228427000,2134601000,236931000,25812000,2609000,505899000,314681000,970640000,20441000,398891000,1357730000,27637000,93717000,-88926000,2195706000,2286230000,None,594091000,None,596894000,2303671000,1166002000,1304281000,None,None,2609000,None,505899000,-231994000,None,346315000,None,4166000,331244000,2303735000,2633766000,2870697000,None,None,None,1947013000,6372927000,398891000,None,250000000,USD,-87402000,-23283000,-87402000,539000,4442000,3917000,-525000,-14477000,84125000,36884000,120369000,-6583000,68462000,-525000,None,-1368000,2381000,-3365000,87941000,2381000,429000,37313000,22.29,25.39
6,2018-12-31,USD,2656789000,88213000,2544941000,111848000,7740000,-7324000,4000000,0,-29171000,-903000,85629000,-15895000,23635000,0,36911000,None,None,None,-26400000,2584000,0,-20947000,-66246000,0,-8224000,-7324000,None,USD,5931202000,564128000,None,112201000,3911617000,2009800000,237422000,33328000,2604000,421888000,320204000,949750000,20965000,361578000,1296223000,30405000,30405000,-127834000,2161702000,2234657000,None,495922000,None,601359000,2291483000,1159519000,1232490000,None,None,2604000,None,421888000,-231994000,None,16717000,None,4248000,None,2295190000,2377972000,2615394000,None,None,None,1945136000,5931202000,361578000,None,248965081,USD,None,11063000,-109723000,7093000,-11557000,-10372000,-236000,9004000,-8227000,-53725000,66370000,-66806000,68141000,None,1421000,18387000,-7481000,51341000,116825000,-7481000,-537000,-54262000,15.51,22.29
7,2018-09-30,USD,2697604000,84395000,2527863000,169741000,95645000,29310000,0,0,60311000,153000,84138000,10299000,85346000,0,35334000,None,None,None,0,257000,0,30848000,-25292000,0,29463000,29310000,None,USD,5976438000,581119000,None,119152000,3908895000,2058276000,205604000,71242000,2604000,429212000,283565000,971611000,20329000,415840000,1323136000,24026000,24026000,-83548000,2120646000,2282733000,None,505546000,14534000,564779000,2302194000,1182962000,1227868000,2067543000,1941766000,2604000,0,429212000,-231758000,None,17162000,None,3167000,None,None,2380155000,2585759000,None,None,None,1941766000,5976438000,415840000,None,249000000,USD,None,-29648000,-75185000,1507000,-304334000,-304334000,-5373000,12571000,29463000,-258228000,121291000,2337000,72050000,0,0,4484000,28476000,14081000,76675000,28476000,41000,-258187000,18.09,15.51
8,2018-06-30,USD,2836713000,89110000,2562491000,274222000,185133000,106541000,0,0,144866000,-197000,87975000,21000,185112000,0,40267000,None,None,None,0,1135000,0,38522000,-41381000,0,106344000,106541000,None,USD,6302569000,593751000,None,135724000,4248151000,2045304000,196561000,32200000,2604000,399902000,276606000,982560000,21425000,674027000,1387059000,44606000,44606000,-63584000,2113953000,2590880000,None,468993000,33185000,591112000,2584486000,1190017000,1310253000,2054418000,1938140000,2604000,0,399902000,-231758000,None,18276000,None,3149000,None,None,2664531000,2861092000,None,None,None,1938140000,6302569000,674027000,None,249000000,USD,None,130598000,-78323000,200000,-139828000,-139828000,-1647000,-11410000,106344000,85198000,303349000,-67412000,70356000,0,0,40762000,30032000,-7351000,78500000,30032000,-2639000,82559000,20.13,18.09
9,2018-03-31,USD,2746678000,86072000,2459013000,287665000,206521000,119418000,0,0,156221000,-194000,85283000,4928000,201593000,0,50300000,None,None,None,0,789000,0,37000000,-36461000,0,119221000,119418000,None,USD,6397635000,628414000,None,127258000,4363868000,2024456000,212316000,29304000,2604000,293361000,297074000,1033126000,21904000,591468000,1441096000,149389000,149389000,26469000,2121630000,2592561000,None,362916000,10657000,631460000,2625698000,1242352000,1262403000,2033767000,1933780000,2604000,0,293361000,-231758000,None,18629000,None,3275000,None,None,2710456000,2922772000,None,None,None,1933780000,6397635000,591468000,None,249000000,USD,None,-31930000,-75660000,1000000,64730000,70288000,5558000,-24070000,119224000,-4732000,640000,-120095000,69110000,0,0,19541000,-61945000,6755000,76700000,-61945000,6669000,1937000,24.61,20.13
10,2017-12-31,USD,3701882000,164116000,3349444000,352438000,194928000,134337000,3700000,0,140702000,-412000,162837000,6606000,188322000,0,54226000,None,None,None,0,1279000,0,-10615000,-123517000,0,151317000,134337000,None,USD,6248652000,617163000,None,103258000,4392991000,1846156000,208492000,432588000,2602000,173943000,96359000,1001889000,1637217000,589531000,1452523000,47775000,47775000,-31140000,2095147000,2516288000,None,227104000,8021000,568429000,2635617000,1255070000,1404748000,1855661000,1932509000,2602000,0,173943000,-231758000,None,18165000,None,3732364000,None,None,2731976000,2940468000,None,None,None,1932509000,6248652000,589531000,None,248752508,USD,None,12074000,-77773000,3735000,76564000,76564000,-13631000,-26444000,133925000,181621000,182830000,40283000,72987000,0,0,-57593000,-82169000,-83154000,81536000,64308000,1280000,182901000,31.06,24.61
11,2017-09-30,USD,2793885000,106338000,2315301000,478584000,376345000,232680000,0,0,351709000,-460000,102191000,4099000,372246000,0,24636000,None,None,None,0,4147000,0,113396000,0,0,238313000,232680000,None,USD,6063285000,620693000,None,105691000,4353049000,1700319000,286038000,429567000,2602000,39606000,98098000,995582000,1636282000,406630000,1420338000,61811000,61811000,-36517000,2076347000,2350656000,None,84044000,4841000,642134000,2548575000,1196201000,1358527000,1710236000,1926386000,2602000,0,39606000,-231758000,None,20007000,None,3712629000,None,None,2646673000,2932711000,None,None,None,1926386000,6063285000,406630000,None,249000000,USD,None,-7284000,-381917000,-297703000,-25395000,-25395000,488000,-14583000,255706000,-104955000,302357000,79529000,96954000,0,0,-51949000,146477000,2194000,84214000,-72793000,15084000,-89871000,28.41,31.06
12,2017-06-30,USD,2251604000,65985000,1826217000,425387000,363226000,233641000,0,0,347291000,432000,61636000,3824000,359402000,0,15935000,None,None,None,0,4349000,0,113218000,0,0,234073000,233641000,None,USD,3857002000,153855000,None,72072000,2646905000,1199720000,171042000,339631000,2602000,-193073000,89422000,175444000,346783000,324285000,982177000,40098000,1444362000,-66735000,1721948000,1788271000,None,870421000,20348000,424295000,1404264000,967577000,942079000,1210097000,1688684000,2602000,0,-193073000,-231800000,None,17484000,None,2068731000,None,None,1493686000,1664728000,None,None,None,1688684000,3857002000,324285000,None,249000000,USD,None,-18776000,-58378000,1285000,92806000,92806000,2261000,7748000,234073000,289108000,254680000,45346000,57281000,0,0,-43409000,73684000,20168000,59663000,-40003000,None,289108000,21.92,28.41
13,2017-03-31,USD,2020492000,62853000,1805287000,215205000,154750000,93921000,0,0,142364000,542000,62853000,2398000,152352000,0,12386000,None,None,None,0,4349000,0,47900000,0,0,94464000,93921000,None,USD,3490345000,121880000,None,82587000,2510994000,969406000,158494000,303497000,2602000,-426714000,88717000,222778000,361167000,35177000,916793000,96000,96000,-62921000,1709843000,1419335000,None,624748000,4415000,377387000,1346990000,924169000,916697000,979351000,1688197000,2602000,0,-426714000,-231758000,None,16509000,None,2071010000,None,None,1435707000,1594201000,None,None,None,1688197000,3490345000,35177000,None,249000000,USD,None,-19705000,-474004000,-359517000,332023000,322420000,-9603000,7382000,94463000,-90130000,61454000,7382000,50390000,0,0,-54448000,33681000,17053000,114487000,-33681000,None,-90130000,22.51,21.92
14,2016-12-31,USD,1908150000,56147000,1727700000,180450000,121374000,70618000,3400000,0,110993000,-469000,55357000,-2929000,124303000,0,10381000,None,None,None,0,790000,0,40844000,-109503000,0,70149000,70618000,None,USD,3008218000,38593000,None,62757000,2111471000,887344000,142651000,295005000,2597000,-520635000,88661000,125607000,179910000,125307000,868301000,94000,15712000,-64243000,1505940000,1322368000,None,723144000,4979000,321083000,1011858000,813262000,868207000,896747000,1686742000,2597000,0,-520635000,-217117000,None,15710000,None,1685850000,None,1011858000,88661000,1243170000,None,None,None,1686742000,3008218000,125307000,None,249046139,USD,None,44368000,-98538000,489000,6050000,-91502000,-97552000,4521000,70149000,34334000,224374000,42732000,46060000,-699915000,0,-16453000,35617000,-738000,99027000,38256000,None,34334000,18.99,22.51
15,2016-09-30,USD,2031721000,46395000,1821504000,210217000,161546000,102095000,0,0,155784000,-130000,46116000,-2276000,177127000,0,11959000,None,None,None,0,279000,0,53819000,0,0,98527000,102095000,None,USD,3002289000,40548000,None,81735000,2085482000,906935000,144423000,301304000,2597000,-591253000,91890000,125607000,182042000,85994000,844329000,92000,92000,-65848000,1450352000,1369895000,None,740780000,0,405358000,1004840000,796808000,844237000,916807000,1681005000,2597000,0,-591253000,-119566000,None,15887000,None,1632394000,None,None,1096730000,1241153000,None,None,None,1681005000,3002289000,85994000,None,255000000,USD,None,10874000,-77243000,2219000,-114109000,-119935000,-20406000,57861000,102095000,44947000,242125000,57861000,45772000,-699915000,14580000,35756000,2639000,2584000,79462000,-9249000,None,44947000,21.12,18.99
16,2016-06-30,USD,2028315000,49520000,1742184000,286131000,242988000,152886000,0,0,231440000,156000,49520000,6377000,236611000,0,11548000,None,None,None,0,-837000,0,78398000,0,0,153042000,152886000,None,USD,3007950000,42503000,None,101969000,2189257000,815943000,144876000,319009000,2597000,-689910000,101780000,125607000,184064000,41047000,824622000,90000,90000,-67726000,1414895000,1408991000,None,647833000,0,433410000,1117979000,832565000,824532000,818693000,1677543000,2597000,0,-689910000,-106561000,None,15954000,None,1598959000,None,None,1219759000,1364635000,None,None,None,1677543000,3007950000,41047000,None,255000000,USD,None,31321000,-49417000,7487000,109721000,-601694000,2998000,-75510000,153042000,-541472000,111121000,-67879000,46292000,-699915000,-4671000,-54037000,6610000,-6122000,56904000,8504000,None,-533841000,25.48,21.12
17,2016-03-31,USD,1962937000,48788000,1725375000,237562000,192648000,118371000,0,0,180615000,-360000,48788000,3874000,188774000,0,12033000,None,None,None,0,279000,0,62604000,0,0,118011000,118371000,None,USD,3386750000,44458000,None,82765000,2015561000,1368595000,132755000,283007000,2597000,-142881000,101076000,161578000,222018000,574888000,795330000,21665000,21665000,-65785000,1350890000,1813842000,None,1162559000,0,377661000,986400000,778528000,773665000,0,0,2597000,0,-142881000,-101890000,None,15982000,None,1572908000,None,None,1087476000,1220231000,None,None,None,1676554000,3386750000,574888000,None,255000000,USD,None,-58301000,-36464000,610000,-7183000,-6149000,3691000,54291000,118011000,135250000,177863000,54291000,42391000,0,-2657000,22829000,1894000,536000,37074000,-1894000,None,135250000,25.4,25.48
18,2015-12-31,USD,1960780000,52920000,1800087000,160693000,106773000,63148000,4100000,0,96095000,-98000,52920000,-1000000,107773000,0,10678000,None,None,None,0,5754000,0,33045000,-82572000,0,63050000,63148000,None,USD,3318443000,47453000,None,82157000,2056633000,1258856000,131882000,317587000,2597000,-261252000,92282000,156565000,219690000,439638000,846960000,28812000,86000,-58930000,1352529000,1746224000,None,1054838000,0,423072000,985509000,801357000,818148000,0,0,2597000,0,-261252000,-99233000,None,15672000,None,1572219000,None,985509000,92282000,1209673000,None,None,None,1675674000,3318443000,439638000,None,254823286,USD,None,-31109000,-44859000,1057000,22777000,-32736000,-1360000,25588000,63050000,42919000,120514000,-51447000,42490000,-1498470000,-54153000,39916000,61294000,37014000,45916000,20600000,None,42919000,22.09,25.4
19,2015-09-30,USD,2112529000,53412000,1827985000,284544000,220749000,137062000,0,0,210248000,33000,52620000,-10383000,231132000,0,10501000,None,None,None,0,792000,0,73153000,0,0,137095000,137062000,None,USD,3341858000,32177000,None,103412000,2099190000,1239616000,89589000,350886000,2597000,-324400000,103104000,174431000,238421000,396719000,906099000,5971000,None,-66002000,1347239000,1756198000,None,1033008000,0,414794000,1000398000,841273000,900128000,0,0,2597000,0,-324400000,-45080000,None,31813000,None,1585660000,None,1000398000,103104000,1193091000,None,None,None,1672501000,3341858000,396719000,None,260000000,USD,None,34565000,-404248000,-362094000,3642000,-41438000,None,None,137095000,-177475000,268211000,45541000,41415000,-1498470000,-45080000,13970000,40694000,-10055000,42154000,5680000,None,-177475000,20.78,22.09
