,fiscalDateEnding,reportedCurrency_x,totalRevenue,totalOperatingExpense,costOfRevenue,grossProfit,ebit,netIncome_x,researchAndDevelopment,effectOfAccountingCharges,incomeBeforeTax,minorityInterest,sellingGeneralAdministrative,otherNonOperatingIncome,operatingIncome,otherOperatingExpense,interestExpense,taxProvision,interestIncome,netInterestIncome,extraordinaryItems,nonRecurring,otherItems,incomeTaxExpense,totalOtherIncomeExpense,discontinuedOperations,netIncomeFromContinuingOperations,netIncomeApplicableToCommonShares,preferredStockAndOtherAdjustments,reportedCurrency_y,totalAssets,intangibleAssets,earningAssets,otherCurrentAssets,totalLiabilities,totalShareholderEquity,deferredLongTermLiabilities,otherCurrentLiabilities,commonStock,retainedEarnings,otherLiabilities,goodwill,otherAssets,cash,totalCurrentLiabilities,shortTermDebt,currentLongTermDebt,otherShareholderEquity,propertyPlantEquipment,totalCurrentAssets,longTermInvestments,netTangibleAssets,shortTermInvestments,netReceivables,longTermDebt,inventory,accountsPayable,totalPermanentEquity,additionalPaidInCapital,commonStockTotalEquity,preferredStockTotalEquity,retainedEarningsTotalEquity,treasuryStock,accumulatedAmortization,otherNonCurrrentAssets,deferredLongTermAssetCharges,totalNonCurrentAssets,capitalLeaseObligations,totalLongTermDebt,otherNonCurrentLiabilities,totalNonCurrentLiabilities,negativeGoodwill,warrants,preferredStockRedeemable,capitalSurplus,liabilitiesAndShareholderEquity,cashAndShortTermInvestments,accumulatedDepreciation,commonStockSharesOutstanding,reportedCurrency,investments,changeInLiabilities,cashflowFromInvestment,otherCashflowFromInvestment,netBorrowings,cashflowFromFinancing,otherCashflowFromFinancing,changeInOperatingActivities,netIncome_y,changeInCash,operatingCashflow,otherOperatingCashflow,depreciation,dividendPayout,stockSaleAndPurchase,changeInInventory,changeInAccountReceivables,changeInNetIncome,capitalExpenditures,changeInReceivables,changeInExchangeRate,changeInCashAndCashEquivalents,clossingVal,nextClossingVal
0,2020-04-30,USD,22741000,6016000,19275000,3466000,-2550000,-2521000,None,None,-2736000,None,6016000,None,-2550000,-22741000,186000,-215000,-186000,-186000,None,None,None,-215000,None,None,-2521000,-2521000,None,USD,106793000,None,None,8319000,53833000,52960000,4992000,7133000,80000,-3236000,5913000,2144000,5966000,12450000,30825000,9366000,8732000,-4127000,27553000,59965000,None,50816000,None,25284000,6244000,13912000,14326000,None,None,80000,None,-3236000,None,None,16729000,None,402000,12105000,6244000,11772000,23008000,None,None,None,60243000,106793000,12450000,None,8048000,USD,-775000,-21000,-775000,None,-940000,-1045000,-105000,150000,-2521000,-1223000,597000,-1596000,1111000,None,None,468000,3361000,-205000,775000,3361000,None,-1223000,5.7001,
1,2020-01-31,USD,32263000,16924000,25235000,7028000,1508000,1503000,None,None,1216000,None,16924000,None,1508000,-56539000,292000,-288000,-293000,-293000,None,None,None,-287000,None,None,1503000,1503000,None,USD,112225000,None,None,6984000,56596000,55629000,5251000,7628000,80000,-715000,5826000,2254000,5612000,13371000,32839000,10336000,10035000,-3760000,28629000,64255000,None,53375000,None,29402000,6717000,14498000,14875000,None,None,80000,None,-715000,None,None,16794000,None,293000,12254000,6717000,11789000,23757000,None,None,None,60024000,112225000,13371000,None,8048000,USD,-479000,-4259000,-479000,None,535000,478000,-57000,-496000,1503000,1291000,1292000,1900000,1088000,None,221000,1755000,-1211000,518000,479000,-1211000,None,1291000,9.03,5.7001
2,2019-10-31,USD,34457000,5895000,26814000,7643000,1748000,-145000,None,None,1554000,None,5895000,None,1748000,-34457000,194000,1699000,-194000,-194000,None,None,None,1699000,-194000,None,-145000,-145000,None,USD,117450000,None,None,23102000,62002000,55448000,5165000,7671000,80000,-1559000,6785000,2264000,8265000,12221000,37669000,11002000,9402000,-2827000,29357000,65847000,None,55448000,None,36500000,6931000,16270000,18996000,None,None,80000,None,-1559000,None,None,7518000,None,29357000,11747000,6931000,12237000,24333000,None,None,None,59754000,117450000,12221000,None,8042000,USD,-442000,1813000,-442000,None,822000,793000,-29000,-187000,-145000,4092000,3741000,-1294000,1047000,None,176000,258000,1980000,82000,442000,1980000,None,4092000,8.98,9.03
3,2019-07-31,USD,36667000,5989000,27014000,9653000,3664000,3720000,None,None,3455000,None,5989000,None,3664000,-36667000,209000,-265000,-209000,-209000,None,None,None,-265000,-209000,None,3720000,3720000,None,USD,114501000,None,None,22835000,59199000,55302000,5112000,7936000,80000,-1414000,6742000,2266000,7550000,8052000,35551000,9629000,8256000,-2839000,29125000,64107000,None,55302000,None,37934000,6460000,16555000,17986000,None,None,80000,None,-1414000,None,None,7146000,None,29125000,11502000,6460000,12076000,23648000,None,None,None,59475000,114501000,8052000,None,8026000,USD,-476000,-614000,-476000,None,1443000,1434000,70000,371000,3720000,-1359000,-2317000,-1603000,1148000,None,123000,-368000,-5104000,504000,473000,-5104000,None,-1359000,8.85,8.98
4,2019-04-30,USD,24276000,-5702000,19554000,4722000,-980000,-1502000,None,None,-1190000,None,-5702000,None,-980000,None,210000,312000,-210000,-210000,None,None,None,312000,-210000,None,-1502000,-1502000,None,USD,106514000,None,None,8267000,55740000,50774000,5083000,7639000,79000,-5134000,5520000,2218000,7252000,7960000,34243000,8491000,6767000,-3197000,29568000,57153000,None,48556000,None,24800000,6484000,16126000,18113000,None,None,79000,None,-5134000,None,None,17114000,461000,49361000,10309000,6484000,9930000,21497000,None,None,None,59026000,106514000,7960000,None,7893000,USD,-505000,-793000,-505000,3000,-3035000,-3006000,-50000,-165000,-1502000,-2137000,1374000,186000,1154000,None,79000,-3870000,6084000,115000,508000,6084000,None,-2137000,8.96,8.85
5,2019-01-31,USD,34945000,4426000,28607000,6338000,1912000,995000,200000,0,1620000,0,4426000,None,1912000,-96159000,292000,625000,None,None,0,0,0,625000,-292000,0,995000,995000,None,USD,102205000,None,None,8007000,49845000,52360000,5318000,7020000,79000,-3632000,6006000,2269000,6578000,10156000,37088000,20295000,9530000,-2880000,30398000,62960000,None,50091000,None,32508000,6751000,12289000,18672000,None,None,79000,None,-3632000,None,None,6120000,458000,39245000,None,6751000,688000,12757000,None,None,None,58793000,102205000,10156000,None,7854000,USD,-476000,1623000,-476000,None,-4960000,-4743000,217000,-1017000,995000,385000,5604000,-101000,1093000,None,511000,2091000,-189000,88000,476000,-189000,None,385000,8.74,8.96
6,2018-10-31,USD,32806000,5801000,25923000,6883000,1082000,-132000,0,0,802000,0,5801000,None,1082000,-32806000,280000,None,None,None,0,0,0,934000,-680000,0,-132000,-132000,None,USD,103730000,2269000,None,8238000,52917000,50813000,4653000,7821000,79000,-4627000,5187000,2269000,6011000,9582000,40838000,16497000,14708000,-3004000,31020000,64430000,None,48544000,2536000,32280000,6892000,14330000,16520000,0,0,79000,0,-4627000,0,None,5966000,45000,39300000,None,6892000,534000,12079000,None,None,None,58365000,103730000,9582000,None,7877000,USD,None,4583000,-314000,0,3726000,3518000,44000,4037000,-132000,6034000,2830000,-765000,1138000,0,249000,284000,-2076000,509000,314000,-2787000,None,6332000,9.14,8.74
7,2018-07-31,USD,32325000,5245000,26432000,5893000,648000,-275000,0,0,364000,0,5245000,None,648000,0,284000,None,None,None,0,0,0,639000,-284000,0,-275000,-275000,None,USD,96008000,2287000,None,3761000,44797000,51211000,4627000,4572000,79000,-4495000,5169000,2287000,5214000,6355000,32549000,11307000,10105000,-2453000,31967000,56540000,None,48924000,1108000,31717000,7079000,14707000,16670000,51211000,0,79000,0,-4495000,0,None,5025000,189000,7501000,None,7079000,542000,12248000,None,None,None,58080000,96008000,6355000,None,7876000,USD,None,-4660000,-195000,0,-1096000,-869000,-930000,-4313000,-275000,-4517000,-3453000,-702000,1161000,0,227000,1051000,-801000,569000,195000,-597000,-108000,-4625000,9.05,9.14
8,2018-04-30,USD,28889000,5124000,24664000,4225000,-899000,-1117000,0,0,-1165000,0,5124000,None,-899000,0,266000,None,None,None,0,0,0,-48000,-266000,0,-1117000,-1117000,None,USD,101529000,2321000,None,2775000,51225000,50304000,5399000,8171000,77000,-4220000,5945000,2321000,5381000,10980000,37971000,12464000,11163000,-2131000,33097000,60730000,None,47983000,1101000,31171000,7309000,15804000,17336000,50304000,0,77000,0,-4220000,0,None,5051000,330000,7702000,None,7309000,546000,13254000,None,None,None,56578000,101529000,10980000,None,7720000,USD,None,-3861000,-376000,0,3203000,3228000,-930000,810000,-1117000,2849000,-3000,-688000,1183000,0,25000,934000,1491000,327000,376000,3219000,-190000,2659000,9.1,9.05
9,2018-01-31,USD,27397000,4878000,23818000,3579000,-1299000,-1497000,300000,0,-1489000,0,-32590000,None,-1299000,0,190000,None,None,None,0,0,0,8000,-1897000,0,-1497000,-1497000,None,USD,104584000,2623000,None,2703000,52772000,51812000,5340000,5236000,77000,-3103000,4622000,2423000,7757000,8321000,39180000,787000,7752000,-1466000,34509000,62318000,None,49389000,1237000,34438000,7728000,16856000,14186000,51812000,0,77000,0,-3103000,0,None,4943000,391000,7757000,None,7728000,524000,13592000,None,None,None,56304000,104584000,8321000,None,7717000,USD,142000,8549000,-450000,0,-2564000,-2562000,34000,1107000,-1497000,-661000,2351000,382000,1259000,0,2000,-2899000,379000,622000,450000,-4065000,None,-1345000,9.05,9.1
10,2017-10-31,USD,27498000,5611000,24178000,3320000,-2291000,-3292000,0,0,-2484000,0,5611000,None,-2291000,0,193000,None,None,None,0,0,0,808000,0,0,-3292000,-3292000,None,USD,100683000,2547000,None,3052000,48270000,52413000,4439000,6146000,77000,-1606000,3150000,2317000,8167000,9271000,35679000,11376000,10306000,-1994000,34882000,57634000,None,50096000,898000,31306000,7577000,14005000,18157000,52413000,0,77000,0,-1606000,0,None,5157000,693000,8167000,None,7577000,575000,12591000,None,None,None,55936000,100683000,9271000,None,7716000,USD,None,1948000,-556000,0,1633000,1673000,40000,-367000,-3292000,-248000,-1365000,-830000,1263000,0,40000,1942000,2989000,-30000,556000,-2366000,80000,-168000,8.35,9.05
11,2017-07-31,USD,26852000,5163000,23794000,3058000,-2105000,-1698000,0,0,-2262000,0,5163000,None,-2105000,0,157000,None,None,None,0,0,0,-564000,0,0,-1698000,-1698000,None,USD,101839000,2618000,None,3434000,46198000,55641000,4433000,5665000,77000,1686000,3107000,2388000,7670000,9439000,33406000,9391000,16307000,-1744000,35995000,58174000,None,53253000,893000,29270000,7792000,16031000,18350000,55641000,0,77000,0,1686000,0,None,5282000,None,7670000,None,7792000,567000,12792000,None,None,None,55622000,101839000,9439000,None,7710000,USD,142000,-306000,-1117000,0,2674000,2461000,285000,1634000,-1698000,-472000,-1816000,1389000,1294000,0,-213000,-542000,5355000,238000,1259000,-2191000,-288000,-760000,7.9305,8.35
12,2017-04-30,USD,23501000,5602000,21716000,1785000,-3817000,-3489000,0,0,-3974000,0,5602000,None,-3817000,0,157000,None,None,None,0,0,0,-485000,0,0,-3489000,-3489000,None,USD,99085000,2422000,None,3788000,42704000,56381000,4163000,4934000,76000,5026000,2957000,2182000,7730000,10199000,31160000,7573000,9858000,-2597000,34800000,56555000,None,54199000,1140000,27313000,6828000,15255000,18653000,56381000,0,76000,0,5026000,-157000,None,5548000,None,7730000,None,6828000,553000,11544000,None,None,None,54033000,99085000,10199000,None,7616000,USD,142000,-3444000,-266000,1000,1757000,1884000,50000,-650000,-3489000,606000,-1012000,-650000,1215000,0,127000,-1775000,7546000,-415000,267000,7546000,892000,1498000,8.0294,7.9305
13,2017-01-31,USD,27397000,6453000,24568000,3047000,-3406000,-2070000,200000,0,-3540000,0,6453000,None,-3406000,0,134000,None,None,None,0,0,0,-1688000,-3889000,688000,-1852000,-2070000,None,USD,101611000,2509000,None,2197000,42198000,59413000,4352000,2640000,76000,8515000,3063000,2279000,7512000,8700000,30048000,1845000,4471000,-2724000,36275000,57824000,None,57134000,1097000,33362000,7258000,13565000,10901000,59413000,0,76000,0,8515000,-170000,None,5233000,None,7512000,None,7258000,540000,12150000,None,None,None,53716000,101611000,8700000,None,7596000,USD,142000,2981000,578000,1291000,-2821000,-2767000,-214000,-19041000,-2070000,-1620000,569000,-1668000,1263000,0,54000,743000,13698000,482000,713000,-1162000,215000,-1405000,8.75,8.0294
14,2016-10-31,USD,25099000,4734000,21605000,3697000,-1037000,-3763000,0,0,-1149000,0,4734000,None,-1037000,0,112000,None,None,None,0,0,0,2411000,0,0,-3560000,-3763000,None,USD,105257000,2716000,None,4538000,44828000,60429000,4787000,5664000,76000,10585000,3636000,2476000,7388000,9954000,32354000,8426000,None,-3518000,36465000,61404000,None,57953000,946000,32607000,7164000,14305000,18264000,60429000,0,76000,0,10585000,-290000,None,4912000,None,7388000,None,7164000,523000,12474000,None,None,None,53576000,105257000,9954000,None,7543000,USD,None,-1949000,1482000,2032000,1530000,1584000,None,None,-3763000,-2215000,-5281000,-2365000,1428000,0,54000,-295000,14860000,3080000,550000,-1417000,-389000,-2604000,nan,8.75
15,2016-07-31,USD,24168000,4820000,19879000,2980000,-1840000,449000,0,0,-1937000,0,4820000,None,-1840000,0,97000,None,None,None,0,0,0,-1077000,0,0,-860000,449000,None,USD,109427000,2907000,None,7514000,44768000,64659000,4794000,6321000,76000,14348000,3486000,2657000,7733000,12555000,32325000,7142000,None,-2950000,37168000,64526000,None,62002000,943000,30406000,7254000,14051000,18862000,64659000,0,76000,0,14348000,-290000,None,5076000,None,7733000,None,7254000,395000,12443000,None,None,None,53475000,109427000,12555000,None,7534000,USD,None,-5974000,13626000,13322000,-8223000,-7970000,None,None,449000,-915000,-6571000,-3976000,1382000,0,253000,1662000,16277000,-4163000,198000,4049000,-331000,-1246000,7.65,nan
16,2016-04-30,USD,22869000,6497000,21077000,1992000,-4505000,-6294000,0,0,-6351000,0,6497000,None,-4505000,0,226000,None,None,None,0,0,0,-257000,0,0,-6094000,-6294000,None,USD,125458000,2943000,None,21337000,60404000,65054000,0,18719000,74000,13899000,2380000,2693000,6604000,13802000,56790000,18039000,None,-2057000,39417000,79437000,None,62361000,944000,30459000,1234000,13839000,20032000,65054000,0,74000,0,13899000,-290000,None,3911000,None,6604000,None,1234000,2380000,3614000,None,None,None,53428000,125458000,13802000,None,7378000,USD,-4672000,-8337000,-5468000,502000,-5848000,-5792000,None,None,-6294000,-4208000,7052000,3605000,1448000,0,56000,3342000,12228000,1060000,796000,12228000,435000,-3773000,nan,7.65
17,2016-01-31,USD,-27399000,-2724000,-21424000,69000,2871000,-3477000,1100000,0,2858000,0,-2724000,78000,2793000,0,13000,None,None,None,0,0,0,291000,132000,-6044000,2567000,-3477000,None,USD,138123000,300000,None,23588000,69095000,69028000,655000,22594000,74000,20193000,726000,0,15675000,18955000,66716000,18175000,14004000,-3980000,25400000,97048000,11017000,69028000,2324000,38880000,1493000,15625000,25947000,0,0,74000,0,20193000,-290000,None,4658000,None,15675000,None,1493000,231000,2379000,None,None,None,53031000,138123000,18955000,None,7306000,USD,142000,-11809000,17946000,18432000,-19050000,-17021000,-214000,-8862000,-3477000,7815000,6890000,-1815000,1504000,0,113000,9714000,-4077000,-2511000,486000,15284000,-1458000,6357000,6.4,nan
18,2015-10-31,USD,66316000,9611000,49345000,16971000,7768000,6114000,0,0,7557000,0,9611000,408000,7360000,0,211000,None,None,None,0,0,0,1443000,0,0,6114000,6114000,None,USD,172774000,410000,None,6091000,100131000,72643000,1188000,6017000,73000,24392000,4230000,0,18255000,11315000,86219000,39853000,None,-4309000,39954000,114565000,11070000,72643000,433000,61781000,8930000,35378000,40349000,0,0,73000,0,24392000,-290000,None,7185000,None,18255000,None,8930000,3794000,13912000,None,None,None,52777000,172774000,11315000,None,7288000,USD,None,-2230000,-974000,0,11778000,11788000,None,None,6114000,954000,-9860000,71000,1522000,0,10000,-420000,0,551000,974000,-15468000,-80000,874000,nan,6.4
19,2015-07-31,USD,40061000,8135000,34401000,5660000,-2524000,-2391000,0,0,-2776000,0,8135000,-49000,-2475000,0,252000,None,None,None,0,0,0,-385000,0,0,-2391000,-2391000,None,USD,156146000,390000,None,3132000,89639000,66507000,749000,10351000,73000,18280000,4183000,0,17975000,10438000,72559000,22512000,None,-4160000,44061000,94582000,10680000,66507000,430000,46060000,12582000,34952000,39696000,0,0,73000,0,18280000,-290000,None,6823000,None,17975000,None,12582000,3749000,17080000,None,None,None,52604000,156146000,10438000,None,7291000,USD,1559000,11906000,-1404000,0,1790000,-151000,-1916000,None,-2391000,-640000,915000,1011000,1480000,0,-25000,-5233000,0,-6000,2963000,-5852000,-70000,-710000,nan,nan
