,fiscalDateEnding,reportedCurrency_x,totalRevenue,totalOperatingExpense,costOfRevenue,grossProfit,ebit,netIncome_x,researchAndDevelopment,effectOfAccountingCharges,incomeBeforeTax,minorityInterest,sellingGeneralAdministrative,otherNonOperatingIncome,operatingIncome,otherOperatingExpense,interestExpense,taxProvision,interestIncome,netInterestIncome,extraordinaryItems,nonRecurring,otherItems,incomeTaxExpense,totalOtherIncomeExpense,discontinuedOperations,netIncomeFromContinuingOperations,netIncomeApplicableToCommonShares,preferredStockAndOtherAdjustments,reportedCurrency_y,totalAssets,intangibleAssets,earningAssets,otherCurrentAssets,totalLiabilities,totalShareholderEquity,deferredLongTermLiabilities,otherCurrentLiabilities,commonStock,retainedEarnings,otherLiabilities,goodwill,otherAssets,cash,totalCurrentLiabilities,shortTermDebt,currentLongTermDebt,otherShareholderEquity,propertyPlantEquipment,totalCurrentAssets,longTermInvestments,netTangibleAssets,shortTermInvestments,netReceivables,longTermDebt,inventory,accountsPayable,totalPermanentEquity,additionalPaidInCapital,commonStockTotalEquity,preferredStockTotalEquity,retainedEarningsTotalEquity,treasuryStock,accumulatedAmortization,otherNonCurrrentAssets,deferredLongTermAssetCharges,totalNonCurrentAssets,capitalLeaseObligations,totalLongTermDebt,otherNonCurrentLiabilities,totalNonCurrentLiabilities,negativeGoodwill,warrants,preferredStockRedeemable,capitalSurplus,liabilitiesAndShareholderEquity,cashAndShortTermInvestments,accumulatedDepreciation,commonStockSharesOutstanding,reportedCurrency,investments,changeInLiabilities,cashflowFromInvestment,otherCashflowFromInvestment,netBorrowings,cashflowFromFinancing,otherCashflowFromFinancing,changeInOperatingActivities,netIncome_y,changeInCash,operatingCashflow,otherOperatingCashflow,depreciation,dividendPayout,stockSaleAndPurchase,changeInInventory,changeInAccountReceivables,changeInNetIncome,capitalExpenditures,changeInReceivables,changeInExchangeRate,changeInCashAndCashEquivalents,clossingVal,nextClossingVal
0,2020-03-31,USD,12673000,8352000,8267000,4406000,-4258000,-3936000,1472000,None,-4283000,None,4044000,-312000,-3946000,2836000,25000,-347000,-377000,-25000,None,2836000,None,-347000,-3148000,None,-3936000,-3936000,None,USD,64262000,1176000,None,6452000,24916000,39346000,None,6748000,97000,-6734000,682000,0,918000,10564000,20985000,2500000,2500000,-3612000,5910000,51873000,725000,38170000,323000,24462000,None,10072000,11737000,None,None,97000,None,-6734000,None,None,3660000,None,918000,3711000,None,3931000,3931000,None,None,None,49595000,64262000,10887000,None,9721000,USD,212000,-276000,176000,1138000,2500000,2514000,-28000,271000,-3936000,4991000,2301000,-127000,416000,None,14000,-778000,None,2591000,36000,4411000,-99000,4892000,2.88,
1,2020-01-31,USD,None,None,None,None,None,None,None,None,None,None,None,None,None,None,None,None,None,None,None,None,None,-347000,None,None,None,-3936000,None,USD,None,None,None,None,None,None,None,None,97000,-6734000,682000,None,918000,None,None,None,None,-3612000,9570000,None,None,38170000,None,None,None,None,None,None,None,None,None,None,None,None,None,None,None,None,None,None,None,None,None,None,None,None,None,None,None,USD,176000,-673000,176000,None,2500000,2514000,None,271000,-3936000,4892000,2301000,None,416000,None,None,-778000,None,2590000,36000,None,None,None,6.14,2.88
2,2019-12-31,USD,19132000,6412000,12001000,7131000,842000,751000,1632000,None,799000,None,4309000,123000,719000,2836000,43000,48000,-11000,-43000,None,471000,None,48000,-348000,None,751000,751000,None,USD,66856000,1809000,None,7721000,23511000,43345000,14000,6859000,97000,-2798000,866000,1715000,814000,5763000,19241000,None,None,-3395000,6399000,51541000,725000,39821000,448000,28192000,None,9417000,12382000,None,None,97000,None,-2798000,None,None,3853000,814000,15315000,3905000,None,4256000,4270000,None,None,None,49441000,66856000,6211000,None,9704000,USD,288000,-1035000,56000,-77000,2500000,-28000,-28000,202000,751000,1712000,1684000,-877000,484000,None,1000,752000,1852000,-243000,155000,1852000,57000,1769000,5.5,6.14
3,2019-10-31,USD,None,None,None,None,None,None,None,None,None,None,None,None,None,None,None,None,None,None,None,None,None,48000,None,None,None,751000,None,USD,None,None,None,None,None,None,None,None,97000,-2798000,866000,None,814000,None,None,None,None,-3395000,10252000,None,None,39821000,None,None,None,None,None,None,None,None,None,None,None,None,None,None,None,None,None,None,None,None,None,None,None,None,None,None,None,USD,56000,-2113000,56000,None,2500000,-28000,None,202000,751000,1769000,1684000,None,484000,None,None,752000,None,-244000,232000,None,None,None,4.535,5.5
4,2019-09-30,USD,17850000,6071000,10808000,7042000,793000,626000,1828000,None,769000,None,4243000,-178000,971000,2836000,24000,143000,-235000,-24000,None,None,None,143000,-178000,None,626000,626000,None,USD,67244000,1812000,None,10643000,25332000,41912000,35000,8071000,97000,-3549000,620000,1675000,509000,3998000,21328000,None,None,-3937000,6457000,52216000,725000,38425000,722000,26797000,None,10056000,13257000,None,None,97000,None,-3549000,None,None,3935000,424000,15028000,3898000,None,3969000,4004000,None,None,None,49301000,67244000,4720000,None,9658000,USD,638000,383000,264000,-125000,2500000,1000,None,-564000,626000,-528000,-793000,-37000,480000,None,1000,524000,-3130000,361000,249000,-3130000,-89000,-617000,4.7916,4.535
5,2019-07-31,USD,None,None,None,None,None,None,None,None,None,None,None,None,None,None,None,None,None,None,None,None,None,143000,None,None,None,626000,None,USD,None,None,None,None,None,None,None,None,97000,-3549000,620000,None,509000,None,None,None,None,-3937000,10307000,None,None,38425000,None,None,None,None,None,None,None,None,None,None,None,None,None,None,None,None,None,None,None,None,None,None,None,None,None,None,None,USD,264000,908000,264000,None,2500000,1000,None,-564000,626000,-617000,-793000,None,480000,None,None,524000,None,363000,374000,None,None,None,4.19,4.7916
6,2019-06-30,USD,18195000,14477000,12292000,5903000,-8422000,-8165000,1950000,None,-8602000,None,4988000,152000,-8574000,2836000,180000,-437000,-92000,-180000,None,7539000,None,-437000,-7387000,None,-8165000,-8165000,None,USD,62838000,1816000,None,6923000,20912000,41926000,41000,7013000,97000,-4175000,711000,1741000,620000,4585000,20201000,None,None,-3079000,6538000,51398000,725000,38369000,1431000,27649000,None,10810000,13188000,None,None,97000,None,-4175000,None,None,11440000,620000,11440000,None,None,670000,711000,None,None,None,49083000,62838000,6016000,None,9554000,USD,-728000,845000,-1101000,-104000,-16000,-18000,-2000,576000,-8165000,-846000,273000,211000,336000,None,329000,1158000,-1105000,6993000,269000,-1105000,-16000,-862000,4.45,4.19
7,2019-04-30,USD,None,None,None,None,None,None,None,None,None,None,None,None,None,None,None,None,None,None,None,None,None,-437000,None,None,None,-8165000,None,USD,None,None,None,None,None,None,None,None,97000,-4175000,711000,None,620000,None,None,None,None,-3079000,6538000,None,None,38369000,None,None,None,None,None,None,None,None,None,None,None,None,None,None,None,None,None,None,None,None,None,None,None,None,None,None,None,USD,-1101000,480000,-1101000,None,-16000,-18000,None,576000,-8165000,-862000,273000,None,336000,None,None,1158000,None,6993000,373000,None,None,None,7.28,4.45
8,2019-03-31,USD,15632000,6227000,10485000,5147000,-1179000,-1065000,1812000,None,-1195000,None,4415000,-99000,-1080000,None,16000,-193000,-143000,-16000,None,None,None,-130000,-99000,None,-1065000,-1065000,None,USD,71168000,3165000,None,8914000,22201000,48967000,1748000,6541000,96000,2913000,2515000,7699000,658000,5429000,19686000,17000,17000,-2957000,6529000,52392000,725000,38103000,741000,25403000,None,11905000,13145000,None,None,96000,None,2913000,None,None,18776000,658000,18776000,None,None,767000,2515000,None,None,None,48915000,71168000,6170000,None,9644000,USD,442000,-480000,334000,-89000,-52000,73000,-55000,-1287000,-1065000,-1385000,-1792000,-2249000,558000,None,125000,-828000,1601000,671000,19000,1601000,-50000,-1435000,7.5,7.28
9,2018-12-31,USD,21553000,6413000,13703000,7850000,1593000,1547000,2080000,None,1564000,None,4942000,156000,1437000,None,29000,-45000,None,None,None,-609000,None,17000,736000,None,1547000,1547000,None,USD,74642000,3428000,None,6535000,24679000,49963000,1718000,7956000,96000,3978000,2561000,7859000,1100000,6899000,22118000,None,None,-2864000,6785000,54745000,725000,38676000,1131000,29037000,None,11143000,14162000,None,None,96000,None,3978000,None,None,None,1100000,19897000,None,None,843000,2561000,None,None,None,48753000,74642000,8030000,None,9618000,USD,-529000,-1841000,-946000,-129000,-50000,-87000,-40000,-1484000,1547000,-417000,616000,-173000,567000,None,3000,467000,-142000,191000,288000,-142000,-46000,-463000,8.15,7.5
10,2018-09-30,USD,21442000,6833000,13150000,8292000,1257000,892000,2198000,None,1230000,None,4635000,-202000,1459000,None,27000,None,None,None,None,None,None,338000,-229000,None,892000,892000,None,USD,75290000,3611000,None,6764000,26751000,48539000,1728000,8437000,96000,2431000,2656000,7970000,956000,7416000,24095000,None,None,-2495000,6827000,55201000,725000,36958000,548000,28809000,0,11664000,15658000,0,0,96000,0,2431000,0,None,None,956000,20089000,None,None,928000,2656000,None,None,None,48507000,75290000,7964000,None,9593000,USD,319000,132000,-276000,-93000,-53000,133000,-15000,-835000,892000,1661000,1804000,-240000,567000,0,201000,700000,-243000,-4000,502000,-243000,-54000,1607000,9.75,8.15
11,2018-06-30,USD,23594000,7166000,14573000,9021000,1544000,772000,2318000,0,1500000,0,4848000,-311000,1855000,0,44000,None,None,None,0,8923000,0,728000,-355000,0,772000,772000,None,USD,74204000,3820000,None,1327000,28606000,45598000,1717000,10067000,96000,-510000,2768000,7985000,1055000,5830000,25838000,175000,175000,-2098000,6613000,54006000,725000,33793000,877000,32143000,0,13829000,15771000,0,0,96000,0,-510000,0,None,None,1055000,20198000,None,None,1051000,2768000,None,None,None,48110000,74204000,6707000,None,9554000,USD,1462000,1706000,1112000,-96000,-1578000,-1560000,None,1468000,772000,822000,1270000,583000,575000,0,18000,951000,-3573000,256000,254000,-3573000,-357000,465000,10.55,9.75
12,2018-03-31,USD,21397000,6829000,13475000,7922000,1180000,1020000,2132000,0,1127000,0,4700000,87000,1093000,0,53000,None,None,None,0,-3000,0,107000,37000,0,1020000,1020000,None,USD,75450000,4188000,None,2329000,29139000,46311000,1530000,9835000,96000,-1282000,2769000,8505000,853000,5365000,26352000,1747000,1765000,-431000,6726000,54453000,725000,33618000,2437000,29823000,18000,15224000,14770000,0,0,96000,0,-1282000,0,None,None,853000,20272000,None,None,1257000,2787000,None,None,None,47928000,75450000,7802000,None,9552000,USD,270000,-1542000,-32000,-322000,-136000,320000,None,154000,1020000,-1087000,-1375000,-479000,562000,0,456000,295000,-1369000,138000,20000,-1369000,106000,-981000,8.75,10.55
13,2017-12-31,USD,20433000,6952000,13026000,7407000,393000,366000,1797000,0,351000,0,4497000,-62000,455000,0,42000,None,None,None,0,658000,0,-15000,-762000,0,366000,366000,None,USD,74897000,3688000,None,2461000,31083000,43814000,1709000,10580000,95000,-2302000,1327000,8250000,13582000,6346000,27975000,1821000,1893000,-1315000,7365000,53950000,725000,31876000,2639000,27909000,72000,15320000,15574000,0,0,95000,0,-2302000,0,None,None,919000,20222000,None,None,1399000,3108000,None,None,None,47336000,74897000,8985000,None,9500000,USD,367000,1598000,163000,0,1152000,1150000,-2000,644000,366000,1090000,-223000,927000,587000,0,0,-2006000,4963000,73000,204000,-1768000,79000,1169000,9.7,8.75
14,2017-09-30,USD,19269000,6105000,11619000,7650000,1553000,1558000,1733000,0,1511000,0,4424000,8000,1545000,0,42000,None,None,None,0,-52000,0,-47000,0,0,1558000,1558000,None,USD,70127000,3928000,None,3045000,27678000,42449000,1605000,9570000,95000,-2668000,1479000,8087000,13265000,5177000,24470000,612000,736000,-1926000,7429000,49433000,None,30434000,2954000,25786000,124000,13196000,14288000,0,0,95000,0,-2668000,0,None,None,525000,19969000,None,None,1603000,3208000,None,None,None,46948000,70127000,8131000,-16528000,9487000,USD,-1353000,-1602000,-1650000,0,-1153000,-1155000,-17000,-2039000,1558000,1387000,4192000,-1643000,552000,0,15000,-1526000,6731000,122000,297000,6731000,86000,1473000,7.89,9.7
15,2017-06-30,USD,22351000,7518000,13790000,8561000,948000,261000,1909000,0,896000,0,4552000,-95000,1043000,0,52000,None,None,None,0,1057000,0,635000,-2362000,0,261000,261000,None,USD,70615000,4073000,None,2240000,30780000,39835000,871000,10350000,94000,-4226000,1583000,7793000,12600000,3704000,28155000,1705000,1876000,-2721000,7377000,50638000,725000,27969000,1572000,32381000,171000,11466000,16100000,0,0,94000,0,-4226000,0,None,None,9000,19252000,None,None,1754000,2625000,None,None,None,46688000,70615000,5276000,-17879000,9438000,USD,-1323000,383000,-1608000,0,636000,639000,None,-208000,261000,-1374000,-405000,2075000,534000,0,3000,933000,-7991000,627000,285000,-5218000,184000,-1190000,7.28,7.89
16,2017-03-31,USD,16325000,5692000,11135000,5190000,-380000,-598000,1650000,0,-474000,0,4039000,122000,-502000,0,94000,None,None,None,0,3000,0,124000,28000,0,-598000,-598000,None,USD,64287000,4108000,None,2045000,26308000,37979000,886000,7500000,94000,-4487000,1635000,7268000,12101000,4894000,23578000,1007000,1007000,-4075000,7266000,44920000,None,26603000,241000,26358000,209000,12107000,15071000,0,0,94000,0,-4487000,0,None,None,None,18642000,None,None,1844000,2730000,None,None,None,46447000,64287000,5135000,-17506000,9420000,USD,314000,-467000,85000,0,-680000,-582000,-17000,-802000,-598000,-818000,-321000,-26000,518000,0,98000,-1500000,0,-9000,229000,1761000,58000,-760000,8.34,7.28
17,2016-12-31,USD,21751000,6187000,12307000,9444000,2887000,2524000,1657000,0,2826000,0,4469000,-370000,3257000,0,61000,None,None,None,0,61000,0,302000,0,0,2524000,2524000,None,USD,65200000,4289000,None,2109000,27268000,37932000,938000,7008000,94000,-3889000,1898000,7136000,12150000,5654000,24180000,1637000,1637000,-4387000,7268000,45782000,None,26507000,551000,27788000,252000,10405000,15535000,0,0,94000,0,-3889000,0,None,None,None,18693000,None,None,2150000,3088000,None,None,None,46114000,65200000,6205000,-17222000,9387000,USD,486000,1155000,390000,0,497000,551000,-17000,-613000,2524000,-585000,-1526000,488000,580000,0,54000,-132000,0,104000,96000,-6245000,-339000,-924000,6.64,8.34
18,2016-09-30,USD,17520000,6553000,12946000,4574000,-1929000,-2355000,1610000,0,-1986000,0,4287000,50000,-1979000,0,57000,None,None,None,0,656000,0,369000,0,0,-2355000,-2355000,None,USD,63392000,4825000,None,2218000,26803000,36589000,1072000,7317000,94000,-6413000,2300000,7604000,13154000,6578000,23111000,1102000,None,-3047000,7705000,42533000,None,24160000,1073000,22749000,320000,10640000,14692000,0,0,94000,0,-6413000,0,None,None,None,20134000,None,None,2620000,3692000,None,None,None,45955000,63392000,7651000,-17080000,9371000,USD,442000,-1657000,370000,0,850000,852000,None,None,-2355000,-273000,-1495000,-1525000,562000,0,2000,1219000,1711000,550000,72000,1711000,64000,-209000,6.72,6.64
19,2016-06-30,USD,18774000,6660000,11737000,6416000,-303000,-15594000,1443000,0,-359000,0,4958000,-59000,-244000,0,56000,None,None,None,0,259000,0,15235000,-2783000,0,-15594000,-15594000,None,USD,67922000,5017000,None,1170000,29368000,38554000,1131000,8525000,94000,-4058000,2489000,7500000,13287000,6787000,25383000,200000,565000,-3220000,7926000,46709000,725000,26037000,1474000,24075000,365000,12172000,16658000,0,0,94000,0,-4058000,0,None,None,None,21213000,None,None,2854000,3985000,None,None,None,45738000,67922000,8261000,-16788000,9000000,USD,794000,-1318000,665000,0,-261000,-266000,None,-4685000,-15594000,3573000,3125000,-2763000,621000,0,-5000,761000,5496000,16964000,209000,4454000,84000,3657000,4.68,6.72
