,fiscalDateEnding,reportedCurrency_x,totalRevenue,totalOperatingExpense,costOfRevenue,grossProfit,ebit,netIncome_x,researchAndDevelopment,effectOfAccountingCharges,incomeBeforeTax,minorityInterest,sellingGeneralAdministrative,otherNonOperatingIncome,operatingIncome,otherOperatingExpense,interestExpense,taxProvision,interestIncome,netInterestIncome,extraordinaryItems,nonRecurring,otherItems,incomeTaxExpense,totalOtherIncomeExpense,discontinuedOperations,netIncomeFromContinuingOperations,netIncomeApplicableToCommonShares,preferredStockAndOtherAdjustments,reportedCurrency_y,totalAssets,intangibleAssets,earningAssets,otherCurrentAssets,totalLiabilities,totalShareholderEquity,deferredLongTermLiabilities,otherCurrentLiabilities,commonStock,retainedEarnings,otherLiabilities,goodwill,otherAssets,cash,totalCurrentLiabilities,shortTermDebt,currentLongTermDebt,otherShareholderEquity,propertyPlantEquipment,totalCurrentAssets,longTermInvestments,netTangibleAssets,shortTermInvestments,netReceivables,longTermDebt,inventory,accountsPayable,totalPermanentEquity,additionalPaidInCapital,commonStockTotalEquity,preferredStockTotalEquity,retainedEarningsTotalEquity,treasuryStock,accumulatedAmortization,otherNonCurrrentAssets,deferredLongTermAssetCharges,totalNonCurrentAssets,capitalLeaseObligations,totalLongTermDebt,otherNonCurrentLiabilities,totalNonCurrentLiabilities,negativeGoodwill,warrants,preferredStockRedeemable,capitalSurplus,liabilitiesAndShareholderEquity,cashAndShortTermInvestments,accumulatedDepreciation,commonStockSharesOutstanding,reportedCurrency,investments,changeInLiabilities,cashflowFromInvestment,otherCashflowFromInvestment,netBorrowings,cashflowFromFinancing,otherCashflowFromFinancing,changeInOperatingActivities,netIncome_y,changeInCash,operatingCashflow,otherOperatingCashflow,depreciation,dividendPayout,stockSaleAndPurchase,changeInInventory,changeInAccountReceivables,changeInNetIncome,capitalExpenditures,changeInReceivables,changeInExchangeRate,changeInCashAndCashEquivalents,clossingVal,nextClossingVal
0,2020-05-31,USD,100383000,60815000,14259000,86124000,25060000,16968000,21787000,None,22462000,None,34156000,-249000,25309000,4177000,2598000,5494000,122000,-2476000,None,695000,None,5494000,-1066000,None,16968000,16968000,None,USD,895602000,87774000,None,33226000,516004000,339961000,None,160167000,304282000,73923000,26111000,431869000,32187000,193222000,225172000,14480000,14480000,-38244000,27693000,291398000,None,-140045000,10423000,54527000,276762000,None,50525000,None,None,304282000,None,73923000,None,None,38873000,None,17995000,26514000,276762000,14070000,290832000,None,None,None,None,895602000,203645000,None,45033417,USD,5534000,2796000,4925000,9042000,-1880000,-8201000,-1946000,1238000,16968000,34681000,37957000,-2330000,7572000,-7438000,3063000,None,8559000,4392000,609000,8559000,None,34681000,40.4,
1,2020-03-31,USD,100383000,74379000,14259000,86124000,32632000,16968000,21787000,None,22462000,None,34156000,None,26004000,None,2598000,5494000,122000,-2476000,None,None,None,5494000,-1066000,None,16968000,16968000,None,USD,895602000,87774000,None,20686000,555641000,339961000,None,None,450000,73923000,26111000,431869000,32187000,193222000,225172000,None,14480000,-38244000,52374000,291398000,None,-179682000,10423000,54527000,276762000,None,8815000,None,None,None,None,None,None,None,3998000,None,604204000,26514000,None,14070000,330469000,None,None,None,None,None,None,None,None,USD,4925000,-4879000,4925000,None,-1880000,-8201000,None,1238000,16968000,32128000,37957000,None,7572000,-7438000,0,None,8559000,7932000,609000,None,None,None,32.0,40.4
2,2020-02-29,USD,109683000,64085000,14886000,94797000,30107000,21116000,21654000,None,27315000,None,36946000,-605000,30712000,4131000,2792000,6199000,211000,-2581000,None,1354000,None,6199000,-2170000,None,21116000,21116000,None,USD,890182000,93615000,None,35499000,521427000,327957000,3000,167650000,296699000,64475000,25172000,432789000,33983000,161094000,230722000,12599000,12599000,-33217000,29150000,274738000,None,-157649000,15961000,62184000,280382000,None,50473000,None,None,296699000,None,64475000,None,None,42556000,None,17334000,27650000,280382000,10320000,290705000,None,None,None,None,890182000,177055000,None,44769310,USD,3508000,-20520000,2360000,3508000,-1882000,-27054000,-1949000,-346000,21116000,8322000,33016000,8986000,7669000,-7468000,-15755000,None,9810000,5955000,1148000,9810000,None,8322000,37.29,32.0
3,2019-12-31,USD,109683000,77617000,14886000,94797000,37776000,21116000,21654000,None,27315000,None,36946000,None,32066000,None,2792000,6199000,211000,-2581000,None,None,None,6199000,-2170000,None,21116000,21116000,None,USD,890182000,93615000,None,24591000,562225000,327957000,None,None,448000,64475000,25172000,432789000,33983000,161094000,230722000,None,12599000,-33217000,55057000,274738000,None,-198447000,15961000,62184000,280382000,None,10215000,None,None,None,None,None,None,None,3857000,None,615444000,27650000,None,10320000,331503000,None,None,None,None,None,None,None,None,USD,2360000,-17004000,2360000,None,-1882000,-27054000,None,-346000,21116000,6835000,33016000,None,7669000,-7468000,-20000000,None,9810000,11398000,1148000,None,None,None,41.55,37.29
4,2019-11-30,USD,117038000,96332000,20766000,96272000,9935000,-4740000,23868000,None,-9577000,None,44284000,None,20706000,None,2993000,-4837000,193000,-2800000,None,None,None,-4837000,-27483000,None,-4740000,-4740000,None,USD,881271000,99392000,None,27280000,550989000,330282000,None,None,450000,64303000,24002000,432824000,34625000,154259000,240885000,10717000,10717000,-29974000,29765000,284665000,None,-201934000,19426000,72820000,284002000,None,10603000,None,None,None,None,None,None,None,3532000,None,596606000,None,284002000,6347000,310104000,None,None,None,295503000,None,173685000,None,45000000,USD,-278000,29173000,-278000,-204382000,-1881000,-8545000,-5889000,-7936000,-4740000,30239000,36601000,None,16519000,-6941000,0,None,None,21744000,2168000,None,None,None,42.01,41.55
5,2019-09-30,USD,117038000,96332000,20766000,96272000,9935000,-4740000,23868000,None,-9577000,None,44284000,None,20706000,None,2993000,-4837000,193000,-2800000,None,None,None,-4837000,-27483000,None,-4740000,-4740000,None,USD,881271000,99392000,None,27280000,550989000,330282000,None,None,450000,64303000,24002000,432824000,34625000,154259000,240885000,None,10717000,-29974000,29765000,284665000,None,-201934000,19426000,72820000,284002000,None,10603000,None,None,None,None,None,None,None,3532000,None,596606000,None,None,6347000,310104000,None,None,None,None,None,None,None,None,USD,-278000,29173000,-278000,None,-1881000,-8545000,None,-7936000,-4740000,30239000,36601000,None,16519000,-6941000,0,None,None,21744000,2168000,None,None,None,38.06,42.01
6,2019-08-31,USD,106716000,69931000,20825000,85891000,15563000,13557000,23126000,None,12242000,None,38683000,-397000,15960000,7068000,3321000,-1315000,377000,-2944000,None,1054000,None,-1315000,-1828000,None,13557000,13557000,None,USD,859925000,136381000,None,27280000,510419000,332952000,89000,143972000,289488000,76486000,20671000,432598000,23079000,124020000,215332000,8836000,8836000,-33022000,31573000,236294000,None,-219473000,21377000,63617000,287622000,None,62524000,None,None,289488000,None,76486000,None,None,12920000,None,10159000,None,287622000,7376000,295087000,None,None,None,None,859925000,145397000,None,44785586,USD,3921000,469000,3171000,-206272000,-1880000,-6769000,-3248000,-1688000,13557000,23167000,26765000,9148000,16822000,-6933000,2044000,None,-19463000,6232000,750000,-19463000,None,24495000,37.78,38.06
7,2019-06-30,USD,106716000,89702000,20825000,85891000,32385000,13557000,23126000,None,12242000,None,38683000,None,17014000,None,3321000,-1315000,377000,-2944000,None,None,None,-1315000,-1828000,None,13557000,13557000,None,USD,859925000,136381000,None,19904000,526973000,332952000,None,None,448000,76486000,20671000,432598000,23079000,124020000,215332000,None,8836000,-33022000,31573000,236294000,None,-236027000,21377000,63617000,287622000,None,6882000,None,None,None,None,None,None,None,2933000,None,623631000,None,None,7376000,311641000,None,None,None,None,None,None,None,None,USD,3171000,11588000,3171000,None,-1880000,-6769000,None,-1688000,13557000,20771000,26765000,None,16822000,-6933000,0,None,-19463000,6232000,750000,None,None,None,43.62,37.78
8,2019-05-31,USD,99995000,67643000,17611000,82384000,14634000,8181000,21688000,None,12424000,None,37486000,-107000,14741000,4585000,2210000,4243000,344000,-1866000,None,3884000,None,4243000,-4335000,None,8181000,8181000,None,USD,829905000,150907000,None,23713000,500082000,315347000,70000,135929000,282193000,61744000,19165000,432623000,9098000,103249000,204199000,7002000,7002000,-28590000,32971000,204306000,None,-253707000,25304000,52040000,291194000,None,61268000,None,None,282193000,None,61744000,None,None,7221000,None,1877000,None,291194000,4619000,295883000,None,None,None,None,829905000,128553000,None,44723199,USD,1554000,10684000,-218432000,-219152000,183373000,177251000,-1637000,2575000,8181000,-507000,40674000,-546000,12852000,-6894000,2409000,None,6998000,2505000,834000,6998000,-2760000,-3267000,40.96,43.62
9,2019-02-28,USD,89549000,58101000,16039000,73510000,14795000,9402000,19890000,None,13406000,None,34608000,-614000,15409000,3188000,1389000,4004000,229000,-1160000,None,415000,None,4004000,-1258000,None,9402000,9402000,None,USD,615891000,50297000,None,27654000,297575000,306702000,2665000,130569000,272854000,60462000,19119000,315010000,5549000,106516000,182028000,6593000,6593000,-26614000,29351000,215684000,None,-46991000,26942000,54572000,108042000,None,44866000,None,None,272854000,None,60462000,None,None,4660000,None,889000,None,108042000,4840000,115547000,None,None,None,None,615891000,133458000,None,44473947,USD,7405000,-13374000,7159000,7405000,-1547000,-31645000,-1611000,5147000,9402000,-42000,24444000,11090000,10486000,-6992000,-23106000,None,3861000,2979000,246000,3861000,1432000,1390000,36.78,40.96
10,2018-11-30,USD,111333000,70343000,16731000,94602000,23446000,18430000,20334000,0,22071000,0,41578000,-813000,24259000,3285000,1375000,None,None,None,1660000,5298000,0,3641000,-7334000,0,18430000,18430000,None,USD,640609000,58919000,None,25080000,315400000,310082000,3797000,133194000,451000,71242000,24239000,314992000,7165000,105126000,196018000,5819000,5819000,-28213000,30714000,228819000,None,-48702000,40163000,58450000,110270000,None,57005000,None,None,451000,None,71242000,None,None,5243000,None,1922000,None,110270000,5315000,119382000,None,None,None,266602000,640609000,139513000,None,45114935,USD,4606000,3983000,3324000,14843000,-1547000,-18659000,-2057000,-14797000,18430000,8992000,24327000,-10829000,10855000,-6317000,-8738000,None,-12945000,14833000,1282000,-12945000,-2563000,6429000,35.16,36.78
11,2018-08-31,USD,95683000,56804000,16696000,78987000,21559000,16746000,19338000,0,20222000,0,33970000,-624000,22183000,3319000,1337000,None,None,None,0,142000,0,3476000,-2138000,0,16746000,16746000,None,USD,625432000,67712000,None,13696000,306985000,305472000,1323000,131854000,263255000,68329000,20018000,314951000,2686000,98697000,188217000,5819000,5819000,-26112000,42689000,197394000,None,-64216000,39184000,45817000,111725000,0,50544000,0,0,263255000,0,68329000,0,None,1810000,None,876000,None,111725000,5720000,118768000,None,None,None,None,625432000,137881000,None,45133361,USD,7772000,-2955000,5000000,0,-1547000,-24657000,-11000,-149000,16746000,3644000,23301000,-2692000,11014000,-6371000,-16728000,0,-3483000,4671000,2772000,-3483000,-2068000,1576000,40.93,35.16
12,2018-05-31,USD,96102000,57671000,16643000,79459000,21776000,15403000,19822000,0,20504000,0,34062000,-12000,21788000,3318000,1272000,None,None,None,0,443000,0,5101000,-1967000,0,15403000,15403000,None,USD,636973000,76540000,None,13844000,315250000,309137000,1228000,135202000,258696000,74655000,19793000,315012000,2592000,97121000,194863000,5819000,5819000,-24214000,42208000,200621000,None,-69829000,47079000,42577000,113180000,0,53842000,0,0,258696000,0,74655000,0,None,1746000,None,846000,None,113180000,5979000,120387000,None,None,None,None,636973000,144200000,None,45503468,USD,3023000,-7994000,1213000,0,-1547000,-52758000,-1931000,2232000,15403000,-9416000,42129000,8755000,11331000,-6482000,-42798000,0,10171000,4463000,1810000,10171000,-10574000,-19990000,37.88,40.93
13,2018-02-28,USD,94047000,59376000,16903000,77144000,17348000,12912000,20245000,0,16183000,0,33948000,-420000,17768000,3319000,1165000,None,None,None,0,1864000,0,3271000,-4707000,0,12912000,12912000,None,USD,683140000,85757000,None,16312000,335488000,347652000,11818000,144573000,255047000,107800000,15658000,315106000,403727000,117111000,203032000,5819000,5819000,-15195000,41761000,237652000,None,-53211000,50386000,53843000,114635000,0,52640000,0,0,255047000,0,107800000,0,None,1916000,None,948000,None,114635000,6003000,132456000,None,None,None,None,683140000,167497000,None,46297792,USD,-558000,-7766000,-1944000,0,-1547000,-50697000,-4810000,2382000,12912000,-21046000,31595000,2382000,11302000,-6619000,-42531000,0,8329000,4436000,1386000,8329000,4693000,-16353000,46.87,37.88
14,2017-11-30,USD,116079000,69311000,17959000,98120000,29257000,16429000,21243000,0,28081000,0,40650000,448000,28809000,3318000,1176000,None,None,None,0,4100000,0,11652000,-30815000,0,16429000,16429000,None,USD,718718000,94894000,None,18588000,342634000,376084000,12559000,132538000,473000,145247000,15717000,315041000,413050000,133464000,208018000,5819000,5819000,-18999000,42261000,263407000,None,-33851000,50145000,61210000,116090000,0,69661000,0,0,473000,0,145247000,0,None,1992000,None,1123000,None,116090000,5967000,134616000,None,None,None,249363000,718718000,183609000,None,47281035,USD,-4243000,13539000,-6756000,-1000,-1174000,-35256000,-886000,2813000,16429000,-9497000,32515000,-970000,11572000,-5976000,-27220000,0,6442000,1272000,2512000,-9327000,-1796000,-11293000,41.34,46.87
15,2017-08-31,USD,97310000,58936000,18075000,79235000,20120000,11172000,19620000,0,18899000,0,34323000,-179000,20299000,3319000,1221000,None,None,None,0,1674000,0,7727000,152000,0,11172000,11172000,None,USD,725816000,101777000,None,18451000,334214000,391602000,14567000,131932000,246628000,162139000,14013000,315913000,420906000,144757000,206105000,14643000,122946000,-17165000,43283000,261627000,None,-26088000,46559000,51860000,108303000,0,59530000,0,0,246628000,0,162139000,0,None,1995000,None,1221000,None,108303000,5239000,128109000,None,None,None,None,725816000,191316000,None,47796793,USD,358000,-8240000,-47306000,-47322000,-3750000,-26505000,48000,2837000,11172000,-60369000,13442000,2837000,11476000,-6035000,-16768000,0,15769000,3079000,342000,-6882000,7240000,-53129000,33.58,41.34
16,2017-05-31,USD,93213000,55562000,17367000,75846000,19884000,10341000,18791000,0,18732000,0,32842000,-400000,20284000,3223000,1152000,None,None,None,0,706000,0,8391000,-205000,0,10341000,10341000,None,USD,737064000,86864000,None,22332000,344228000,392836000,16618000,133254000,242331000,173617000,14224000,290698000,380893000,197886000,210242000,14643000,14643000,-23112000,44863000,311308000,None,15274000,47196000,43894000,111964000,0,62345000,0,0,242331000,0,173617000,0,None,2233000,None,1098000,None,111964000,5404000,133986000,None,None,None,None,737064000,245082000,None,48280613,USD,-10237000,-11417000,-38647000,-28270000,-3750000,-18188000,-891000,3224000,10341000,-34406000,22429000,3224000,10488000,-6044000,-7503000,0,22651000,4079000,140000,5714000,5385000,-29021000,29.2,33.58
17,2017-02-28,USD,90970000,73990000,15758000,75212000,957000,-525000,17334000,0,-125000,0,36289000,-265000,1222000,3179000,1082000,None,None,None,0,17188000,0,400000,-1347000,0,-525000,-525000,None,USD,741131000,73970000,None,23841000,354945000,386186000,13054000,136919000,239759000,173689000,15129000,278132000,355935000,226907000,221169000,14643000,14643000,-27262000,48258000,336938000,None,34084000,37285000,48905000,115625000,0,69607000,0,0,239759000,0,173689000,0,None,2325000,None,1508000,None,115625000,5097000,133776000,None,None,None,None,741131000,264192000,None,48295815,USD,5301000,8051000,4918000,0,-3750000,-23365000,-1123000,-2278000,-525000,18853000,37300000,-2278000,9360000,-6072000,-12420000,0,16937000,5755000,383000,16937000,1018000,19871000,28.68,29.2
18,2016-11-30,USD,117724000,163550000,16538000,101186000,-62527000,-73793000,22787000,0,-63461000,0,43330000,-163000,-62364000,3179000,934000,None,None,None,0,94254000,0,10332000,-104566000,0,-73793000,-73793000,None,USD,754827000,80827000,None,20621000,348198000,406629000,12702000,128960000,485000,195694000,20559000,278067000,368669000,207036000,203738000,15000000,15000000,-28561000,50105000,336053000,None,47735000,42718000,65678000,120000000,0,59778000,0,0,485000,0,195694000,0,None,3174000,6601000,418774000,None,120000000,11758000,144460000,None,None,None,239011000,754827000,249754000,None,48536516,USD,1370000,11259000,-669000,0,-1875000,-8906000,-1102000,-3925000,-73793000,24360000,33935000,-59000,9525000,-24127000,-5929000,0,647000,97565000,2039000,-10562000,-5408000,18952000,29.57,28.68
19,2016-08-31,USD,102018000,71223000,17189000,84829000,13492000,7576000,21706000,0,12318000,0,41263000,-114000,13606000,3186000,1174000,None,None,None,0,5068000,0,4742000,73000,0,7576000,7576000,None,USD,832779000,87684000,None,20521000,338200000,494579000,14678000,129354000,237136000,281303000,12314000,370097000,473038000,188084000,195987000,13125000,13125000,-23860000,50778000,308963000,None,36798000,44600000,55758000,123750000,0,53508000,0,0,237136000,0,281303000,0,None,3631000,11626000,523816000,None,123750000,3785000,142213000,None,None,None,None,832779000,232684000,None,48575307,USD,4499000,181000,3369000,0,-1875000,-12660000,47000,1578000,7576000,10357000,19648000,1578000,9887000,0,-10832000,0,11209000,8581000,1130000,-8155000,-2006000,8351000,29.01,29.57
