,fiscalDateEnding,reportedCurrency_x,totalRevenue,totalOperatingExpense,costOfRevenue,grossProfit,ebit,netIncome_x,researchAndDevelopment,effectOfAccountingCharges,incomeBeforeTax,minorityInterest,sellingGeneralAdministrative,otherNonOperatingIncome,operatingIncome,otherOperatingExpense,interestExpense,taxProvision,interestIncome,netInterestIncome,extraordinaryItems,nonRecurring,otherItems,incomeTaxExpense,totalOtherIncomeExpense,discontinuedOperations,netIncomeFromContinuingOperations,netIncomeApplicableToCommonShares,preferredStockAndOtherAdjustments,reportedCurrency_y,totalAssets,intangibleAssets,earningAssets,otherCurrentAssets,totalLiabilities,totalShareholderEquity,deferredLongTermLiabilities,otherCurrentLiabilities,commonStock,retainedEarnings,otherLiabilities,goodwill,otherAssets,cash,totalCurrentLiabilities,shortTermDebt,currentLongTermDebt,otherShareholderEquity,propertyPlantEquipment,totalCurrentAssets,longTermInvestments,netTangibleAssets,shortTermInvestments,netReceivables,longTermDebt,inventory,accountsPayable,totalPermanentEquity,additionalPaidInCapital,commonStockTotalEquity,preferredStockTotalEquity,retainedEarningsTotalEquity,treasuryStock,accumulatedAmortization,otherNonCurrrentAssets,deferredLongTermAssetCharges,totalNonCurrentAssets,capitalLeaseObligations,totalLongTermDebt,otherNonCurrentLiabilities,totalNonCurrentLiabilities,negativeGoodwill,warrants,preferredStockRedeemable,capitalSurplus,liabilitiesAndShareholderEquity,cashAndShortTermInvestments,accumulatedDepreciation,commonStockSharesOutstanding,reportedCurrency,investments,changeInLiabilities,cashflowFromInvestment,otherCashflowFromInvestment,netBorrowings,cashflowFromFinancing,otherCashflowFromFinancing,changeInOperatingActivities,netIncome_y,changeInCash,operatingCashflow,otherOperatingCashflow,depreciation,dividendPayout,stockSaleAndPurchase,changeInInventory,changeInAccountReceivables,changeInNetIncome,capitalExpenditures,changeInReceivables,changeInExchangeRate,changeInCashAndCashEquivalents,clossingVal,nextClossingVal
0,2020-06-30,USD,39011000,17519000,20584000,18427000,1725000,418000,None,None,1422000,None,14726000,817000,908000,2793000,303000,1004000,None,-303000,None,None,None,1004000,817000,None,418000,418000,None,USD,121935000,9714000,None,4062000,71030000,50905000,628000,10199000,236000,-532641000,649000,14962000,5032000,21184000,26363000,None,None,-1612000,19137000,62046000,None,26229000,None,36800000,36650000,None,16164000,None,None,236000,None,-532641000,None,None,12440000,None,3636000,11445000,36650000,7389000,44667000,None,None,None,584922000,121935000,21184000,-47813000,23612686,USD,-3103000,4470000,-3103000,None,-8000000,-8115000,-115000,67000,418000,-4179000,7039000,10000,2817000,None,-115000,None,-581000,-95000,3103000,-581000,None,-4179000,4.7,
1,2020-03-31,USD,36839000,16434000,22534000,14305000,-3585000,-3883000,None,None,-3927000,None,13464000,-1456000,-2129000,2970000,342000,-44000,-1798000,-342000,None,None,None,-44000,-1456000,None,-3883000,-3883000,None,USD,122166000,10545000,None,3004000,74188000,47978000,628000,9605000,236000,-533059000,634000,14965000,4915000,25314000,22541000,4000,4000,-2360000,17976000,63948000,None,22468000,None,35630000,44627000,None,12932000,None,None,236000,None,-533059000,None,None,11109000,None,3623000,10147000,44627000,6392000,51647000,None,None,None,583161000,122166000,25314000,-45754000,23595079,USD,-2517000,-6615000,-2517000,None,8000000,7433000,-283000,395000,-3883000,10148000,5232000,3339000,2994000,None,-284000,None,5131000,4266000,2517000,5131000,None,10148000,2.8,4.7
2,2019-12-31,USD,46690000,51169000,23090000,46690000,-3616000,-4403000,None,None,-4120000,None,14390000,863000,-4479000,26706000,504000,249000,360000,-376000,-34000,10073000,None,249000,-9338000,-34000,-4369000,-4403000,None,USD,125466000,11506000,None,5582000,72416000,53050000,628000,10447000,234000,-529176000,637000,15070000,5749000,15028000,27741000,17000,17000,-412000,17746000,64426000,1282000,26474000,None,43816000,36603000,None,17277000,None,None,234000,None,-529176000,None,None,11515000,None,3921000,11152000,36603000,44047000,44675000,None,None,None,582404000,125466000,15028000,-45811000,23369433,USD,-3348000,4656000,-3348000,None,922000,437000,-42000,-1014000,-4403000,4381000,7292000,158000,3621000,None,-443000,None,-3091000,6902000,3348000,-3642000,None,4381000,4.92,2.8
3,2019-09-30,USD,42290000,42345000,25539000,42290000,-964000,-642000,None,None,-1340000,None,13544000,-909000,-55000,29051000,376000,202000,-1281000,-376000,900000,-250000,None,202000,-659000,900000,-1542000,-642000,None,USD,123407000,12276000,None,3689000,67467000,55940000,670000,9753000,232000,-524773000,698000,17477000,5377000,11237000,24552000,25000,25000,-1052000,25247000,52993000,1224000,26187000,None,38067000,35648000,None,14774000,None,None,232000,None,-524773000,None,None,10588000,3602000,70414000,10615000,35648000,6597000,42915000,None,None,None,581533000,123407000,11237000,-50200000,23202550,USD,-4039000,-1727000,-4039000,None,3000000,-2744000,-3750000,-2108000,-642000,-413000,5652000,-3564000,3512000,None,-1994000,None,2203000,3008000,4039000,3605000,None,-1076000,5.15,4.92
4,2019-06-30,USD,41974000,45313000,26312000,15662000,-86000,-4279000,None,None,-3865000,None,15748000,66000,-3339000,29565000,592000,311000,-515000,-592000,-103000,None,None,311000,66000,-103000,-4176000,-4279000,None,USD,128835000,13207000,None,146000,70525000,58310000,666000,10196000,236000,-524131000,740000,17528000,4137000,11504000,29510000,42000,42000,-777000,34822000,58038000,1103000,27575000,None,37429000,32628000,None,3064000,None,None,236000,None,-524131000,None,None,562000,3575000,70797000,11808000,32628000,74000,41015000,None,None,None,582982000,128835000,11504000,-47819000,23000000,USD,-3199000,-129000,-7640000,None,3000000,2877000,-1623000,-2030000,-4279000,-583000,-36000,-1998000,3253000,None,-246000,None,2180000,2698000,3199000,390000,-225000,-583000,6.72,5.15
5,2019-03-31,USD,38804000,42217000,25235000,38804000,-3600000,-4396000,None,None,-4073000,None,13917000,-187000,-3413000,28300000,473000,168000,-679000,-473000,-155000,None,None,168000,-187000,-155000,-4241000,-4396000,None,USD,130034000,14137000,None,2176000,68804000,61230000,666000,16805000,234000,-519852000,755000,17570000,4107000,12286000,29602000,48000,48000,-508000,22504000,57533000,915000,29523000,None,43071000,29661000,None,12749000,None,None,234000,None,-519852000,None,None,13833000,3542000,72501000,13316000,29661000,8875000,39202000,None,None,None,581356000,130034000,12286000,-44988000,23438058,USD,-4441000,-8031000,-4441000,None,8053000,4893000,-983000,-6117000,-4396000,-1956000,-2408000,-1179000,3121000,None,-2177000,None,4413000,2725000,4441000,5352000,170000,-1786000,7.92,6.72
6,2018-12-31,USD,49633000,43312000,26493000,49633000,6205000,7859000,0,0,5681000,0,-10935000,-116000,6321000,54235000,524000,None,None,None,1926000,-1628000,0,-252000,-652000,1926000,5933000,7859000,None,USD,124829000,14945000,None,3144000,58500000,66329000,666000,13087000,232000,-515456000,1224000,17531000,5730000,14019000,35723000,48000,48000,-1021000,22028000,64595000,1608000,33853000,None,47432000,21487000,None,22588000,None,None,232000,None,-515456000,None,None,561000,3561000,60234000,None,21553000,22111000,22777000,None,None,None,582574000,124829000,14019000,-43224000,23186258,USD,None,4838000,-2499000,19000,4000000,193000,-6000,237000,7859000,3613000,5919000,-226000,2946000,None,-3801000,None,-10181000,-2679000,2499000,-9189000,-123000,3490000,9.47,7.92
7,2018-09-30,USD,43320000,39612000,26146000,43320000,3639000,2301000,0,0,3223000,0,12521000,-69000,3708000,28731000,416000,None,None,None,0,0,0,597000,1155000,-325000,2626000,2301000,None,USD,109817000,15870000,None,3660000,47736000,62081000,0,13337000,236000,-523315000,675000,17569000,3127000,10593000,29512000,48000,48000,-393000,19999000,53252000,1120000,28642000,110000,38999000,17549000,0,16127000,62081000,0,236000,0,-523315000,0,None,609000,1398000,56565000,None,17549000,675000,18224000,None,None,None,585553000,109817000,10593000,-59913000,23611680,USD,None,-1375000,-2572000,0,-38000,884000,-3996000,-787000,2301000,1304000,2992000,-979000,2606000,0,890000,0,668000,1481000,2572000,668000,-552000,752000,8.7,9.47
8,2018-06-30,USD,42102000,43422000,27389000,42102000,-2205000,-2906000,0,0,-2691000,0,12809000,-885000,-1320000,30613000,486000,None,None,None,0,0,0,189000,-1371000,-26000,-2880000,-2906000,None,USD,110379000,16773000,None,4348000,52577000,57802000,0,15738000,235000,-525616000,748000,17591000,3104000,9890000,34286000,48000,48000,-285000,19163000,53748000,1336000,23438000,159000,39510000,17543000,0,18500000,57802000,0,235000,0,-525616000,0,None,390000,1378000,56631000,None,17543000,748000,18291000,None,None,None,583468000,110379000,9890000,-59277000,23470622,USD,None,561000,-2807000,0,4000000,785000,-191000,69000,-2906000,-5533000,-3511000,-149000,3248000,0,1004000,0,-6018000,2633000,2807000,-6018000,316000,-5217000,9.7,8.7
9,2018-03-31,USD,36721000,38072000,24797000,36721000,-1143000,-2661000,0,0,-1541000,0,36061000,208000,-1351000,2011000,398000,None,None,None,0,0,0,787000,-190000,-333000,-2328000,-2661000,None,USD,110618000,17785000,None,4163000,50817000,59801000,0,13616000,231000,-522710000,6610000,17691000,2768000,15060000,30673000,48000,48000,382000,18824000,53550000,1170000,24325000,112000,34327000,13534000,0,17009000,59801000,0,231000,0,-522710000,0,None,276000,1322000,57068000,None,13534000,6610000,20144000,None,None,None,581898000,110618000,15060000,-57553000,23094617,USD,None,-5209000,-2501000,19000,4000000,1172000,-1088000,-9054000,-2661000,-4298000,-2969000,-4912000,2019000,0,2260000,0,5900000,1674000,2520000,5900000,423000,-3875000,9.45,9.7
10,2017-12-31,USD,47074000,39830000,26746000,47074000,7736000,5308000,2200000,0,6177000,0,39538000,492000,7244000,2575000,1558000,None,None,None,0,-2283000,0,526000,3094000,-343000,5651000,5308000,None,USD,120218000,18478000,None,4608000,59904000,60314000,0,13054000,224000,-520049000,6534000,17648000,38826000,18874000,39844000,48000,48000,107000,17478000,63914000,894000,24188000,51000,40432000,13526000,0,26742000,60314000,580032000,224000,0,-520049000,0,None,268000,1538000,56304000,None,None,20060000,20060000,None,None,None,580032000,120218000,18874000,-56088000,22419417,USD,None,5340000,-2922000,0,68000,378000,-155000,965000,5309000,7359000,9903000,500000,2584000,0,310000,0,-4418000,-125000,2922000,-3705000,-468000,6891000,7.1,9.45
11,2017-09-30,USD,42467000,40719000,26675000,42467000,2149000,733000,0,0,2007000,0,38864000,401000,1748000,1855000,142000,None,None,None,0,-22830000,0,930000,0,-344000,1077000,733000,None,USD,104550000,8840000,None,4837000,50932000,53618000,0,11573000,224000,-525358000,3164000,22824000,35025000,12041000,34091000,48000,48000,57000,15369000,54156000,868000,21954000,109000,37278000,13677000,0,22470000,53618000,0,224000,0,-525358000,0,None,281000,2212000,50394000,None,13677000,3164000,16841000,None,None,None,578695000,104550000,12041000,-54930000,22390734,USD,None,1160000,-2384000,0,66000,1000,-40000,862000,733000,-102000,2281000,-342000,1907000,0,41000,0,1437000,1690000,2384000,-2867000,-836000,-938000,7.0,7.1
12,2017-06-30,USD,38510000,38860000,25606000,38510000,602000,-674000,0,0,554000,0,37029000,952000,-350000,1831000,48000,None,None,None,0,11415000,0,879000,0,-349000,-325000,-674000,None,USD,101568000,9560000,None,4563000,49688000,51880000,0,11376000,224000,-526091000,3107000,22803000,35731000,13031000,32981000,13600000,13600000,-7000,14376000,51461000,815000,19517000,161000,33867000,13600000,0,21605000,51880000,0,224000,0,-526091000,0,None,325000,2228000,50107000,None,13600000,3107000,16707000,None,None,None,577754000,101568000,13031000,-53880000,22394990,USD,None,3873000,-2537000,12000,-157000,222000,-60000,-976000,-675000,2302000,4617000,-1283000,1853000,0,439000,0,2154000,731000,2549000,117000,-967000,1335000,6.5,7.0
13,2017-03-31,USD,33569000,35504000,23025000,33569000,-1184000,-2183000,0,0,-1220000,0,33562000,751000,-1935000,1942000,37000,None,None,None,0,-2283000,0,627000,0,-336000,-1847000,-2183000,None,USD,96821000,10278000,None,3291000,45239000,51582000,0,11215000,221000,-525416000,3303000,22364000,35795000,11637000,41936000,13600000,13600000,562000,12562000,48464000,765000,18940000,102000,33536000,0,0,17121000,51582000,0,221000,0,-525416000,0,None,129000,2259000,48357000,None,None,3303000,3303000,None,None,None,576215000,96821000,11637000,-52496000,22083587,USD,None,-6799000,-11640000,-10140000,10000000,10382000,-60000,647000,-2183000,-4599000,-3341000,647000,1944000,0,382000,0,2037000,1014000,1500000,2037000,411000,-4188000,6.4,6.5
14,2016-12-31,USD,39183000,36762000,23855000,39183000,1602000,-234000,3500000,0,1440000,0,34903000,-819000,2421000,1859000,162000,None,None,None,0,-2283000,0,1263000,190000,-411000,177000,-234000,None,USD,93474000,10998000,None,3363000,41084000,52390000,0,11308000,218000,-523233000,5009000,13823000,28457000,15770000,36075000,3600000,3600000,287000,12236000,52781000,854000,27569000,47000,33648000,0,0,21167000,52390000,575118000,218000,0,-523233000,0,None,513000,2269000,40693000,None,None,5009000,5009000,None,None,None,575118000,93474000,15770000,-51089000,21845920,USD,None,2240000,-4908000,-3669000,3600000,3784000,-155000,541000,-233000,2820000,3944000,-201000,1922000,0,184000,0,-3848000,3595000,1239000,-3379000,-267000,2553000,5.9,6.4
15,2016-09-30,USD,35137000,34019000,22367000,35137000,1451000,2283000,0,0,1465000,0,32250000,333000,1118000,1769000,-14000,None,None,None,0,0,0,-685000,0,133000,2150000,2283000,None,USD,80720000,5477000,None,3657000,29409000,51311000,0,8735000,218000,-523000000,2657000,11712000,21380000,13269000,26752000,3600000,3600000,65000,12231000,47109000,822000,34122000,99000,30183000,0,0,18017000,51311000,0,218000,0,-523000000,0,None,505000,None,2864000,None,None,2657000,2657000,None,None,None,574028000,80720000,13269000,-51242000,21804173,USD,None,74000,-2510000,0,3600000,-179000,-75000,-719000,2282000,-1977000,712000,-719000,1773000,0,-104000,0,451000,38000,2510000,-2736000,-27000,-2004000,4.71,5.9
16,2016-06-30,USD,35291000,34662000,23431000,35291000,415000,-592000,0,0,427000,0,33051000,-214000,629000,1611000,-12000,None,None,None,0,0,0,460000,0,-559000,-33000,-592000,None,USD,77420000,5874000,None,2911000,28814000,48606000,0,8952000,218000,-525282000,2108000,11729000,20514000,15318000,26706000,3600000,3600000,307000,11120000,45786000,760000,31003000,144000,27557000,0,0,17754000,48606000,0,218000,0,-525282000,0,None,2151000,None,31634000,None,None,2108000,2108000,None,None,None,573363000,77420000,15318000,-49986000,21831025,USD,None,-173000,-1115000,0,3600000,-1129000,-95000,-488000,-592000,-1700000,544000,-488000,1594000,0,-1034000,0,2267000,1019000,1115000,-816000,1175000,-525000,5.22,4.71
17,2016-03-31,USD,31233000,32120000,21646000,31233000,110000,-552000,0,0,139000,0,30494000,997000,-887000,1626000,-29000,None,None,None,0,0,0,204000,0,-487000,-65000,-552000,None,USD,77225000,6283000,None,2628000,27509000,49716000,0,8772000,221000,-524690000,1831000,11873000,20812000,15799000,25678000,3600000,3600000,425000,11271000,45142000,686000,31560000,100000,26715000,0,0,16906000,0,0,221000,0,-524690000,0,None,1970000,None,32083000,None,None,1831000,1831000,None,None,None,573760000,77225000,15799000,-49222000,22062671,USD,None,1183000,-1023000,0,3600000,-2540000,-48000,-162000,-552000,1355000,4918000,-162000,1650000,0,-2492000,0,3083000,-284000,1023000,3083000,-778000,577000,4.72,5.22
18,2015-12-31,USD,33958000,28225000,22384000,33958000,6180000,2044000,3000000,0,6006000,0,26325000,447000,5733000,1900000,174000,None,None,None,0,-2283000,0,-803000,-3166000,-4765000,6809000,2044000,None,USD,80391000,6684000,None,2323000,27976000,52415000,0,8891000,227000,-524138000,1841000,11810000,21035000,15170000,26135000,3600000,3600000,794000,11580000,47776000,656000,33921000,48000,30283000,0,0,17244000,0,0,227000,0,-524138000,0,None,444000,1361000,80000,None,None,1841000,1841000,None,None,None,575532000,80391000,15170000,-48167000,22681656,USD,None,1341000,-1050000,263000,-100000,-865000,-1000,-224000,2044000,-825000,1090000,-977000,2055000,0,-764000,0,5636000,-351000,1313000,-3022000,274000,-551000,3.72,4.72
19,2015-09-30,USD,33923000,34653000,23507000,33923000,-2996000,-3409000,0,0,-2988000,0,32874000,-2266000,-730000,1779000,-8000,None,None,None,0,0,0,421000,0,0,-3409000,-3409000,None,USD,77949000,7131000,None,3141000,26775000,51174000,0,6301000,229000,-526182000,1934000,11589000,20373000,15771000,24841000,None,None,871000,11340000,46236000,825000,32454000,98000,27324000,0,0,18540000,0,0,229000,0,-526182000,0,None,828000,None,31713000,None,None,1934000,1934000,None,None,None,576256000,77949000,15771000,-46993000,22872100,USD,None,163000,-972000,0,None,-6952000,-31000,None,-3409000,-3043000,4881000,2278000,1679000,0,-6921000,0,8658000,1905000,972000,2265000,-966000,-4009000,3.77,3.72
