,fiscalDateEnding,reportedCurrency_x,totalRevenue,totalOperatingExpense,costOfRevenue,grossProfit,ebit,netIncome_x,researchAndDevelopment,effectOfAccountingCharges,incomeBeforeTax,minorityInterest,sellingGeneralAdministrative,otherNonOperatingIncome,operatingIncome,otherOperatingExpense,interestExpense,taxProvision,interestIncome,netInterestIncome,extraordinaryItems,nonRecurring,otherItems,incomeTaxExpense,totalOtherIncomeExpense,discontinuedOperations,netIncomeFromContinuingOperations,netIncomeApplicableToCommonShares,preferredStockAndOtherAdjustments,reportedCurrency_y,totalAssets,intangibleAssets,earningAssets,otherCurrentAssets,totalLiabilities,totalShareholderEquity,deferredLongTermLiabilities,otherCurrentLiabilities,commonStock,retainedEarnings,otherLiabilities,goodwill,otherAssets,cash,totalCurrentLiabilities,shortTermDebt,currentLongTermDebt,otherShareholderEquity,propertyPlantEquipment,totalCurrentAssets,longTermInvestments,netTangibleAssets,shortTermInvestments,netReceivables,longTermDebt,inventory,accountsPayable,totalPermanentEquity,additionalPaidInCapital,commonStockTotalEquity,preferredStockTotalEquity,retainedEarningsTotalEquity,treasuryStock,accumulatedAmortization,otherNonCurrrentAssets,deferredLongTermAssetCharges,totalNonCurrentAssets,capitalLeaseObligations,totalLongTermDebt,otherNonCurrentLiabilities,totalNonCurrentLiabilities,negativeGoodwill,warrants,preferredStockRedeemable,capitalSurplus,liabilitiesAndShareholderEquity,cashAndShortTermInvestments,accumulatedDepreciation,commonStockSharesOutstanding,reportedCurrency,investments,changeInLiabilities,cashflowFromInvestment,otherCashflowFromInvestment,netBorrowings,cashflowFromFinancing,otherCashflowFromFinancing,changeInOperatingActivities,netIncome_y,changeInCash,operatingCashflow,otherOperatingCashflow,depreciation,dividendPayout,stockSaleAndPurchase,changeInInventory,changeInAccountReceivables,changeInNetIncome,capitalExpenditures,changeInReceivables,changeInExchangeRate,changeInCashAndCashEquivalents,clossingVal,nextClossingVal
0,2020-06-30,USD,1308000,3567000,1137000,171000,-1912000,-2249000,None,None,-2232000,17000,None,None,-2259000,None,None,0,None,246000,None,None,None,None,-219000,None,-2232000,-2249000,None,USD,19034000,None,None,75000,6407000,12610000,None,None,146000,-66393000,774000,None,27000,353000,4680000,None,391000,None,850000,2015000,None,-3532000,None,1354000,631000,233000,2083000,None,None,None,None,None,None,None,27000,None,17019000,578000,None,None,1727000,None,None,None,None,None,None,None,None,USD,14000,-103000,14000,None,638000,1895000,None,393000,-2249000,-64000,-1973000,None,347000,None,None,-38000,-809000,833000,41000,None,None,None,1.42,
1,2020-03-31,USD,1216000,2328000,1091000,125000,-3205000,-3205000,None,None,-3205000,17000,None,-1002000,-2203000,None,None,0,223000,-713000,None,None,None,None,-289000,None,-3205000,-6549000,3344000,USD,18995000,16400000,None,197000,7710000,11285000,None,2540000,95000,-64144000,402000,None,25000,417000,6739000,180000,2472000,None,415000,1692000,None,-5115000,None,883000,194000,195000,4019000,None,None,95000,None,-64144000,None,None,488000,None,17303000,623000,194000,777000,971000,None,None,None,75334000,18995000,417000,None,9506126,USD,-24000,437000,-24000,None,-145000,1182000,-23000,211000,-3205000,-431000,-1589000,-1883000,945000,None,1350000,-11000,-577000,-500000,24000,-577000,None,-431000,0.6999,1.42
2,2019-12-31,USD,688000,4258000,707000,-19000,-3851000,-3781000,None,None,-3851000,17000,2668000,426000,-4277000,1590000,None,-70000,260000,-175000,None,None,None,-70000,-989000,None,-3781000,-3781000,None,USD,19511000,16658000,None,272000,6306000,13205000,None,438000,79000,-60939000,1338000,None,25000,848000,4334000,321000,463000,None,431000,1878000,None,-3453000,None,574000,198000,184000,3575000,None,None,79000,None,-60939000,None,None,544000,None,17633000,697000,198000,1774000,1972000,None,None,None,74065000,19511000,848000,None,7898117,USD,-6000,-221000,-6000,None,-144000,1311000,-2000,111000,-3781000,-835000,-2140000,-2047000,399000,None,1457000,-2000,-123000,-146000,6000,-123000,None,-835000,2.05,0.6999
3,2019-09-30,USD,784000,2391000,756000,28000,-1897000,-1897000,None,None,-1897000,17000,2391000,466000,-2363000,None,-97000,0,466000,-97000,None,None,None,None,563000,None,-1897000,-1897000,None,USD,22525000,18506000,None,398000,7231000,15294000,70000,328000,71000,-57158000,1888000,None,25000,1683000,4640000,454000,488000,None,464000,2956000,None,-3212000,None,693000,207000,182000,3858000,None,None,71000,None,-57158000,None,None,599000,None,19569000,771000,207000,2314000,2591000,None,None,None,72381000,22525000,1683000,None,7136117,USD,-19000,-460000,-19000,None,-98000,2647000,-16000,-80000,-1897000,514000,-2114000,-1756000,320000,None,2761000,7000,-71000,-154000,19000,-71000,None,514000,2.61,2.05
4,2019-06-30,USD,942000,2467000,770000,172000,-5913000,-5913000,None,None,-5913000,None,2467000,-3618000,-2295000,None,-2048000,0,-1438000,-178000,None,None,None,None,-3440000,None,-5913000,-5913000,None,USD,22205000,18764000,None,90000,7978000,14227000,70000,321000,60000,-55261000,2451000,None,25000,1169000,4750000,103000,142000,None,458000,2331000,None,-4537000,None,883000,223000,189000,4326000,None,None,60000,None,-55261000,None,None,652000,None,19874000,817000,223000,2935000,3228000,None,None,None,69428000,22205000,1169000,None,5993369,USD,-27000,-1006000,-27000,None,1658000,3902000,-15000,-83000,-5913000,867000,-3008000,-4410000,333000,None,2259000,-40000,-341000,2456000,27000,-341000,None,867000,3.38,2.61
5,2019-03-31,USD,713000,2097000,675000,38000,-1652000,-1652000,None,None,-1652000,None,2097000,407000,-2059000,None,-23000,0,240000,-23000,None,None,None,None,430000,None,-1652000,-1652000,None,USD,21639000,19028000,None,181000,11806000,9833000,70000,314000,43000,-49348000,1007000,None,25000,302000,9951000,3290000,3290000,None,464000,1433000,None,-9195000,None,801000,238000,149000,6347000,None,None,43000,None,-49348000,None,None,714000,None,20206000,889000,238000,1547000,1855000,None,None,None,59138000,21639000,302000,None,4304929,USD,-3000,-171000,-3000,None,91000,1803000,-14000,282000,-1652000,-79000,-1879000,-1548000,177000,None,1726000,48000,-315000,-70000,3000,-315000,None,-79000,0.125,3.38
6,2018-12-31,USD,685000,5201000,648000,37000,-6854000,-6575000,1100000,0,-6854000,0,2085000,-1690000,-5164000,0,-381000,-279000,None,None,0,3116000,0,-279000,-4806000,0,-6575000,-6949000,374000,USD,21605000,19291000,None,19816000,15482000,6123000,None,3344000,345000,-47696000,1309000,None,25000,381000,13765000,4914000,810000,None,496000,1793000,None,6123000,None,715000,253000,197000,7224000,None,None,345000,None,-47696000,None,None,None,None,496000,None,408000,None,None,None,None,None,53474000,21605000,381000,None,34481083,USD,None,-540000,-31000,None,756000,2146000,-120000,-209000,-6575000,162000,-1953000,-3558000,202000,None,1390000,-22000,-219000,2184000,31000,-219000,None,162000,0.154,0.125
7,2018-09-30,USD,650000,4106000,661000,-11000,-3849000,-3849000,0,0,-3849000,0,2831000,268000,-4117000,0,-232000,None,None,None,0,1275000,0,-139500,-1007000,0,-3849000,-3849000,None,USD,24650000,19554000,None,23084000,15470000,9180000,0,4570000,238000,-41121000,2446000,3116000,25000,219000,10289000,1134000,909000,None,489000,1466000,None,9180000,0,683000,337000,175000,7736000,0,0,238000,0,-41121000,0,None,None,None,489000,None,337000,1693000,2030000,None,None,None,50063000,24650000,219000,None,23755872,USD,None,1458000,-22000,0,1181000,1360000,-120000,655000,-3849000,148000,-1190000,-4099000,352000,0,179000,-4000,-76000,1179000,22000,-76000,None,148000,0.3952,0.154
8,2018-06-30,USD,817000,2358000,642000,175000,-2831000,-2831000,0,0,-2831000,0,2358000,-648000,-2183000,0,-48000,None,None,None,0,-294000,0,0,-648000,0,-2831000,-3165000,334000,USD,25889000,19817000,None,24372000,13690000,12199000,0,4885000,226000,-37272000,1565000,4391000,25000,71000,9282000,1079000,831000,None,498000,1158000,None,12199000,0,777000,143000,171000,6577000,0,0,226000,0,-37272000,0,None,None,None,498000,None,143000,1006000,1149000,None,None,None,49245000,25889000,71000,None,22559572,USD,None,-543000,-39000,0,1423000,2290000,-138000,-515000,-2831000,-215000,-2466000,-2786000,337000,0,867000,-12000,-340000,878000,39000,-340000,None,-215000,0.3678,0.3952
9,2018-03-31,USD,712000,2472000,688000,24000,-2439000,-2439000,0,0,-2439000,0,2178000,9000,-2448000,0,-8000,None,None,None,0,294000,0,0,-285000,0,-2439000,-5953000,3514000,USD,26093000,20138000,None,24738000,12685000,13408000,0,4433000,197000,-33981000,940000,4391000,25000,286000,8751000,827000,676000,None,333000,1206000,None,13408000,0,577000,124000,159000,7301000,0,0,197000,0,-33981000,0,None,None,None,333000,None,124000,None,124000,None,None,None,47192000,26093000,286000,None,19668572,USD,None,184000,-5000,0,172000,1015000,-138000,446000,-2439000,-135000,-1145000,-2221000,353000,0,843000,2000,94000,443000,5000,94000,None,-135000,0.5372,0.3678
10,2017-12-31,USD,535000,9716000,341000,194000,-8899000,-8972000,500000,0,-8899000,0,2327000,623000,-9522000,0,-59000,None,None,None,0,8300000,0,0,-7795000,-73000,-8899000,-12391000,-5677000,USD,27260000,20458000,None,25573000,14235000,13025000,0,5877000,102000,-31542000,1257000,4685000,22000,421000,10036000,750000,587000,None,353000,1742000,None,13025000,0,752000,841000,161000,6418000,0,0,102000,0,-31542000,0,None,None,None,353000,None,841000,None,841000,None,None,None,44465000,27260000,421000,None,10196620,USD,None,80000,-143000,0,-12000,2392000,-138000,-65000,-9975000,40000,-2209000,-11285000,348000,0,2404000,-61000,-366000,9075000,163000,-366000,None,40000,1.2,0.5372
11,2017-09-30,USD,270000,3556000,347000,-77000,-6280000,-6280000,134000,0,-6280000,0,2541000,-2647000,-3633000,0,0,None,None,None,0,1015000,0,0,0,219000,-6280000,-10128000,7696000,USD,34977000,20779000,None,33723000,14571000,20406000,0,1738000,94000,-21567000,710000,12817000,14000,381000,13735000,217000,42000,None,255000,1112000,None,20406000,0,519000,618000,99000,11998000,0,0,94000,0,-21567000,0,None,None,None,255000,None,618000,None,618000,None,None,None,41879000,34977000,381000,None,9446878,USD,None,-1384000,101000,0,-1982000,2998000,-138000,-1547000,-10719000,-586000,-3584000,-6176000,2188000,0,4980000,8000,129000,1773000,20000,7000,None,-586000,2.16,1.2
12,2017-06-30,USD,260000,777000,284000,-24000,-3680000,-3680000,-268000,0,-3680000,0,-3240000,-2879000,-801000,0,0,None,None,None,0,-16600000,0,0,0,-219000,-3680000,-8928000,10496000,USD,37010000,21100000,None,35132000,17241000,19769000,0,1738000,64000,-15287000,789000,13832000,18000,967000,16314000,865000,865000,None,262000,1798000,None,19752000,0,587000,618000,108000,14020000,0,0,64000,17000,-15287000,0,None,None,None,262000,None,618000,None,618000,None,None,None,34975000,37010000,967000,None,6407860,USD,None,-606000,101000,101000,1288000,1713000,-25000,251948,-4439000,967000,-847000,43000,57000,0,425000,-2000,136000,-258000,0,-81000,None,967000,9.0,2.16
13,2017-03-31,USD,658000,1754000,459000,199000,-1835000,-1762000,134000,0,-1835000,0,1620000,-280000,-1555000,0,0,None,None,None,0,8300000,0,0,0,73000,-1835000,-1762000,None,USD,1229000,531000,None,755000,21872000,-20643000,0,1662000,268000,-227255000,743000,0,4000,59000,21129000,7368000,7368000,None,127000,567000,None,-20645000,0,283000,0,15000,12099000,0,0,268000,2000,-227255000,0,None,None,None,127000,None,None,743000,743000,None,None,None,206342000,1229000,59000,None,26863062,USD,None,1380000,0,0,-1000,-1000,None,-45000,-1762000,-51000,-50000,-1880000,48000,0,0,9000,55000,448000,0,-55000,None,-51000,0.562,9.0
14,2016-12-31,USD,359000,2157000,285000,74000,-2107000,-1429000,357000,0,-2107000,0,1800000,-24000,-2083000,0,-518000,None,None,None,0,9315000,0,0,-515000,0,-2107000,-1801000,-414000,USD,1259000,562000,None,698000,20609000,-19350000,0,1699000,264000,-225493000,785000,0,10000,110000,19824000,7814000,395000,None,144000,495000,None,-19352000,0,283000,4127000,24000,10311000,0,0,264000,2000,-225493000,0,None,None,None,144000,None,None,785000,785000,None,None,None,205877000,1259000,110000,None,26446927,USD,None,510000,-42000,0,-1000,15000,-10000,631000,-1429000,39000,24000,-1955000,-2000,0,16000,12000,-310000,1504000,143000,-45000,None,39000,0.2842,0.562
15,2016-09-30,USD,457000,1645000,430000,27000,-1892000,-1926000,393000,0,-1892000,0,1252000,-274000,-1618000,0,0,None,None,None,0,0,0,0,0,653000,-1892000,-1926000,None,USD,2078000,982000,None,1561000,19902000,-17824000,0,1244000,241000,-219589000,1642000,0,58000,71000,18260000,7814000,7814000,None,172000,866000,None,-17826000,0,238000,0,36000,9202000,0,0,241000,2000,-219589000,0,None,None,None,172000,None,None,1642000,1642000,None,None,None,201522000,2078000,71000,None,24139130,USD,None,538000,70000,70000,-1000,399000,None,-28000,-1926000,-350000,-819000,-1865000,75000,0,400000,3000,-12000,284000,19000,146000,None,-350000,0.282,0.2842
16,2016-06-30,USD,505000,1838000,542000,-37000,-2179000,-997000,402000,0,-2179000,0,1436000,-304000,-1875000,0,0,None,None,None,0,0,0,0,0,0,-2179000,-997000,None,USD,3094000,1029000,None,2044000,19384000,-16290000,0,1179000,231000,-217663000,None,0,58000,421000,17719000,7814000,None,None,204000,1803000,None,-16292000,0,386000,0,39000,8726000,0,0,231000,2000,-217663000,0,None,None,None,204000,None,None,1665000,1665000,None,None,None,201140000,3094000,421000,None,23103875,USD,None,507000,962000,962000,None,68000,None,None,-997000,199000,-831000,-1967000,106000,0,68000,5000,134000,725000,19000,-207000,None,199000,0.55,0.282
17,2016-03-31,USD,236000,1974000,505000,-269000,-2091000,-3264000,270000,0,-2091000,0,1704000,152000,-2243000,0,0,None,None,None,0,0,0,0,0,0,-2091000,-3285000,21000,USD,3592000,0,None,2831000,19002000,-15410000,0,1280000,207000,-216666000,None,0,0,222000,17281000,7346000,None,None,237000,2121000,None,-15434000,0,258000,0,44000,8655000,0,0,207000,24000,-216666000,0,None,None,None,237000,None,None,1721000,1721000,None,None,None,201025000,3592000,222000,None,20695870,USD,None,766000,-26000,-7000,-51000,1728000,None,None,-3264000,-222000,-1924000,-2050000,83000,0,1779000,6000,-73000,-802000,19000,73000,None,-222000,0.5836,0.55
18,2015-12-31,USD,-15860000,-13050000,-7963000,-7897000,4809000,-19339000,149000,0,4809000,0,-6175000,-344000,5153000,0,-188240,None,None,None,0,9315000,0,554000,-176402,-23092000,4411000,-19670000,-2317000,USD,4816000,0,None,3694000,17636000,-12820000,0,1549000,139000,-213412000,655000,0,10000,444000,16981000,7596000,575157,10000,259000,3282000,None,-12860000,0,369000,210639,50000,7836000,0,0,139000,40000,-213412000,0,None,None,None,259000,None,None,655000,655000,None,None,None,200403000,4816000,444000,None,13915691,USD,None,2490000,166000,90000,1171861,8000,-20918,19513,-19339000,-2776000,-2950000,3231000,-1038000,0,8000,-155000,-583247,-14266000,76000,6746000,433000,-2343000,1.07,0.5836
19,2015-09-30,USD,3960000,10688000,2196000,1764000,-8719000,-7299000,561000,0,-8719000,0,3103000,205000,-8924000,0,0,None,None,None,0,7024000,0,-486000,0,0,-8233000,-7630000,331000,USD,24450000,0,None,11983000,17733000,6717000,0,3206000,139000,-194073000,None,0,0,2787000,16147000,6275000,None,326000,303000,16104000,None,6677000,0,9377000,525000,0,6666000,0,0,139000,40000,-194073000,0,None,None,None,303000,None,525000,1061000,1586000,None,None,None,200285000,24450000,2787000,None,None,USD,None,-942000,1861000,1947000,-727000,2033000,None,None,-7299000,478000,-3416000,-14115000,416000,0,2760000,0,6613000,7570000,86000,-2619000,None,478000,0.9232,1.07
