,fiscalDateEnding,reportedCurrency_x,totalRevenue,totalOperatingExpense,costOfRevenue,grossProfit,ebit,netIncome_x,researchAndDevelopment,effectOfAccountingCharges,incomeBeforeTax,minorityInterest,sellingGeneralAdministrative,otherNonOperatingIncome,operatingIncome,otherOperatingExpense,interestExpense,taxProvision,interestIncome,netInterestIncome,extraordinaryItems,nonRecurring,otherItems,incomeTaxExpense,totalOtherIncomeExpense,discontinuedOperations,netIncomeFromContinuingOperations,netIncomeApplicableToCommonShares,preferredStockAndOtherAdjustments,reportedCurrency_y,totalAssets,intangibleAssets,earningAssets,otherCurrentAssets,totalLiabilities,totalShareholderEquity,deferredLongTermLiabilities,otherCurrentLiabilities,commonStock,retainedEarnings,otherLiabilities,goodwill,otherAssets,cash,totalCurrentLiabilities,shortTermDebt,currentLongTermDebt,otherShareholderEquity,propertyPlantEquipment,totalCurrentAssets,longTermInvestments,netTangibleAssets,shortTermInvestments,netReceivables,longTermDebt,inventory,accountsPayable,totalPermanentEquity,additionalPaidInCapital,commonStockTotalEquity,preferredStockTotalEquity,retainedEarningsTotalEquity,treasuryStock,accumulatedAmortization,otherNonCurrrentAssets,deferredLongTermAssetCharges,totalNonCurrentAssets,capitalLeaseObligations,totalLongTermDebt,otherNonCurrentLiabilities,totalNonCurrentLiabilities,negativeGoodwill,warrants,preferredStockRedeemable,capitalSurplus,liabilitiesAndShareholderEquity,cashAndShortTermInvestments,accumulatedDepreciation,commonStockSharesOutstanding,reportedCurrency,investments,changeInLiabilities,cashflowFromInvestment,otherCashflowFromInvestment,netBorrowings,cashflowFromFinancing,otherCashflowFromFinancing,changeInOperatingActivities,netIncome_y,changeInCash,operatingCashflow,otherOperatingCashflow,depreciation,dividendPayout,stockSaleAndPurchase,changeInInventory,changeInAccountReceivables,changeInNetIncome,capitalExpenditures,changeInReceivables,changeInExchangeRate,changeInCashAndCashEquivalents,clossingVal,nextClossingVal
0,2020-06-30,USD,282256000,233413000,196106000,282256000,48843000,36998000,None,None,51770000,None,227305000,None,48843000,6108000,1498000,14471000,None,-1498000,None,None,None,14471000,4425000,-301000,37299000,-12819000,None,USD,654334000,92242000,None,23498000,288577000,360458000,34348000,102326000,19000,185917000,73377000,135216000,8365000,44999000,201314000,None,None,None,20793000,245880000,131974000,138299000,None,177383000,None,None,98988000,None,None,19000,None,185917000,-227911000,None,28229000,None,408454000,21101000,None,52915000,87263000,None,5299000,None,402433000,654334000,44999000,None,19254090,USD,-78421000,36669000,-78421000,-77665000,-162000000,-239324000,-82883000,50247000,36998000,-209389000,108356000,33760000,2436000,-866000,6388000,None,722000,-2229000,756000,722000,None,-209389000,78.91,
1,2020-03-31,USD,367291000,357246000,332661000,367291000,10045000,16098000,None,None,7254000,None,353456000,None,10045000,3790000,241000,-9046000,-2791000,-241000,-202000,None,None,-9046000,-2550000,-202000,16300000,12998000,None,USD,797115000,18353000,None,32588000,391637000,328358000,34497000,82313000,18000,198736000,49507000,135216000,11415000,254444000,329143000,162000000,162000000,None,22586000,462754000,128098000,251909000,None,175722000,None,None,84830000,None,None,18000,None,198736000,-225024000,None,30108000,None,334361000,20000000,None,27997000,62494000,None,77120000,None,354628000,797115000,254444000,None,18192644,USD,-1574000,14270000,-1574000,None,162000000,155546000,-77000,-43510000,16098000,192804000,38832000,-17296000,2264000,-1095000,-5245000,None,7484000,16012000,1574000,7484000,None,192804000,54.88,78.91
2,2019-12-31,USD,385110000,-1191993000,-1401152000,1786262000,7356000,-6058000,None,None,-15951000,None,-119484000,None,7554000,-1072509000,58000,-4513000,-23583000,-57000,5379000,None,None,-4513000,-23448000,5380000,-11438000,-6196000,None,USD,597381000,19911000,None,11097000,202669000,317592000,22907000,95450000,18000,183733000,37936000,135216000,11620000,61518000,150186000,308000,308000,None,23243000,256427000,130869000,239585000,None,183812000,45000,None,63567000,None,None,18000,None,183733000,-217688000,None,31715000,None,340954000,21232000,45000,14502000,37454000,None,77120000,None,351529000,597381000,61518000,None,18073763,USD,-3556000,-20666000,-3556000,None,641000,2638000,-77000,-52944000,-6058000,19953000,20871000,2972000,-2373000,-1108000,3823000,None,14446000,26316000,3556000,14446000,None,19953000,59.18,54.88
3,2019-09-30,USD,393385000,376398000,356271000,393385000,17053000,8154000,None,None,13677000,None,15979000,66000,16987000,360419000,188000,5097000,-3376000,-188000,-426000,None,None,5097000,-3122000,-426000,8580000,6104000,None,USD,620542000,21470000,None,11757000,223653000,319655000,24339000,125265000,18000,190857000,42904000,135216000,12196000,41470000,165841000,308000,308000,None,21968000,254894000,154532000,240203000,None,201667000,122000,None,40268000,None,None,18000,None,190857000,-217254000,None,32462000,None,365648000,21528000,122000,33351000,57812000,None,77234000,None,346034000,620542000,41470000,None,17967996,USD,-3025000,10110000,-3025000,None,-12000000,-6674000,-75000,61411000,8153000,7299000,16998000,23866000,4220000,-1110000,-5489000,None,-36985000,7634000,3025000,-36985000,None,7299000,59.46,59.18
4,2019-06-30,USD,363911000,367161000,345948000,363911000,-3184000,-1712000,None,None,-4800000,None,16860000,66000,-3250000,350301000,301000,-1391000,-3576000,-301000,966000,None,None,-1391000,-1249000,1697000,-3409000,-2810000,None,USD,605832000,23028000,None,43999000,211355000,317243000,20909000,100930000,18000,183812000,36698000,135216000,12124000,31636000,160648000,308000,308000,None,21548000,236614000,157948000,236233000,None,160979000,199000,None,59410000,None,None,18000,None,183812000,-211263000,None,31478000,None,369218000,20702000,199000,29599000,50707000,None,77234000,None,344676000,605832000,31636000,None,17947072,USD,-2595000,-6750000,-2595000,None,12000000,2152000,-421000,-30148000,-1711000,-16203000,-15760000,-4951000,4452000,-1098000,3671000,None,-9020000,2220000,2595000,-9020000,None,-16203000,57.34,59.46
5,2019-03-31,USD,367815000,364374000,340498000,367815000,3507000,582000,None,None,1548000,None,19401000,66000,3441000,344973000,303000,234000,-1959000,-303000,-731000,None,None,234000,-1590000,-732000,1314000,-535000,None,USD,613388000,24587000,None,40624000,221060000,314936000,22240000,127088000,18000,186622000,34712000,135216000,11140000,44286000,171469000,650000,650000,None,21809000,240014000,159546000,232525000,None,155104000,276000,None,43731000,None,None,18000,None,186622000,-211108000,None,32216000,None,373374000,22366000,276000,27075000,49591000,None,77392000,None,339404000,613388000,44286000,None,17867747,USD,-1682000,20696000,-1682000,None,-145000,1108000,-145000,29846000,582000,38257000,38831000,8268000,4576000,-1087000,2340000,None,1631000,3078000,1682000,1631000,None,38257000,66.62,57.34
6,2018-12-31,USD,145806000,128683000,329078000,145806000,21011000,-20350000,0,0,13988000,1809000,-764102000,3888000,17123000,902666000,865000,None,None,None,-37408000,0,0,-3071000,-16525000,-37538000,17059000,-21996000,None,USD,572246000,26146000,None,51218000,183856000,310998000,None,94146000,18000,187127000,40620000,135216000,15436000,7160000,142883000,718000,718000,None,22965000,210980000,161503000,227028000,None,152602000,353000,None,88639000,None,None,18000,None,187127000,-210891000,None,12835000,None,2601000,None,353000,None,353000,None,77392000,None,334744000,572246000,7160000,None,17784769,USD,None,-26000000,12671000,16998000,-36000000,-37699000,-509000,-85213000,-20479000,-39599000,-14571000,-52358000,7464000,-1111000,-79000,None,31514000,76285000,4327000,517000,None,-39620000,60.02,66.62
7,2018-09-30,USD,421319000,414452000,391608000,421319000,11395000,7154000,0,0,11048000,177000,16203000,4528000,6867000,398249000,347000,None,None,None,0,0,0,4259000,584000,542000,6789000,5298000,None,USD,703959000,52668000,None,27292000,326724000,301640000,44716000,138755000,18000,208589000,62325000,160420000,18659000,216345000,263969000,37149000,None,-28102000,47027000,261088000,164097000,165956000,1624000,200207000,430000,0,88065000,299831000,331947000,18000,77404000,208589000,-210812000,None,None,None,260115000,None,430000,17609000,62755000,None,77404000,None,331947000,703959000,216345000,None,17779646,USD,None,-10789000,-52331000,-47929000,35323000,34150000,-736000,46587000,7331000,12205000,30386000,23742000,6740000,-1112000,-2000,0,2479000,883000,4402000,2479000,74000,12279000,67.28,60.02
8,2018-06-30,USD,411794000,421108000,384071000,411794000,-9455000,-11215000,0,0,-9700000,-188000,404349000,-141000,-9314000,6878000,245000,None,None,None,0,9881000,0,1654000,-13867000,-49000,-11354000,-12321000,None,USD,680235000,39303000,None,67833000,310875000,293927000,38722000,144599000,18000,202548000,54807000,121138000,17276000,200816000,255561000,1714000,2221000,-27846000,47450000,289080000,165988000,210931000,11868000,203695000,507000,0,109248000,291915000,330009000,18000,77445000,202548000,-210802000,None,None,None,207891000,None,507000,16085000,55314000,None,77445000,None,330009000,680235000,200816000,None,17775131,USD,3130000,-11180000,-675000,3130000,-489000,-17747000,-918000,-14920000,-11403000,-51956000,-33534000,-7735000,7021000,-1101000,-15728000,0,-21579000,11342000,3805000,-21579000,-168000,-52124000,78.55,67.28
9,2018-03-31,USD,406046000,396446000,369875000,406046000,7902000,5430000,0,0,7576000,296000,389648000,-1698000,9600000,6798000,326000,None,None,None,0,0,0,1842000,-3384000,-8000,5734000,3762000,None,USD,720243000,42962000,None,52646000,321643000,323004000,40704000,133817000,18000,214869000,61203000,122540000,19828000,258369000,259796000,1712000,2356000,-23879000,50447000,318190000,166276000,235048000,11597000,193279000,644000,0,124267000,321054000,323966000,18000,77546000,214869000,-191970000,None,None,None,215949000,None,644000,20499000,61847000,None,77546000,None,323966000,720243000,258369000,None,17710006,USD,None,26362000,-4987000,3130000,677000,-30259000,-1304000,13220000,5726000,-9628000,25618000,-3232000,6964000,-1089000,-27866000,0,-12414000,2212000,4987000,-12414000,115000,-9513000,69.14,78.55
10,2017-12-31,USD,412251000,389951000,361702000,412251000,30008000,38926000,0,0,35076000,156000,383198000,13071000,16937000,6753000,295000,None,None,None,0,0,0,-3990000,25394000,16000,39066000,32942000,None,USD,704090000,43939000,None,35243000,290527000,338182000,0,105288000,17000,204818000,21386000,121668000,357384000,96401000,226930000,2400000,2984000,-25805000,50377000,296329000,169912000,250121000,11091000,164685000,584000,0,182255000,336017000,313955000,17000,77546000,204818000,-154803000,None,17233000,4632000,407761000,None,584000,None,584000,None,77546000,None,313955000,704090000,96401000,None,17473598,USD,-530000,-26253000,-4055000,1105000,None,-11441000,-120000,20329000,39084000,2618000,18114000,7940000,6919000,-1113000,-10208000,0,5715000,-25938000,4630000,16362000,514000,3132000,59.34,69.14
11,2017-09-30,USD,409517000,403208000,375572000,409517000,18255000,14853000,0,0,17953000,95000,396661000,11946000,6309000,6547000,302000,None,None,None,0,0,0,2989000,0,-16000,14964000,11962000,None,USD,708988000,45750000,None,39083000,327240000,306506000,54363000,22302000,17000,167004000,23968000,121555000,347621000,256345000,248343000,1528000,2094000,-26331000,48191000,313176000,None,216750000,11198000,198064000,566000,0,224513000,304199000,310017000,17000,77549000,167004000,-144201000,None,None,None,215496000,None,566000,23968000,78897000,None,77549000,None,310017000,708988000,256345000,None,17446673,USD,12823000,7283000,9664000,1389000,-973000,-1596000,-973000,27409000,14947000,35737000,27669000,11002000,6714000,-1114000,491000,0,10647000,-10579000,4548000,-1698000,-142000,35595000,54.08,59.34
12,2017-06-30,USD,407983000,401984000,376546000,407983000,7066000,3915000,0,0,6737000,-174000,395084000,1067000,5999000,6900000,329000,None,None,None,0,0,0,2879000,0,-117000,3858000,2434000,None,USD,682876000,46799000,None,47445000,319643000,288001000,55141000,29326000,17000,153266000,24750000,120818000,348892000,225100000,238621000,1918000,1918000,-29023000,47761000,286223000,None,197949000,11461000,194953000,1131000,0,207377000,285668000,307934000,17000,77565000,153266000,-144193000,None,None,None,215378000,None,1131000,24750000,81022000,None,77565000,None,307934000,682876000,225100000,None,17433365,USD,303000,-23593000,917000,5621000,-68000,-337000,-164000,-1579000,3740000,-26357000,-26937000,-1579000,7074000,-1101000,928000,0,8949000,-2567000,5007000,-10012000,58000,-26299000,50.61,54.08
13,2017-03-31,USD,399494000,392706000,366543000,399494000,4790000,-4325000,0,0,4438000,374000,386437000,-1998000,6788000,6269000,352000,None,None,None,0,0,0,2523000,0,-5866000,1915000,-5473000,None,USD,697756000,167419000,None,208747000,342709000,279551000,0,29855000,17000,150453000,25048000,119893000,350772000,255777000,258523000,1742000,1742000,-32248000,47112000,299872000,None,357116000,12624000,186120000,1199000,0,309913000,277482000,305521000,17000,77565000,150453000,-144192000,None,None,None,47112000,None,1199000,None,1199000,None,77565000,None,305521000,697756000,255777000,None,17406110,USD,-3000,33680000,-5712000,29000,-670000,-20414000,-670000,-1906000,-3951000,10072000,36198000,-1906000,6444000,-1090000,-18654000,0,1063000,868000,5738000,1063000,548000,10620000,44.44,50.61
14,2016-12-31,USD,283095000,310320000,349664000,283095000,-31776000,84420000,0,0,-25586000,-1649000,298533000,-4551000,-27225000,11787000,-6190000,None,None,None,0,-42006000,0,2965000,-42409000,111322000,-28551000,70985000,None,USD,694394000,49124000,None,38081000,319154000,300095000,1070000,29357000,17000,156718000,22655000,119624000,353263000,75454000,227318000,1721000,3611000,-33449000,46220000,294911000,161363000,208912000,13192000,181376000,1890000,0,286186000,297675000,302010000,17000,77565000,156718000,-125201000,None,19149000,4003000,399483000,None,1890000,None,1890000,None,77565000,None,302010000,694394000,75454000,None,17315661,USD,-7285000,-24879000,359055000,373628000,-325447000,-344594000,-882000,4948000,82771000,10963000,-3498000,70011000,6727000,-1110000,-17155000,0,-19332000,-135235000,7288000,-2893000,-1318000,9645000,38.05,44.44
15,2016-09-30,USD,412512000,402719000,377122000,412512000,8758000,650000,0,0,8056000,301000,396049000,-1035000,9793000,6670000,702000,None,None,None,0,126018000,0,4543000,0,-2562000,3513000,-717000,None,USD,1024057000,183371000,None,692629000,709955000,237367000,6586000,48471000,17000,73408000,109117000,126167000,643571000,67501000,593802000,322898000,322898000,-27971000,57451000,323035000,None,314932000,12475000,206476000,450000,0,222433000,236537000,299950000,17000,77565000,73408000,-108037000,None,None,None,57451000,None,None,109567000,116153000,None,77565000,None,299950000,1024057000,67501000,None,17313862,USD,251000,-1814000,-8973000,1068000,13250000,-5212000,18000,10332000,952000,-6701000,7484000,9331000,12549000,-1112000,-17368000,0,22116000,-2811000,10292000,-10723000,494000,-6207000,48.63,38.05
16,2016-06-30,USD,450632000,437237000,363618000,450632000,12711000,4623000,0,0,9275000,-628000,422423000,-684000,13395000,14814000,3436000,None,None,None,0,-84012000,0,5280000,0,-5838000,3995000,3104000,None,USD,1036265000,601076000,None,651147000,702617000,257180000,0,39080000,17000,73870000,29729000,337158000,643562000,71717000,311073000,35250000,35250000,-25163000,67324000,325379000,None,334745000,2893000,232763000,272828000,0,355459000,256083000,295813000,17000,77565000,73870000,-87357000,None,13314000,None,80638000,None,272828000,None,272828000,None,77565000,None,295813000,1036265000,71717000,None,17236344,USD,-3156000,39641000,-15643000,1335000,-250000,-13522000,170000,-24989000,3994000,-26302000,2863000,-23502000,15335000,-1098000,-12344000,0,6531000,-2882000,13822000,-29723000,-91000,-26393000,44.88,48.63
17,2016-03-31,USD,432650000,419996000,347284000,432650000,10012000,2235000,0,0,6377000,-106000,405660000,-2642000,12654000,14336000,3635000,None,None,None,0,21003000,0,4248000,0,1017000,2129000,1002000,None,USD,1025851000,614955000,None,646066000,677342000,271478000,0,36998000,17000,70345000,27451000,339227000,658945000,99120000,283586000,33313000,33313000,-18323000,61419000,305487000,None,349054000,3903000,203777000,274540000,0,332491000,270933000,270933000,17000,77576000,70345000,-74402000,None,13639000,1830000,76888000,None,274540000,None,274540000,None,77576000,None,293841000,1025851000,99120000,None,17210031,USD,-3234000,25404000,-10534000,2514000,7250000,-13211000,41000,-3222000,2129000,10889000,34634000,-31559000,14868000,-1099000,-19403000,0,24007000,-215000,9814000,24007000,-442000,10447000,51.07,44.88
18,2015-12-31,USD,248950000,274095000,363865000,248950000,-28503000,76396000,0,0,-30234000,-502000,263853000,-3358000,-25145000,10242000,1852000,None,None,None,0,21003000,0,-28849000,-38085000,103591000,-27697000,66014000,None,USD,1053976000,625980000,None,656698000,686268000,290584000,3774000,38801000,17000,69209000,25052000,340029000,676465000,104826000,295272000,31375000,31375000,-16831000,57787000,319724000,9324000,368160000,4012000,234665000,272470000,0,343622000,290132000,290132000,17000,77576000,69209000,-54823000,None,None,None,57787000,None,272470000,None,272470000,None,77576000,None,293012000,1053976000,104826000,None,17186780,USD,-2291000,-30348000,185808000,199337000,-178186000,-214616000,380000,23551000,75895000,-41259000,-12451000,27324000,14287000,-1114000,-35696000,0,-86627000,-95675000,11238000,-5085000,-448000,-41707000,46.92,51.07
19,2015-09-30,USD,432450000,425572000,350586000,432450000,2413000,-5571000,0,0,-660000,163000,412202000,-4465000,6878000,13370000,3809000,None,None,None,0,0,0,-3120000,0,-1791000,-3780000,-6687000,None,USD,1196553000,295602000,None,105899000,883622000,235053000,88765000,67699000,17000,-6067000,28363000,340854000,730545000,110621000,315459000,31000000,None,-14335000,51349000,414659000,None,-323684000,3897000,198139000,451035000,0,216760000,235212000,235212000,17000,77719000,-6067000,-18424000,None,94089000,None,781894000,None,451035000,28363000,568163000,None,77719000,None,273862000,1196553000,110621000,None,17136574,USD,-6000,-11916000,-13525000,-2807000,-6070000,-4793000,284000,None,-5572000,-16230000,2088000,21427000,15127000,-1116000,2109000,0,0,6143000,10712000,-23121000,-2454000,-18684000,43.58,46.92
