,fiscalDateEnding,reportedCurrency_x,totalRevenue,totalOperatingExpense,costOfRevenue,grossProfit,ebit,netIncome_x,researchAndDevelopment,effectOfAccountingCharges,incomeBeforeTax,minorityInterest,sellingGeneralAdministrative,otherNonOperatingIncome,operatingIncome,otherOperatingExpense,interestExpense,taxProvision,interestIncome,netInterestIncome,extraordinaryItems,nonRecurring,otherItems,incomeTaxExpense,totalOtherIncomeExpense,discontinuedOperations,netIncomeFromContinuingOperations,netIncomeApplicableToCommonShares,preferredStockAndOtherAdjustments,reportedCurrency_y,totalAssets,intangibleAssets,earningAssets,otherCurrentAssets,totalLiabilities,totalShareholderEquity,deferredLongTermLiabilities,otherCurrentLiabilities,commonStock,retainedEarnings,otherLiabilities,goodwill,otherAssets,cash,totalCurrentLiabilities,shortTermDebt,currentLongTermDebt,otherShareholderEquity,propertyPlantEquipment,totalCurrentAssets,longTermInvestments,netTangibleAssets,shortTermInvestments,netReceivables,longTermDebt,inventory,accountsPayable,totalPermanentEquity,additionalPaidInCapital,commonStockTotalEquity,preferredStockTotalEquity,retainedEarningsTotalEquity,treasuryStock,accumulatedAmortization,otherNonCurrrentAssets,deferredLongTermAssetCharges,totalNonCurrentAssets,capitalLeaseObligations,totalLongTermDebt,otherNonCurrentLiabilities,totalNonCurrentLiabilities,negativeGoodwill,warrants,preferredStockRedeemable,capitalSurplus,liabilitiesAndShareholderEquity,cashAndShortTermInvestments,accumulatedDepreciation,commonStockSharesOutstanding,reportedCurrency,investments,changeInLiabilities,cashflowFromInvestment,otherCashflowFromInvestment,netBorrowings,cashflowFromFinancing,otherCashflowFromFinancing,changeInOperatingActivities,netIncome_y,changeInCash,operatingCashflow,otherOperatingCashflow,depreciation,dividendPayout,stockSaleAndPurchase,changeInInventory,changeInAccountReceivables,changeInNetIncome,capitalExpenditures,changeInReceivables,changeInExchangeRate,changeInCashAndCashEquivalents,clossingVal,nextClossingVal
0,2020-06-30,USD,9326000,27772000,2236000,7090000,-17894000,-23059000,4561000,None,-23059000,None,20975000,None,-18446000,None,4971000,None,363000,-4608000,None,None,None,None,-5000,None,-23059000,-23059000,None,USD,227126000,None,None,None,290584000,-63458000,None,3604000,45000,-761934000,3498000,829000,994000,141945000,33925000,None,9790000,254000,3100000,222203000,None,-64287000,44873000,8664000,251586000,17626000,5579000,None,None,None,None,None,None,None,994000,None,4923000,1575000,None,3498000,256659000,None,None,None,None,None,None,None,None,USD,24962000,5523000,24962000,None,None,12069000,None,-215000,-23059000,16702000,-20329000,None,194000,None,None,-5677000,1579000,1326000,38000,None,None,None,5.22,
1,2020-03-31,USD,7920000,31498000,1471000,6449000,-22721000,-27617000,6389000,None,-27617000,None,23638000,None,-23578000,None,4826000,None,705000,-4121000,None,None,None,None,82000,None,-27617000,-27617000,None,USD,233660000,None,None,630000,288898000,-55238000,None,3595000,42000,-738875000,3652000,829000,2409000,124624000,43109000,None,20751000,471000,3416000,227006000,None,-56067000,70166000,10887000,240299000,13472000,663000,None,None,None,None,None,None,None,2409000,None,6654000,1838000,240299000,3652000,245789000,None,None,None,683124000,None,194790000,None,42000000,USD,43116000,-7758000,43116000,43369000,None,9092000,-3000,118000,-27617000,21882000,-30326000,None,70000,None,9092000,-137000,-2079000,7077000,253000,None,None,None,3.15,5.22
2,2019-12-31,USD,8967000,32147000,1753000,7214000,-22438000,-27365000,9133000,None,-27064000,None,21261000,None,-23180000,None,4626000,301000,701000,-3925000,None,None,None,301000,41000,None,-27365000,-27365000,None,USD,251079000,None,None,324000,290726000,-39647000,None,3388000,40000,-711258000,3703000,829000,3155000,102302000,24200000,None,None,74000,3741000,243354000,None,-40476000,113077000,8475000,260728000,11579000,4116000,None,None,None,None,None,None,None,3155000,None,7725000,2095000,260728000,3703000,266526000,None,None,None,671497000,None,215379000,None,33000000,USD,7676000,-1469000,7676000,134793000,None,24845000,None,13000,-27365000,-3009000,-35530000,None,-168000,None,27068000,-3301000,-5176000,1936000,194000,None,None,None,4.03,3.15
3,2019-09-30,USD,3934000,32944000,958000,2976000,-28054000,-32614000,8350000,None,-32614000,None,23636000,None,-29010000,None,4560000,0,992000,-3568000,None,None,None,None,-36000,None,-32614000,-32614000,None,USD,252774000,None,None,788000,293380000,-40606000,None,1020000,33000,-683893000,5608000,829000,3101000,104907000,25018000,None,None,148000,3668000,245176000,0,-41435000,120730000,3976000,260410000,8826000,3956000,None,None,None,None,None,None,None,3101000,None,7598000,2344000,260410000,5608000,268362000,None,None,None,643106000,None,225637000,None,33000000,USD,2699000,4362000,2699000,126923000,-1234000,695000,None,281000,-32614000,-24771000,-28165000,None,-231000,None,2223000,-4587000,-2648000,7272000,34000,None,None,None,4.32,4.03
4,2019-06-30,USD,2045000,32166000,567000,1478000,-29210000,-33201000,10679000,None,-33201000,None,20920000,None,-30121000,None,3991000,0,935000,-3056000,None,None,None,None,-24000,None,-33201000,-33201000,None,USD,276577000,None,None,1142000,290254000,-13677000,None,971000,32000,-651279000,5491000,829000,3281000,129164000,22080000,None,None,216000,3783000,268684000,0,-14506000,123183000,2557000,260097000,7572000,2511000,None,None,None,None,None,None,None,3281000,None,7893000,2586000,260097000,5491000,268174000,None,None,None,637354000,None,252347000,None,32000000,USD,54190000,-743000,54190000,124190000,31788000,32082000,None,447000,-33201000,51678000,-34594000,None,-408000,None,294000,-1589000,-1056000,1956000,11000,None,None,None,3.99,4.32
5,2019-03-31,USD,1598000,34914000,206000,1392000,-31899000,-35610000,11392000,None,-35610000,None,23316000,None,-33316000,None,3226000,0,-2280000,-2280000,None,None,None,None,-14000,None,-35610000,-35610000,None,USD,272444000,None,None,266000,256413000,16031000,None,836000,32000,-618078000,5365000,829000,669000,81219000,18985000,None,None,72000,4099000,266847000,0,15202000,176683000,2499000,229241000,1978000,3088000,None,None,None,None,None,None,None,669000,None,5597000,2822000,229241000,5365000,237428000,None,None,None,634005000,None,257902000,None,32000000,USD,69989000,-1776000,69989000,70000000,31788000,0,None,-769000,-35610000,34233000,-35756000,None,485000,None,None,-1379000,-2348000,6611000,11000,None,None,None,5.36,3.99
6,2018-12-31,USD,17016000,37065000,11802000,5214000,-20049000,-22791000,41467000,0,-22289000,0,25263000,None,-20049000,0,-3192000,None,None,None,0,0,0,502000,-2240000,0,-22791000,-22791000,None,USD,300192000,None,None,266000,252614000,47578000,None,None,32000,-582468000,5946000,829000,460000,46987000,17709000,None,None,-128000,1173000,255243000,42487000,46749000,203364000,249000,228959000,600000,2090000,None,None,None,None,None,None,None,None,None,None,None,228959000,None,None,None,None,None,630142000,None,250351000,None,32000000,USD,-23140000,-5805000,-23146000,-127814000,31788000,32082000,None,-34000,-22791000,-42131000,-18985000,None,-537000,None,51803000,-1379000,-526000,10708000,6000,None,None,None,5.13,5.36
7,2018-09-30,USD,50000,29650000,16040000,-15990000,-29600000,-32083000,16041000,0,-32083000,0,13610000,None,-29600000,0,-3383000,None,None,None,0,0,0,0,-2483000,0,-32083000,-32083000,None,USD,317847000,29000,None,266000,260217000,57630000,0,20588000,32000,-559677000,5841000,829000,477000,89117000,25696000,None,None,-329000,1314000,292530000,22668000,56772000,199130000,865000,228680000,0,5108000,0,0,0,0,0,0,None,None,None,None,None,None,None,None,None,None,None,None,None,None,None,32000000,USD,43758000,5795000,43758000,0,9633000,9744000,None,247000,-32083000,33035000,-20467000,None,-820000,0,51516000,-1379000,-425000,6819000,6000,None,None,None,9.7,5.13
8,2018-06-30,USD,40000,27714000,14802000,-14762000,-27674000,-29733000,14801000,0,-29733000,0,12912000,None,-27674000,0,-2904000,None,None,None,0,0,0,0,-2059000,0,-29733000,-29733000,None,USD,327828000,50000,None,266000,242336000,85492000,0,15515000,32000,-527593000,5624000,829000,495000,56082000,33995000,15814000,15814000,-226000,1462000,267896000,57096000,84613000,207967000,885000,202717000,0,2666000,0,0,0,0,0,0,None,None,None,None,None,None,None,None,None,None,None,None,None,None,None,32000000,USD,-129740000,821000,-129770000,0,159291000,159291000,None,-276000,-29733000,6846000,-22675000,None,103000,0,51516000,-1379000,406000,6003000,30000,None,None,None,10.2,9.7
9,2018-03-31,USD,10000,26737000,14864000,-14854000,-26727000,-27750000,14864000,0,-27750000,0,11873000,None,-26727000,0,-1507000,None,None,None,0,0,0,0,-1023000,0,-27750000,-27750000,None,USD,191292000,139000,None,229000,80525000,110767000,0,12002000,31000,-497860000,5476000,829000,513000,49273000,23365000,7607000,7607000,-180000,1583000,188228000,0,109799000,135051000,835000,51684000,0,3756000,0,0,0,0,0,0,None,None,None,None,None,None,None,None,None,None,None,None,None,None,None,31000000,USD,-18692000,-1452000,-18716000,0,159291000,51692000,None,187000,-27750000,13924000,-19052000,None,187000,0,51516000,0,4985000,4791000,24000,None,None,None,13.0,10.2
10,2017-12-31,USD,5072000,148091000,25602000,-47456000,-33331000,-67745000,14225000,0,-66992000,0,36965000,None,-64124000,0,1413000,None,None,None,0,682000,0,1506000,-3895000,0,-39284000,-39284000,None,USD,163698000,971000,None,2712000,81220000,82478000,0,13234000,28000,-470112000,5245000,829000,1501000,35416000,16789000,59186000,59186000,-158000,1711000,160486000,None,81507000,116469000,5889000,59186000,0,3555000,0,0,0,0,0,0,None,None,None,None,None,None,None,None,None,None,None,None,None,None,None,27000000,USD,-41540000,-4223000,-42657000,655000,20235000,103030000,None,816000,-89069000,-18201000,-78574000,None,1268000,0,82795000,0,-4833000,17467000,1117000,None,None,None,17.9,13.0
11,2017-09-30,USD,12000,-74849000,20007000,0,-114423000,-3142000,12112000,0,23775000,0,0,None,-3652000,0,1408000,None,None,None,0,1425000,0,-1506000,0,0,-114612000,-114612000,None,USD,169734000,1058000,None,2604000,69862000,99872000,0,12939000,28000,-448220000,4986000,829000,1606000,32995000,15797000,49079000,49079000,-80000,1922000,166206000,0,98814000,130607000,None,49079000,0,2858000,0,0,0,0,0,0,None,None,None,None,None,None,None,None,None,None,None,None,None,None,None,28000000,USD,-6719000,715000,-56116000,655000,10000000,92338000,None,198000,-67176000,-18592000,-56189000,None,0,0,82102000,0,0,4121000,1165000,None,None,None,25.1,17.9
12,2017-06-30,USD,7514000,23795000,23441000,0,89871000,9488000,15078000,0,-45099000,0,0,None,10126000,0,1126000,None,None,None,0,-2046000,0,753000,0,0,92497000,92497000,None,USD,182129000,1083000,None,2967000,68745000,113384000,0,11751000,28000,-426895000,4745000,828000,1648000,51587000,15025000,48975000,48975000,-96000,2038000,178443000,0,112301000,123866000,23000,48975000,0,3274000,0,0,0,0,0,0,None,None,None,None,None,None,None,None,None,None,None,None,None,None,None,27000000,USD,-46222000,-3370000,-49314000,701000,9915000,88625000,None,-43000,-45852000,-10457000,-40686000,None,0,0,78690000,0,0,5256000,1128000,None,None,None,24.1,25.1
13,2017-03-31,USD,18000,0,26719000,0,-26538000,-27670000,18657000,0,0,0,0,None,-26771000,0,1132000,None,None,None,0,682000,0,0,0,0,-27670000,-27670000,None,USD,147365000,1805000,None,3050000,62556000,84809000,0,16517000,26000,-408713000,4861000,829000,2388000,62044000,18635000,None,None,-54000,2178000,142799000,0,83004000,77670000,35000,39060000,0,2118000,0,0,0,0,0,0,None,None,None,None,None,None,None,None,None,None,None,None,None,None,None,24000000,USD,-2665000,-2439000,-2872000,690000,9915000,36881000,None,355000,-27670000,9082000,-24927000,None,0,0,36859000,0,0,4106000,897000,None,None,None,19.25,24.1
14,2016-12-31,USD,29000,109860000,24845000,-83431000,-175418000,-88008000,19703000,0,-111636000,0,26400000,None,-86712000,0,855000,None,None,None,0,61000,0,0,-1805000,0,-178857000,-178857000,None,USD,135732000,1844000,None,2922000,64140000,71592000,0,15994000,23000,-380362000,4754000,829000,2444000,52962000,20412000,38974000,38974000,-16000,1188000,132100000,None,69748000,75893000,323000,38974000,0,4418000,0,0,0,0,0,0,None,None,None,None,None,None,None,None,None,None,None,None,None,None,None,20000000,USD,-75693000,2062000,-74757000,1626000,19574000,90515000,None,-2475000,-111636000,-78340000,-94098000,None,2303000,0,70930000,0,4960000,10688000,690000,None,None,None,15.4,19.25
15,2016-09-30,USD,0,0,22925000,0,95052000,6655000,17334000,0,0,0,0,None,6633000,0,820000,None,None,None,0,682000,0,0,0,0,97504000,97504000,None,USD,131611000,1884000,None,3557000,46139000,85472000,0,16191000,23000,-353909000,4735000,829000,3262000,52938000,21751000,None,None,14000,891000,127458000,0,83588000,70733000,230000,19653000,0,5560000,0,0,0,0,0,0,None,None,None,None,None,None,None,None,None,None,None,None,None,None,None,23000000,USD,-5075000,1474000,-69795000,0,19574000,61298000,None,-318000,-85182000,-34489000,-69867000,None,0,0,61287000,0,0,3070000,314000,None,None,None,13.01,15.4
16,2016-06-30,USD,0,0,29404000,0,-29465000,988000,22135000,0,0,0,0,None,980000,0,818000,None,None,None,0,0,0,0,0,0,-30283000,-30283000,None,USD,159423000,1982000,None,1862000,52967000,106456000,0,20583000,22000,-330281000,4848000,829000,3253000,87427000,28494000,None,None,34000,1034000,155136000,0,104474000,65762000,85000,19625000,0,7911000,0,0,0,0,0,0,None,None,None,None,None,None,None,None,None,None,None,None,None,None,None,18000000,USD,5144000,7671000,-64688000,0,19574000,61628000,None,-190000,-61554000,43284000,-40815000,None,0,0,61617000,0,0,2957000,374000,None,None,None,13.91,13.01
17,2016-03-31,USD,0,0,30383000,0,0,-31271000,24288000,0,0,0,0,None,-30732000,0,730000,None,None,None,0,0,0,0,0,0,0,0,None,USD,123495000,2080000,None,3925000,50356000,73139000,0,21604000,18000,-299998000,4774000,829000,3367000,44143000,25987000,None,None,None,823000,119305000,0,None,70749000,None,19595000,0,4383000,0,0,0,0,0,0,None,None,None,None,None,None,None,None,None,None,None,None,None,None,None,18000000,USD,None,5430000,-69399000,0,None,750000,None,None,-31271000,None,-18510000,None,0,0,739000,0,0,None,99000,None,None,None,15.17,13.91
18,2015-12-31,USD,0,70753000,20680000,-50765000,-70753000,-63138000,15209000,0,-70860000,0,19988000,None,-63060000,0,697000,None,None,None,0,2860000,0,0,-107000,0,-70860000,-70860000,None,USD,145918000,2178000,None,7927000,44678000,101240000,0,19736000,17000,-268726000,4611000,829000,2722000,131302000,20502000,19565000,19565000,-16000,779000,142417000,None,99062000,2443000,745000,19565000,0,766000,0,0,0,0,0,0,None,None,None,None,None,None,None,None,None,None,None,None,None,None,None,17000000,USD,-75693000,14021000,-603000,253000,19205000,90731000,None,-779000,-70860000,35446000,-54682000,None,714000,0,71279000,0,-2705000,4927000,856000,None,None,None,18.97,15.17
19,2015-09-30,USD,0,0,23462000,0,0,-2656000,17817000,0,0,0,0,None,-2647000,0,48000,None,None,None,0,0,0,0,0,0,0,0,None,USD,160813000,2391000,None,8289000,40589000,120224000,0,13602000,18000,-247620000,7447000,829000,5154000,146428000,13606000,None,None,None,672000,154987000,None,None,0,None,19536000,0,4000,0,0,0,0,0,0,None,None,None,None,None,None,None,None,None,None,None,None,None,None,None,18000000,USD,None,9524000,-475000,211000,None,90037000,None,None,-23421000,None,-38990000,None,0,0,70435000,0,0,None,686000,None,None,None,19.0,18.97
