,fiscalDateEnding,reportedCurrency_x,totalRevenue,totalOperatingExpense,costOfRevenue,grossProfit,ebit,netIncome_x,researchAndDevelopment,effectOfAccountingCharges,incomeBeforeTax,minorityInterest,sellingGeneralAdministrative,otherNonOperatingIncome,operatingIncome,otherOperatingExpense,interestExpense,taxProvision,interestIncome,netInterestIncome,extraordinaryItems,nonRecurring,otherItems,incomeTaxExpense,totalOtherIncomeExpense,discontinuedOperations,netIncomeFromContinuingOperations,netIncomeApplicableToCommonShares,preferredStockAndOtherAdjustments,reportedCurrency_y,totalAssets,intangibleAssets,earningAssets,otherCurrentAssets,totalLiabilities,totalShareholderEquity,deferredLongTermLiabilities,otherCurrentLiabilities,commonStock,retainedEarnings,otherLiabilities,goodwill,otherAssets,cash,totalCurrentLiabilities,shortTermDebt,currentLongTermDebt,otherShareholderEquity,propertyPlantEquipment,totalCurrentAssets,longTermInvestments,netTangibleAssets,shortTermInvestments,netReceivables,longTermDebt,inventory,accountsPayable,totalPermanentEquity,additionalPaidInCapital,commonStockTotalEquity,preferredStockTotalEquity,retainedEarningsTotalEquity,treasuryStock,accumulatedAmortization,otherNonCurrrentAssets,deferredLongTermAssetCharges,totalNonCurrentAssets,capitalLeaseObligations,totalLongTermDebt,otherNonCurrentLiabilities,totalNonCurrentLiabilities,negativeGoodwill,warrants,preferredStockRedeemable,capitalSurplus,liabilitiesAndShareholderEquity,cashAndShortTermInvestments,accumulatedDepreciation,commonStockSharesOutstanding,reportedCurrency,investments,changeInLiabilities,cashflowFromInvestment,otherCashflowFromInvestment,netBorrowings,cashflowFromFinancing,otherCashflowFromFinancing,changeInOperatingActivities,netIncome_y,changeInCash,operatingCashflow,otherOperatingCashflow,depreciation,dividendPayout,stockSaleAndPurchase,changeInInventory,changeInAccountReceivables,changeInNetIncome,capitalExpenditures,changeInReceivables,changeInExchangeRate,changeInCashAndCashEquivalents,clossingVal,nextClossingVal
0,2020-06-30,USD,None,None,None,None,None,None,None,None,None,None,None,None,None,None,None,None,None,None,None,None,None,None,None,None,None,162613000,None,USD,None,None,None,None,None,None,9145000,None,374000,-1015387000,2027000,None,9145000,None,None,None,None,None,None,None,None,3055861000,None,None,None,None,None,None,None,None,None,None,None,None,None,None,None,None,None,None,None,None,None,None,None,None,None,None,None,USD,None,0,None,None,-48125000,None,-46176000,47774000,162613000,-2085000,86070000,None,None,-45930000,None,None,None,-130763000,0,None,None,None,5.11,
1,2020-04-30,USD,None,None,None,None,None,None,None,None,None,None,None,None,None,None,None,None,None,None,None,None,None,None,None,None,None,162613000,None,USD,None,None,None,None,None,None,9145000,None,374000,-1015387000,2027000,None,9145000,None,None,None,None,None,None,None,None,3055861000,None,None,None,None,None,None,None,None,None,None,None,None,None,None,None,None,None,None,None,None,None,None,None,None,None,None,None,USD,None,0,None,None,-48125000,None,-46176000,47774000,162613000,-2085000,86070000,None,None,-45930000,None,None,None,-130763000,0,None,None,None,4.34,5.11
2,2020-03-31,USD,-181064000,4635000,81130000,73371000,None,-185699000,None,None,-185699000,None,4635000,None,71272000,None,37646000,None,138806000,101160000,None,None,None,None,None,None,-185699000,-185699000,None,USD,5217596000,None,None,None,2284221000,2933375000,9688000,None,368000,-1111178000,763000,None,1643712000,46646000,None,None,None,None,None,None,5144542000,2933375000,None,None,2184021000,None,42019000,None,None,None,None,None,None,None,None,None,None,None,2184021000,None,None,None,None,None,4044185000,None,46646000,None,368000000,USD,None,0,None,None,45389000,-403820000,-1154000,-126414000,-185699000,-91221000,-70679000,None,None,-64777000,None,None,None,242723000,0,None,None,None,4.25,4.34
3,2020-01-31,USD,None,None,None,None,None,None,None,None,None,None,None,None,None,None,None,None,None,None,None,None,None,None,None,None,None,-185699000,None,USD,None,None,None,None,None,None,9688000,None,368000,-1111178000,763000,None,1643712000,None,None,None,None,None,None,None,None,2933375000,None,None,None,None,None,None,None,None,None,None,None,None,None,None,None,None,None,None,None,None,None,None,None,None,None,None,None,USD,None,0,None,None,45389000,None,-1154000,-126414000,-185699000,-91221000,-70679000,None,None,-64777000,None,None,None,242723000,0,None,None,None,6.51,4.25
4,2019-12-31,USD,6736000,17939000,81312000,80605000,104944000,-11203000,None,None,-11203000,None,12459000,None,64780000,None,31579000,None,140659000,109080000,None,None,None,None,-116147000,None,-11203000,-11203000,None,USD,5432293000,None,None,None,2248428000,3183865000,10232000,22055000,367000,-859287000,1245000,None,1460266000,137867000,281003000,174454000,174454000,None,None,153516000,5268545000,3183865000,None,15171000,2140634000,None,52892000,None,None,None,None,None,None,None,None,None,None,None,2140634000,None,None,None,None,None,4042785000,None,137867000,None,367000000,USD,None,0,None,None,-91194000,-383278000,-1409000,128408000,-11203000,31693000,188989000,None,None,-64693000,None,None,654000,69000000,0,None,None,None,6.44,6.51
5,2019-10-31,USD,None,None,None,None,None,None,None,None,None,None,None,None,None,None,None,None,None,None,None,None,None,None,None,None,None,-11203000,None,USD,None,None,None,None,None,None,10232000,None,367000,-859287000,1245000,None,1460266000,None,None,None,None,None,None,None,None,3183865000,None,None,None,None,None,None,None,None,None,None,None,None,None,None,None,None,None,None,None,None,None,None,None,None,None,None,None,USD,None,0,None,None,-91194000,None,-1409000,128408000,-11203000,31693000,188989000,None,None,-64693000,None,None,None,69000000,0,None,None,None,6.44,6.44
6,2019-09-30,USD,29957000,11892000,84872000,77011000,109958000,18065000,None,None,18065000,None,5697000,None,68722000,None,32703000,None,145956000,113253000,None,None,None,None,-91893000,None,18065000,18065000,None,USD,5585098000,None,None,None,2325325000,3259773000,10745000,22042000,367000,-781932000,976000,None,1537826000,106174000,95833000,None,None,None,None,123793000,5450560000,3259773000,None,16847000,2228516000,None,44406000,None,None,None,None,None,None,None,None,None,None,None,2228516000,None,None,None,None,None,4041338000,None,106174000,None,367000000,USD,None,0,None,None,-156340000,-225982000,-5088000,150931000,18065000,-924000,225058000,None,None,-64554000,None,None,13978000,39589000,0,None,None,None,6.59,6.44
7,2019-07-31,USD,None,None,None,None,None,None,None,None,None,None,None,None,None,None,None,None,None,None,None,None,None,None,None,None,None,18065000,None,USD,None,None,None,None,None,None,10745000,None,367000,-781932000,976000,None,1537826000,None,None,None,None,None,None,None,None,3259773000,None,None,None,None,None,None,None,None,None,None,None,None,None,None,None,None,None,None,None,None,None,None,None,None,None,None,None,USD,None,0,None,None,-156340000,None,-5088000,150931000,18065000,-924000,225058000,None,None,-64554000,None,None,None,39589000,0,None,None,None,6.62,6.59
8,2019-06-30,USD,47335000,8449000,86016000,78337000,109348000,38886000,None,None,38886000,None,8449000,None,68071000,None,39721000,None,151604000,111883000,None,None,None,None,-70462000,None,38886000,38886000,None,USD,5800063000,None,None,None,2493788000,3306275000,8529000,22028000,367000,-733964000,930000,None,1646835000,107098000,109963000,None,None,None,None,137981000,5653553000,3306275000,None,29830000,2382895000,None,56132000,None,None,None,None,None,None,None,None,None,None,None,2382895000,None,None,None,None,None,4039872000,None,107098000,None,366000000,USD,None,0,None,None,844000,-200498000,-2668000,12039000,38886000,-13468000,52767000,None,None,-64411000,None,None,-9579000,9022000,0,None,None,None,6.53,6.62
9,2019-03-31,USD,171109000,6046000,87630000,83479000,116208000,89195000,None,None,89195000,None,6046000,None,74282000,None,38946000,None,14913000,116130000,None,None,None,None,-27013000,None,89195000,89195000,None,USD,5848447000,None,None,None,2516632000,3331815000,8386000,22013000,367000,-706781000,613000,None,8386000,120566000,135398000,None,None,None,None,139388000,5700673000,3331815000,None,18537000,2380621000,None,47439000,None,None,None,None,None,None,None,None,None,None,None,2380621000,None,None,None,None,None,4038229000,None,120566000,None,367000000,USD,None,0,None,None,-167714000,-134263000,-26057000,190337000,105601000,36808000,171071000,None,None,-180685000,None,None,-9262000,-24824000,0,None,None,None,6.52,6.53
10,2018-12-31,USD,187883000,66416000,93942000,187883000,121467000,-67389000,None,None,-67389000,None,66416000,None,121467000,None,-38729000,None,None,None,None,None,None,0,-188856000,None,-67389000,-67389000,None,USD,5969867000,None,None,None,2666692000,3303175000,8493000,21963000,366000,-729952000,1339000,None,1613801000,109668000,215184000,101622000,101622000,-465410000,None,118804000,4237262000,3303175000,None,8568000,2450169000,None,None,None,None,None,None,None,None,None,None,None,None,None,2551791000,None,None,None,None,None,4032761000,None,109668000,None,366000000,USD,None,0,None,None,-106878000,-171916000,-4707000,63979000,-67389000,-10384000,161532000,None,None,-60331000,None,None,15853000,145358000,0,None,None,None,6.31,6.52
11,2018-09-30,USD,180422000,57355000,57355000,180422000,123067000,83795000,None,None,83795000,None,57355000,None,123067000,None,-35832000,None,None,None,None,None,None,0,-39272000,None,83795000,83795000,None,USD,6199482000,None,None,948000,2768538000,3430944000,8202000,21914000,365000,-596726000,2112000,None,1499488000,120052000,107570000,None,None,None,None,254597000,4445397000,3430944000,None,133597000,2658856000,None,53723000,None,None,None,None,None,None,None,None,None,None,None,None,None,None,None,None,None,None,None,None,None,365000000,USD,None,0,None,None,347071000,274728000,-12494000,-302689000,83795000,36294000,-238434000,None,None,-59849000,None,None,-3733000,-18654000,0,None,None,None,7.33,6.31
12,2018-06-30,USD,174031000,60004000,57373000,174031000,114027000,114304000,0,0,114304000,0,60004000,None,114027000,0,-28698000,None,None,None,0,0,0,0,277000,0,114304000,114304000,None,USD,5838820000,None,None,984000,2431773000,3407047000,2032000,21865000,364000,-614858000,1457000,None,1310904000,83758000,118507000,2311809000,2311809000,None,None,109509000,4418407000,3407047000,None,24767000,2311809000,None,57416000,None,None,None,None,None,None,None,None,None,None,None,None,None,None,None,None,None,None,None,None,None,361000000,USD,None,0,None,None,-60464000,-124769000,-10756000,13648000,114304000,-13805000,110964000,None,None,-53549000,None,None,9728000,-29625000,0,None,None,None,6.71,7.33
13,2018-03-31,USD,162835000,54910000,54910000,162835000,107925000,51859000,0,0,51859000,0,54910000,None,107925000,0,-37479000,None,None,None,0,0,0,0,-56066000,0,51859000,51859000,None,USD,5851145000,None,None,566000,2504749000,3346396000,2717000,21759000,363000,-663671000,811000,None,1205922000,97563000,129281000,2374657000,2374657000,-604497000,None,128624000,4516599000,3346396000,None,30495000,2374657000,None,73614000,None,None,None,None,None,None,None,None,None,None,None,None,None,None,None,None,None,None,None,None,None,362000000,USD,None,0,None,None,-80845000,-134907000,-287000,-289740000,51859000,-376913000,-242006000,None,-1881000,-53775000,None,None,-15079000,7934000,0,None,None,None,6.55,6.71
14,2017-12-31,USD,162400000,-1158000,49861000,3821000,4979000,121727000,0,0,121727000,0,-1158000,None,112539000,0,39347000,None,None,None,0,0,0,0,104775000,0,109754000,121727000,None,USD,5917513000,None,None,546000,2569101000,3348412000,3394000,64454000,361000,-650355000,2149000,None,5424526000,474476000,199320000,85302000,85302000,-585909000,None,492987000,4202711000,3348412000,None,17965000,2339318000,None,49564000,None,None,None,None,None,None,None,None,None,None,None,None,None,None,None,None,None,None,None,None,None,360000000,USD,None,0,None,None,-129269000,-190243000,-708000,310816000,121727000,209959000,500148000,None,14599000,-148587000,None,None,6841000,-42307000,0,None,None,None,6.74,6.55
15,2017-09-30,USD,158579000,53812000,53812000,158579000,104767000,11973000,0,0,11973000,0,53812000,None,104767000,0,41035000,None,None,None,0,0,0,0,-92794000,0,11973000,11973000,None,USD,5979102000,None,None,981000,2692111000,3286991000,4086000,58230000,360000,-707169000,2711000,None,5691203000,264517000,160132000,2579992000,2579992000,-634443000,None,287899000,4311775000,3286991000,None,22401000,2397040000,None,51178000,None,None,None,None,None,None,None,None,None,None,None,None,None,None,None,None,None,None,None,None,None,360000000,USD,None,0,None,None,-64462000,-153512000,-729000,37825000,11973000,-53566000,99946000,None,14368000,-88321000,None,None,-11714000,58627000,0,None,None,None,6.72,6.74
16,2017-06-30,USD,166702000,231216000,56157000,584885000,465122000,51168000,0,0,51168000,0,171677000,None,110545000,0,40867000,None,None,None,0,0,0,-1100000,-122352000,0,291956000,51168000,None,USD,6172789000,None,None,1125000,2817837000,3354952000,4779000,73015000,360000,-636725000,2097000,None,5843084000,318083000,224202000,50657000,50657000,-582686000,None,329705000,4324028000,3354952000,None,10497000,2467004000,None,100530000,None,None,None,None,None,None,None,None,None,None,None,None,None,None,None,None,None,None,None,None,None,359000000,USD,None,43606000,None,None,-32281000,-375916000,-10012000,-3821000,51168000,285000,376201000,None,102109000,-333623000,None,None,1798000,111266000,0,None,None,None,8.12,6.72
17,2017-03-31,USD,171032000,0,56488000,388018000,232144000,19492000,0,0,19492000,0,179044000,None,114544000,0,41464000,None,None,None,0,0,0,0,-104806000,0,104168000,19492000,None,USD,6153104000,None,None,716000,2760936000,3392168000,5463000,68044000,360000,-33719000,2018000,None,6030229000,111804000,248124000,2639929000,2639929000,-564176000,None,122875000,6024766000,3392168000,None,10355000,2270389000,None,50945000,None,None,None,None,None,None,None,None,None,None,None,None,None,None,None,None,None,None,None,None,None,359000000,USD,None,-8631000,None,None,43160000,-38686000,-600000,-136029000,19492000,-92107000,74744000,None,9197000,-245255000,None,None,1940000,42477000,0,None,None,None,9.04,8.12
18,2016-12-31,USD,183480000,0,58227000,-410020000,-350532000,100880000,0,0,100880000,0,-178749000,None,125253000,0,40848000,None,None,None,0,0,0,0,6687000,0,-224584000,100880000,None,USD,6178148000,None,None,670000,2723552000,3454596000,None,71219000,359000,-16907000,3123000,None,5943140000,203911000,None,None,None,-510588000,None,None,5936999000,3454596000,None,30427000,2444884000,None,55222000,None,None,None,None,None,None,None,None,None,None,None,None,None,None,None,None,None,None,None,None,None,358000000,USD,None,-74521000,None,None,-28514000,-110327000,None,181913000,100880000,71671000,128165000,None,16934000,-163409000,None,None,-20311000,-22897000,0,None,None,None,8.35,9.04
