,fiscalDateEnding,reportedCurrency_x,totalRevenue,totalOperatingExpense,costOfRevenue,grossProfit,ebit,netIncome_x,researchAndDevelopment,effectOfAccountingCharges,incomeBeforeTax,minorityInterest,sellingGeneralAdministrative,otherNonOperatingIncome,operatingIncome,otherOperatingExpense,interestExpense,taxProvision,interestIncome,netInterestIncome,extraordinaryItems,nonRecurring,otherItems,incomeTaxExpense,totalOtherIncomeExpense,discontinuedOperations,netIncomeFromContinuingOperations,netIncomeApplicableToCommonShares,preferredStockAndOtherAdjustments,reportedCurrency_y,totalAssets,intangibleAssets,earningAssets,otherCurrentAssets,totalLiabilities,totalShareholderEquity,deferredLongTermLiabilities,otherCurrentLiabilities,commonStock,retainedEarnings,otherLiabilities,goodwill,otherAssets,cash,totalCurrentLiabilities,shortTermDebt,currentLongTermDebt,otherShareholderEquity,propertyPlantEquipment,totalCurrentAssets,longTermInvestments,netTangibleAssets,shortTermInvestments,netReceivables,longTermDebt,inventory,accountsPayable,totalPermanentEquity,additionalPaidInCapital,commonStockTotalEquity,preferredStockTotalEquity,retainedEarningsTotalEquity,treasuryStock,accumulatedAmortization,otherNonCurrrentAssets,deferredLongTermAssetCharges,totalNonCurrentAssets,capitalLeaseObligations,totalLongTermDebt,otherNonCurrentLiabilities,totalNonCurrentLiabilities,negativeGoodwill,warrants,preferredStockRedeemable,capitalSurplus,liabilitiesAndShareholderEquity,cashAndShortTermInvestments,accumulatedDepreciation,commonStockSharesOutstanding,reportedCurrency,investments,changeInLiabilities,cashflowFromInvestment,otherCashflowFromInvestment,netBorrowings,cashflowFromFinancing,otherCashflowFromFinancing,changeInOperatingActivities,netIncome_y,changeInCash,operatingCashflow,otherOperatingCashflow,depreciation,dividendPayout,stockSaleAndPurchase,changeInInventory,changeInAccountReceivables,changeInNetIncome,capitalExpenditures,changeInReceivables,changeInExchangeRate,changeInCashAndCashEquivalents,clossingVal,nextClossingVal
0,2020-05-31,USD,799931000,106711000,669253000,130678000,22941000,12705000,None,None,20393000,-72000,102839000,-1026000,23967000,3760000,2564000,7744000,554000,-2010000,None,112000,None,7744000,-1676000,None,12649000,12705000,None,USD,1574489000,10772000,None,202626000,754886000,818666000,1489000,32563000,3000,562408000,12750000,45316000,78711000,276642000,493249000,93670000,93670000,-156533000,700388000,606454000,10618000,818666000,40042000,86029000,117045000,268762000,367016000,None,None,3000,None,562408000,-31615000,None,57533000,None,700388000,134684000,117045000,143103000,261637000,None,None,None,444403000,1574489000,316684000,None,30648990,USD,1821000,4330000,-28257000,-11183000,77218000,77086000,-132000,None,12633000,133894000,85065000,-4868000,14879000,0,-204000,54260000,None,3831000,18895000,None,None,133894000,54.38,
1,2020-02-29,USD,906735000,116414000,751512000,155223000,40103000,25600000,None,None,38428000,111000,111640000,1294000,38809000,4706000,1690000,12702000,586000,-1104000,None,68000,None,12702000,655000,None,25726000,25600000,None,USD,1498292000,11378000,None,208264000,679425000,817893000,1718000,35486000,3000,549703000,12740000,45413000,74991000,147404000,421844000,19826000,19826000,-141087000,706848000,525555000,10635000,817893000,30448000,82306000,113879000,323022000,366532000,None,None,3000,None,549703000,-32098000,None,56168000,None,706848000,135444000,113879000,141984000,257581000,None,None,None,441372000,1498292000,177852000,None,30599058,USD,3515000,-47563000,-40034000,-10313000,-1079000,-12921000,-1031000,None,25711000,20006000,72961000,14473000,15174000,-10811000,-920000,65050000,None,116000,33236000,None,None,20006000,55.69,54.38
2,2019-11-30,USD,811941000,110532000,670695000,141246000,29974000,19728000,None,None,29160000,-19000,105257000,-740000,30714000,5204000,862000,9403000,293000,-569000,None,71000,None,9403000,-1056000,None,19757000,19728000,None,USD,1524111000,11977000,None,212595000,706339000,816829000,1829000,33457000,3000,545532000,14472000,45425000,72269000,125762000,470076000,36744000,36744000,-136038000,693275000,571877000,10649000,816829000,25098000,79309000,98084000,388072000,399875000,None,None,3000,None,545532000,-33424000,None,54479000,None,693275000,130008000,98084000,136350000,236263000,None,None,None,440756000,1524111000,150860000,None,30612511,USD,2066000,45880000,-45687000,-10171000,37785000,37343000,-442000,-9762000,19709000,7760000,16104000,-9762000,14814000,None,-461000,-56799000,None,2262000,37582000,None,None,7760000,74.74,55.69
3,2019-08-31,USD,801300000,109878000,659458000,141842000,32741000,20673000,None,None,31764000,239000,104259000,777000,31964000,5275000,990000,10839000,365000,-625000,603000,344000,None,10839000,212000,None,20925000,20673000,None,USD,1296411000,12576000,None,89676000,498132000,797351000,13213000,25340000,3000,525804000,24057000,46101000,63990000,116933000,407454000,33415000,33415000,-132853000,671151000,491896000,10697000,797351000,17045000,70333000,63711000,331273000,348699000,None,None,3000,None,525804000,-38687000,None,48516000,None,671151000,None,63711000,13754000,90678000,None,None,None,443084000,1296411000,133978000,None,30538788,USD,1042000,11913000,-53733000,-1123000,1958000,-10408000,-1459000,-9762000,20912000,-6761000,57380000,13293000,14593000,-10668000,-239000,-4549000,13293000,1218000,53652000,None,None,-6761000,60.43,74.74
4,2019-05-31,USD,788556000,108793000,657766000,130790000,22462000,14096000,None,None,21551000,-27000,102763000,465000,21997000,5768000,915000,7478000,310000,-605000,557000,262000,None,7478000,-103000,None,14073000,14096000,None,USD,1261864000,13182000,None,95989000,482809000,778593000,11633000,25070000,3000,505127000,21892000,46158000,25552000,124693000,390280000,25632000,25632000,-129682000,629063000,500520000,10710000,778593000,17023000,68372000,69476000,326724000,339578000,None,None,3000,None,505127000,-37228000,None,45643000,None,629063000,None,69476000,11420000,92529000,None,None,None,440373000,1261864000,141716000,None,30539966,USD,11609000,-1827000,-17154000,-5009000,-1012000,-1714000,-642000,-9762000,14069000,17784000,36652000,2085000,12536000,-1000,-26000,8175000,2085000,1614000,23754000,None,None,17784000,48.6,60.43
5,2019-02-28,USD,854425000,105857000,712032000,142393000,36567000,23810000,0,None,35586000,53000,100676000,31000,36536000,4923000,1001000,11703000,423000,-578000,1109000,258000,None,11703000,-630000,None,23883000,23810000,None,USD,1258230000,13788000,None,95949000,484640000,773160000,11139000,24725000,3000,491032000,21672000,46263000,58053000,108791000,392565000,26193000,26193000,-118624000,626279000,499523000,10714000,773160000,23501000,68811000,69793000,334899000,341647000,None,None,3000,None,491032000,-41524000,None,758707000,None,626279000,None,69793000,11143000,92075000,None,None,None,442273000,1258230000,132292000,None,30495712,USD,5470000,-40746000,-24453000,-2941000,-2882000,-16337000,-2503000,-9762000,23863000,9803000,50593000,5783000,14106000,-10985000,-2417000,45180000,5783000,2407000,26982000,None,None,9803000,64.66,48.6
6,2018-11-30,USD,779637000,106034000,648933000,130704000,23218000,14612000,0,None,22209000,33000,101557000,-1452000,24670000,4262000,1033000,None,None,None,1222000,215000,None,7540000,-6436000,None,14669000,14612000,None,USD,1277243000,14381000,None,94271000,511159000,765414000,10740000,22584000,3000,488566000,20329000,46248000,60635000,99120000,410561000,19376000,19376000,-122976000,605612000,534748000,15619000,765414000,25986000,72175000,79877000,380079000,368601000,0,438928000,3000,0,488566000,-39107000,None,None,None,605612000,None,79877000,9981000,100598000,None,None,None,438928000,1277243000,125106000,None,30492624,USD,12406000,55985000,-29364000,-6097000,-3463000,-3496000,-33000,None,14645000,-7153000,25707000,-6200000,13723000,-10672000,-33000,-59054000,-6200000,6608000,35673000,None,None,-7153000,66.89,64.66
7,2018-08-31,USD,777866000,105562000,645111000,132755000,27738000,18996000,0,0,26287000,53000,99070000,545000,27193000,5740000,1462000,None,None,None,0,752000,0,7227000,-1128000,0,19060000,18996000,None,USD,1216392000,14980000,None,93109000,457754000,758002000,10779000,23018000,3000,473954000,20167000,46329000,57705000,107672000,349365000,14855000,14855000,-109730000,594403000,487853000,15122000,758002000,32304000,67879000,87720000,321025000,311492000,0,432882000,3000,0,473954000,-39107000,None,None,None,594403000,None,87720000,9890000,108389000,None,None,None,432882000,1216392000,139976000,None,30460353,USD,45693000,-9081000,-55489000,-77861000,-3491000,-15428000,-1267000,None,19071000,-42228000,28689000,-4281000,14262000,-10595000,-75000,5175000,-4281000,3543000,23321000,None,None,-42228000,86.85,66.89
8,2018-05-31,USD,782201000,103057000,650715000,131486000,28206000,18694000,0,0,26862000,22000,100338000,-223000,28429000,2331000,1362000,None,None,None,0,388000,0,8128000,-1973000,0,18734000,18694000,None,USD,1246470000,15593000,None,99624000,495771000,750107000,14799000,23785000,3000,454901000,28065000,51351000,57718000,155582000,375961000,14978000,14644000,-97090000,597240000,509718000,14850000,750107000,676000,67824000,91208000,326200000,337198000,0,430133000,3000,0,454901000,-37840000,None,None,None,597240000,None,91208000,13803000,119810000,None,None,None,430133000,1246470000,155582000,None,30472064,USD,-32304000,10661000,-52111000,-23556000,9553000,9470000,-83000,None,18694000,-10955000,31686000,-2741000,13566000,-10595000,0,-11389000,-2741000,2895000,28555000,None,None,-10955000,84.65,86.85
9,2018-02-28,USD,839563000,94259000,708040000,131523000,37847000,14148000,0,0,36850000,0,92209000,583000,37264000,81000,992000,None,None,None,0,1969000,0,22707000,-3574000,0,14143000,14148000,None,USD,1191724000,35473000,None,65588000,460490000,731234000,10814000,24255000,3000,436207000,19562000,35473000,105990000,166397000,356616000,14160000,14160000,-94764000,580117000,505617000,14816000,731234000,365000,64811000,82512000,314811000,318201000,0,0,3000,0,436207000,-37757000,None,None,None,580117000,None,82512000,10548000,103874000,None,None,None,427545000,1191724000,166397000,None,30414382,USD,-32304000,-39441000,-26447000,34000,-4354000,-16563000,-1833000,None,14148000,26232000,69242000,12963000,12575000,-10645000,269000,57602000,12963000,11395000,26481000,None,None,26232000,78.75,84.65
10,2017-11-30,USD,767072000,88921000,644985000,122087000,33860000,22490000,0,0,32589000,592000,88332000,694000,33166000,430000,1255000,None,None,None,0,159000,0,10115000,0,0,22474000,22490000,None,USD,1222828000,35578000,None,71746000,490519000,732309000,10485000,22234000,3000,443356000,15467000,35578000,111051000,143323000,393065000,20740000,18257000,-99982000,567038000,544739000,None,732309000,373000,68308000,80340000,372413000,350091000,0,0,3000,0,443356000,-35924000,None,None,None,567038000,None,80340000,6629000,97454000,None,None,None,424856000,1222828000,143323000,None,30403610,USD,-32304000,21372000,-19732000,20000,-5296000,-5296000,-75000,None,22490000,-35191000,-10163000,-7049000,12237000,0,0,-61467000,0,2254000,19752000,None,None,-35191000,85.5,78.75
11,2017-08-31,USD,733502000,86760000,615920000,117582000,31582000,19798000,0,0,29931000,636000,85757000,760000,30822000,0,1651000,None,None,None,0,899000,0,10133000,-6848000,0,19798000,19798000,None,USD,1177514000,35642000,None,65712000,468747000,708767000,10726000,22100000,3000,420499000,15612000,35642000,109315000,176477000,363384000,18358000,18358000,-98573000,557829000,510370000,13312000,708767000,460000,66550000,87939000,310946000,322926000,0,0,3000,0,420499000,-35924000,None,None,None,557829000,None,87939000,6698000,105363000,None,None,None,422762000,1177514000,176477000,None,30400742,USD,-32304000,36169000,-35711000,42000,-18386000,-30007000,-1248000,None,19798000,-29141000,36577000,2998000,11847000,-10644000,271000,-31529000,1894000,-2706000,35753000,None,-447000,-29588000,81.25,85.5
12,2017-05-31,USD,730258000,85034000,617598000,112660000,29125000,18838000,0,0,27291000,0,84661000,1499000,27626000,9000,1828000,None,None,None,0,364000,0,8459000,0,0,18832000,18838000,None,USD,1143876000,35632000,None,57437000,454489000,689387000,10362000,22346000,3000,400702000,15379000,35632000,109984000,206453000,333300000,20376000,20376000,-96706000,533157000,500735000,None,689387000,816000,67412000,104338000,279417000,290578000,0,0,3000,0,400702000,-34742000,None,None,None,533157000,None,104338000,6489000,121189000,None,None,None,420130000,1143876000,206453000,None,30398239,USD,None,-32008000,-12367000,154000,1732000,1884000,-52000,None,18838000,11352000,21835000,-1490000,11883000,-10641000,204000,17567000,0,7045000,12521000,None,-1236000,10116000,88.25,81.25
13,2017-02-28,USD,793296000,86331000,667563000,125733000,40852000,27219000,0,0,39222000,0,85996000,1450000,39402000,0,1644000,None,None,None,0,335000,0,11989000,0,0,27233000,27219000,None,USD,1156952000,35692000,None,56614000,485258000,671694000,10654000,22921000,3000,381864000,15385000,35692000,114377000,196274000,366238000,21184000,21184000,-93277000,535479000,507096000,None,671694000,816000,71601000,101942000,296984000,322133000,0,0,3000,0,381864000,-34672000,None,None,None,535479000,None,101942000,6424000,119020000,None,None,None,417776000,1156952000,196274000,None,30404645,USD,None,-13711000,-69774000,273000,25620000,13480000,-1728000,None,27219000,6093000,62387000,6960000,11445000,-10641000,229000,30005000,0,469000,70047000,None,495000,6588000,88.4,88.25
14,2016-11-30,USD,739572000,82522000,618671000,120901000,37960000,24869000,0,0,36299000,0,82228000,-419000,38379000,-113000,1654000,None,None,None,0,407000,0,11437000,0,0,24862000,24869000,None,USD,1117870000,35603000,None,59797000,462869000,655001000,10406000,20905000,3000,375929000,15066000,35603000,113584000,189427000,376368000,26875000,26875000,-103011000,469423000,534863000,None,655001000,517000,72234000,69788000,326989000,328588000,0,0,3000,0,375929000,-32731000,None,None,None,469423000,None,69788000,6307000,86501000,None,None,None,414811000,1117870000,189427000,None,30406433,USD,None,12894000,-17365000,-392000,-7162000,-7162000,None,None,24869000,-22470000,2057000,-6574000,11117000,0,0,-44082000,0,3833000,16973000,None,-1650000,-24120000,91.3,88.4
15,2016-08-31,USD,711052000,81618000,596644000,114408000,33432000,22272000,0,0,32038000,636000,80040000,629000,32803000,0,1411000,None,None,None,0,1578000,0,9736000,-6313000,0,22302000,22272000,None,USD,1096735000,35637000,None,57780000,458664000,638071000,10721000,20920000,3000,351060000,15458000,35637000,111136000,213483000,367904000,31099000,14565000,-92630000,473045000,512554000,13991000,638071000,518000,69520000,73542000,282907000,315885000,0,0,3000,0,351060000,-32731000,None,None,None,473045000,None,73542000,6497000,90760000,None,None,None,412369000,1096735000,213483000,None,30401307,USD,-119000,22571000,-26248000,-10000,6664000,-5267000,-1286000,None,22272000,-3821000,27694000,-6067000,10791000,-10645000,0,-29129000,-6679000,7256000,26238000,None,727000,-3094000,83.53,91.3
16,2016-05-31,USD,704262000,79531000,597242000,107020000,27576000,16837000,0,0,26018000,0,79184000,87000,27489000,0,1571000,None,None,None,0,347000,0,9168000,0,0,16850000,16837000,None,USD,1049823000,35652000,None,53682000,437592000,612231000,10696000,21127000,3000,328804000,15336000,35652000,112348000,216550000,348915000,26226000,26226000,-95141000,456584000,480891000,None,612231000,518000,69229000,71462000,253778000,301562000,0,0,3000,0,328804000,-31414000,None,None,None,456584000,None,71462000,6519000,88677000,None,None,None,409979000,1049823000,216550000,None,30394175,USD,-119000,6373000,-19685000,-400000,6725000,6685000,-40000,None,16837000,29588000,42588000,1543000,10271000,-10629000,0,6323000,0,1241000,19285000,None,20000,29608000,88.59,83.53
17,2016-02-29,USD,777931000,81070000,657725000,120206000,39293000,25942000,0,0,37328000,0,80947000,157000,39136000,0,1536000,None,None,None,0,123000,0,11815000,0,0,25513000,25942000,None,USD,1008843000,35701000,None,60067000,421874000,586969000,9797000,21804000,3000,311967000,14851000,35701000,103532000,186314000,330432000,16018000,None,-101474000,440523000,464788000,None,586969000,135000,61838000,75047000,260101000,292610000,0,0,3000,0,311967000,-31353000,None,None,None,440523000,None,75047000,6598000,91442000,None,None,None,407826000,1008843000,186314000,None,30369911,USD,None,-38033000,-14533000,-64000,-5329000,-17276000,-1398000,None,25942000,35889000,67698000,6649000,9529000,-10629000,80000,62522000,0,1089000,14469000,None,-2887000,33002000,77.26,88.59
18,2015-11-30,USD,711931000,76608000,598015000,113916000,37162000,23672000,0,0,35856000,0,76303000,-133000,37295000,0,1373000,None,None,None,0,305000,0,12130000,0,0,23726000,23672000,None,USD,1047594000,35846000,None,64581000,455834000,591760000,9381000,20383000,3000,307283000,13427000,35846000,97188000,152511000,361853000,17921000,None,-91397000,443062000,507344000,None,591760000,60000,64817000,78437000,322623000,323549000,0,0,3000,0,307283000,-29397000,None,None,None,443062000,None,78437000,6163000,93981000,None,None,None,405268000,1047594000,152511000,None,30370982,USD,None,32291000,-17709000,-1000,-602000,-602000,None,None,23672000,-16429000,1882000,-10473000,9203000,0,0,-55448000,0,2637000,17708000,None,-637000,-17066000,93.2,77.26
19,2015-08-31,USD,697874000,77296000,586114000,111760000,35707000,22447000,0,0,33633000,636000,76970000,852000,34855000,0,1681000,None,None,None,0,326000,0,11188000,-11681000,0,22445000,22447000,None,USD,991692000,35871000,None,58406000,425108000,566584000,8788000,20184000,3000,283611000,12453000,35871000,94298000,168914000,337097000,23775000,17169000,-90801000,433040000,464354000,14446000,566584000,61000,64157000,73365000,267175000,293138000,0,0,3000,0,283611000,-29397000,None,None,None,433040000,None,73365000,5858000,88011000,None,None,None,403168000,991692000,168914000,None,30184584,USD,-1360000,1420000,-25651000,493000,13899000,3146000,-4691000,None,22447000,22260000,44765000,10758000,9272000,-10562000,4500000,-991000,-7807000,1859000,26144000,None,-10781000,11479000,85.01,93.2
