,fiscalDateEnding,reportedCurrency_x,totalRevenue,totalOperatingExpense,costOfRevenue,grossProfit,ebit,netIncome_x,researchAndDevelopment,effectOfAccountingCharges,incomeBeforeTax,minorityInterest,sellingGeneralAdministrative,otherNonOperatingIncome,operatingIncome,otherOperatingExpense,interestExpense,taxProvision,interestIncome,netInterestIncome,extraordinaryItems,nonRecurring,otherItems,incomeTaxExpense,totalOtherIncomeExpense,discontinuedOperations,netIncomeFromContinuingOperations,netIncomeApplicableToCommonShares,preferredStockAndOtherAdjustments,reportedCurrency_y,totalAssets,intangibleAssets,earningAssets,otherCurrentAssets,totalLiabilities,totalShareholderEquity,deferredLongTermLiabilities,otherCurrentLiabilities,commonStock,retainedEarnings,otherLiabilities,goodwill,otherAssets,cash,totalCurrentLiabilities,shortTermDebt,currentLongTermDebt,otherShareholderEquity,propertyPlantEquipment,totalCurrentAssets,longTermInvestments,netTangibleAssets,shortTermInvestments,netReceivables,longTermDebt,inventory,accountsPayable,totalPermanentEquity,additionalPaidInCapital,commonStockTotalEquity,preferredStockTotalEquity,retainedEarningsTotalEquity,treasuryStock,accumulatedAmortization,otherNonCurrrentAssets,deferredLongTermAssetCharges,totalNonCurrentAssets,capitalLeaseObligations,totalLongTermDebt,otherNonCurrentLiabilities,totalNonCurrentLiabilities,negativeGoodwill,warrants,preferredStockRedeemable,capitalSurplus,liabilitiesAndShareholderEquity,cashAndShortTermInvestments,accumulatedDepreciation,commonStockSharesOutstanding,reportedCurrency,investments,changeInLiabilities,cashflowFromInvestment,otherCashflowFromInvestment,netBorrowings,cashflowFromFinancing,otherCashflowFromFinancing,changeInOperatingActivities,netIncome_y,changeInCash,operatingCashflow,otherOperatingCashflow,depreciation,dividendPayout,stockSaleAndPurchase,changeInInventory,changeInAccountReceivables,changeInNetIncome,capitalExpenditures,changeInReceivables,changeInExchangeRate,changeInCashAndCashEquivalents,clossingVal,nextClossingVal
0,2020-06-30,USD,None,262512000,None,None,-175964000,-181427000,176525000,None,-181343000,None,61339000,11309000,-187273000,-50591000,5379000,None,None,None,None,None,None,84000,None,None,-181427000,-181427000,None,USD,1476637000,708814000,None,34116000,904143000,572494000,130862000,19134000,67000,-1484831000,357730000,82341000,24177000,158461000,201843000,18333000,None,-10016000,26806000,605024000,None,-218661000,340430000,53644000,297029000,18373000,164376000,None,None,67000,None,-1484831000,None,None,53652000,None,871613000,None,297029000,274409000,702300000,None,None,None,2067274000,1476637000,498891000,None,None,USD,135205000,-8893000,142057000,9012000,-5000000,-32918000,-50829000,-9646000,-181427000,34329000,-74810000,86740000,10162000,None,22911000,841000,None,18253000,2160000,-486000,None,34329000,50.74,
1,2020-03-31,USD,68259000,161250000,4085000,64174000,-106823000,-112687000,90107000,None,-112465000,None,59109000,-13832000,-92991000,-56225000,5642000,222000,-5642000,-5642000,None,None,None,222000,-14732000,None,-112687000,-112687000,None,USD,1545592000,705294000,None,24307000,1016858000,528734000,130862000,52282000,62000,-1303404000,489971000,82341000,22195000,123287000,217668000,20000000,20000000,-1985000,26169000,691922000,None,-258901000,472572000,52623000,294574000,19133000,145386000,None,None,62000,None,-1303404000,None,None,39866000,None,853670000,None,294574000,373754000,799190000,None,None,None,1834061000,1545592000,595859000,None,62758520,USD,-73817000,-2736000,-101274000,-21434000,-5000000,18490000,-35829000,-11230000,-112687000,-164338000,-81554000,-9565000,9158000,None,23490000,102000,2346000,31828000,6023000,2346000,None,-164338000,44.61,50.74
2,2019-12-31,USD,96459000,169244000,3542000,92917000,-61570000,-77677000,81831000,None,-67033000,None,75898000,11215000,-72785000,-84967000,5463000,10644000,-5463000,-5463000,None,None,None,11796000,-1186000,None,-78829000,-77677000,None,USD,1623782000,710500000,None,17898000,1029452000,594330000,130862000,56581000,62000,-1190499000,490718000,82341000,16415000,288028000,235857000,20000000,20000000,-10584000,21549000,779284000,None,-198511000,398535000,55538000,293859000,19285000,159276000,None,None,62000,None,-1190499000,None,None,30108000,None,844498000,None,293859000,368874000,793595000,None,None,None,1795351000,1623782000,686563000,None,61935870,USD,-212912000,27256000,-228997000,-31682000,-5304000,2284000,-35829000,875000,-77677000,-236919000,-10206000,500000,8989000,None,7588000,-1882000,5646000,26962000,15597000,5646000,-928000,-238222000,48.03,44.61
3,2019-09-30,USD,71416000,131891000,3006000,68410000,-57675000,-59997000,63076000,None,-60341000,None,58784000,2800000,-60475000,-61385000,2666000,-344000,-2666000,-2666000,None,None,None,-344000,-6700000,None,-59997000,-59997000,None,USD,1641486000,702910000,None,20723000,977832000,663654000,122032000,35350000,61000,-1112822000,491728000,82341000,17181000,523577000,183500000,20000000,20000000,616000,18484000,806862000,None,-121597000,185072000,60383000,293149000,17107000,128150000,None,None,61000,None,-1112822000,None,None,30889000,None,834624000,None,293149000,379151000,794332000,None,None,None,1775799000,1641486000,708649000,None,61578992,USD,42951000,12143000,30429000,-149136000,274571000,382354000,-35829000,-5710000,-59997000,397281000,-15502000,-10542000,7830000,None,107783000,-722000,15581000,20205000,12522000,15581000,None,397656000,33.82,48.03
4,2019-06-30,USD,85522000,124280000,3211000,82311000,-38941000,-41789000,59979000,None,-41015000,None,54515000,-183000,-38758000,-75736000,2074000,774000,-2074000,-2074000,None,None,None,774000,-5483000,None,-41789000,-41789000,None,USD,1291572000,702729000,None,17424000,802887000,488685000,122032000,31584000,58000,-1052825000,484829000,82341000,5758000,136094000,173959000,20000000,20000000,1922000,15391000,474966000,None,-296385000,227447000,77104000,135683000,16897000,122375000,None,None,58000,None,-1052825000,None,None,16145000,None,816606000,None,135683000,371213000,628928000,None,None,None,1539530000,1291572000,363541000,None,57707185,USD,-24204000,21693000,-38171000,-183818000,-1667000,2849000,None,-5375000,-41789000,-65844000,-30522000,-4024000,7192000,None,4516000,-518000,-30488000,17412000,13967000,-30488000,794000,-65050000,45.0,33.82
5,2019-03-31,USD,53583000,122723000,2376000,51207000,-69249000,-72113000,52566000,None,-71537000,None,61704000,-109000,-69140000,-45107000,2288000,576000,-2288000,-2288000,None,None,None,-576000,-21269000,None,-70961000,-72113000,None,USD,1283911000,694955000,None,9348000,770969000,512942000,122032000,27929000,58000,-1011036000,480685000,82341000,2296000,201144000,143046000,16667000,16667000,805000,14540000,479079000,None,-264354000,206018000,46350000,138468000,16219000,98450000,None,None,58000,None,-1011036000,None,None,12996000,None,804832000,None,138468000,367423000,627923000,None,None,None,1523115000,1283911000,407162000,None,58418790,USD,-147633000,-20588000,-150498000,-147633000,-1667000,225722000,None,-2880000,-72113000,32815000,-42409000,-10371000,6941000,None,225722000,-334000,20786000,33270000,2865000,20786000,-1169000,31646000,37.64,45.0
6,2018-12-31,USD,86338000,131476000,57408000,28930000,-46074000,-48329000,53646000,0,-49323000,0,68006000,-936000,-45138000,-132583000,3249000,None,None,None,0,0,0,-994000,-23725000,0,-48329000,-48329000,None,USD,1119222000,701031000,None,9247000,768495000,350727000,122032000,26930000,51000,-938923000,460352000,82341000,2299000,169498000,166796000,11667000,11667000,1462000,12694000,320857000,None,-432645000,58088000,67907000,141347000,16117000,128199000,None,None,51000,None,-938923000,None,None,2299000,None,798365000,None,141347000,338320000,601699000,None,None,None,1288137000,1119222000,227586000,None,50606147,USD,-15458000,25586000,-24596000,-8433000,-1667000,3726000,None,-701000,-48330000,-36013000,-15143000,-435000,6826000,None,3726000,-2571000,-26908000,30689000,705000,-26908000,-1402000,-37415000,34.32,37.64
7,2018-09-30,USD,53591000,101821000,57660000,-4069000,-47496000,-50969000,54368000,0,-50614000,0,38368000,734000,-48230000,-44499000,3118000,None,None,None,0,0,0,355000,-3884000,0,-50969000,-50969000,None,USD,1028627000,604612000,None,8020000,642537000,386090000,115200000,5467000,51000,-890600000,383357000,100309000,1620000,206913000,114922000,6667000,6667000,1628000,8805000,313281000,None,-318831000,42491000,42197000,144258000,13660000,102788000,0,0,51000,0,-890600000,0,None,1620000,None,715346000,None,144258000,268157000,527615000,None,None,None,1275004000,1028627000,249404000,None,50432655,USD,29984000,17513000,-24113000,-48892000,-1667000,5080000,None,-389000,-50969000,-15656000,3377000,1208000,7083000,0,5080000,141000,17748000,10653000,5205000,17748000,-1219000,-16875000,47.0,34.32
8,2018-06-30,USD,68743000,74317000,35179000,33564000,-6247000,-9520000,32607000,0,-9131000,0,33545000,-673000,-5574000,-60578000,2884000,None,None,None,0,0,0,389000,-3557000,0,-9520000,-9520000,None,USD,511773000,126290000,None,6305000,244371000,267402000,0,2274000,47000,-839624000,10693000,0,1620000,223788000,86474000,1666000,1666000,1855000,8217000,375646000,None,141112000,72318000,59383000,147204000,13852000,82534000,0,0,47000,0,-839624000,0,None,1620000,None,136127000,None,147204000,10693000,157897000,None,None,None,1105124000,511773000,296106000,None,46680482,USD,8452000,8586000,7744000,0,None,121629000,None,145000,-9519000,129376000,3000,2389000,6217000,0,121629000,-1947000,-16206000,10483000,708000,-16206000,-3263000,126113000,33.73,47.0
9,2018-03-31,USD,56062000,72805000,34408000,56062000,-15739000,-19263000,31363000,0,-19042000,0,32969000,1004000,-16743000,8473000,3303000,None,None,None,0,0,0,221000,-2299000,0,-19263000,-19263000,None,USD,379411000,127565000,None,5760000,229103000,150308000,9300000,1279000,42000,-830100000,9509000,0,1548000,97675000,72716000,146878000,146878000,4953000,8302000,241996000,None,22743000,80595000,45611000,146878000,12355000,71437000,0,0,42000,0,-830100000,0,None,1548000,None,137415000,None,146878000,209000,156387000,None,None,None,975418000,379411000,178270000,None,41809398,USD,-1169000,-5876000,-1648000,0,None,1136000,None,175000,-19263000,-16390000,-15878000,650000,6052000,0,1136000,-1446000,-4223000,8228000,479000,-4223000,2273000,-14117000,27.06,33.73
10,2017-12-31,USD,78030000,72578000,66641000,78030000,5545000,1270000,29234000,0,2099000,0,35482000,93000,5452000,7862000,3446000,None,None,None,0,0,0,829000,-13373000,0,1270000,1270000,None,USD,391653000,132993000,None,6669000,235216000,156437000,7954000,5602000,42000,-814100000,8197000,0,134214000,111792000,82048000,144971000,144971000,3969000,8376000,249063000,None,23444000,79454000,40394000,144971000,10754000,76446000,0,0,42000,0,-814100000,0,None,1221000,None,142590000,None,144971000,243000,153168000,None,None,None,966534000,391653000,191246000,None,41612395,USD,-51999000,10889000,-54042000,0,-40000000,1851000,-432000,-1595000,1270000,-30903000,21288000,-1273000,6106000,0,-617000,-2829000,-12203000,8334000,2043000,-1209000,857000,-30046000,16.68,27.06
11,2017-09-30,USD,41853000,72745000,62449000,41853000,-30126000,-33738000,30024000,0,-33547000,0,31423000,766000,-30892000,11298000,3421000,None,None,None,0,0,0,191000,0,0,-33738000,-33738000,None,USD,367720000,138422000,None,5413000,221838000,145882000,6579000,7845000,41000,-815378000,6848000,0,139579000,141838000,71899000,143091000,143091000,3013000,6882000,221259000,None,7460000,27472000,38744000,143091000,7792000,64054000,3013000,0,41000,0,-815378000,0,None,1157000,None,146461000,None,143091000,269000,149939000,None,None,None,958206000,367720000,169310000,None,41463121,USD,20490000,5811000,19272000,-739000,None,1707000,None,174000,-33738000,5210000,-15769000,-176000,10546000,0,1707000,-819000,0,6839000,479000,-4232000,3617000,8827000,20.01,16.68
12,2017-06-30,USD,47962000,60459000,59622000,47962000,-14317000,-17475000,30835000,0,-17325000,0,28866000,-1820000,-12497000,758000,3008000,None,None,None,0,0,0,150000,0,0,-17475000,-17475000,None,USD,383078000,148138000,None,5224000,213347000,169731000,3828000,3989000,41000,-781640000,4120000,0,149267000,133011000,67985000,141242000,141242000,1999000,6839000,226972000,None,21593000,48058000,33767000,141242000,6912000,63996000,1999000,0,41000,0,-781640000,0,None,1129000,None,156106000,None,141242000,292000,145362000,None,None,None,949331000,383078000,181069000,None,41304008,USD,100247000,21478000,23469000,-76424000,39568000,39997000,-432000,335000,-17475000,76786000,13320000,-746000,1098000,0,429000,-1456000,0,10437000,354000,-16000,2119000,78905000,18.33,20.01
13,2017-03-31,USD,26547000,52902000,52290000,26547000,-26673000,-29057000,27363000,0,-28892000,0,25500000,-318000,-26355000,39000,2219000,None,None,None,0,0,0,165000,0,0,-29057000,-29057000,None,USD,248645000,0,None,4623000,147818000,100827000,2194000,265000,34000,-764165000,2505000,0,859000,54106000,45418000,99895000,99895000,-876000,7059000,240727000,None,100827000,148471000,32173000,99895000,1354000,45153000,-876000,0,34000,0,-764165000,0,None,859000,None,7918000,None,99895000,311000,102400000,None,None,None,865834000,248645000,202577000,None,34316836,USD,24643000,-3965000,24418000,0,40000000,663000,-432000,-133000,-29057000,-3821000,-28902000,-133000,900000,0,663000,-1350000,0,11449000,225000,-6746000,-394000,-4215000,9.84,18.33
14,2016-12-31,USD,25191000,50183000,49392000,25191000,-24305000,-26796000,26011000,0,-26432000,0,24172000,687000,-24992000,0,2127000,None,None,None,0,0,0,364000,-9483000,0,-26796000,-26796000,None,USD,269345000,0,None,4691000,149762000,119583000,1587000,865000,34000,-735108000,1922000,0,630000,58321000,49624000,98216000,98216000,-1485000,7429000,261286000,None,119583000,173345000,24929000,98216000,1700000,48759000,0,0,34000,0,-735108000,0,None,630000,None,8059000,None,98216000,335000,100138000,None,None,None,856142000,269345000,231666000,None,34169410,USD,24367000,1456000,23131000,0,40000000,42000,-432000,94000,-26796000,9854000,-13319000,-48000,1166000,0,42000,-6454000,-14842000,9710000,1236000,1193000,-1819000,8035000,10.91,9.84
15,2016-09-30,USD,22986000,55050000,54204000,22986000,-32850000,-35167000,31396000,0,-34983000,0,23654000,-786000,-32064000,0,2133000,None,None,None,0,0,0,184000,0,0,-35167000,-35167000,None,USD,288177000,0,None,4860000,148000000,140177000,0,1167000,34000,-708313000,2515000,0,511000,50286000,48926000,None,None,756000,7059000,280607000,None,140177000,198052000,27409000,96559000,1300000,47759000,756000,0,34000,0,-708313000,0,None,511000,None,7570000,None,96559000,2515000,99074000,None,None,None,847700000,288177000,248338000,None,34165519,USD,38501000,6377000,38236000,0,None,892000,None,-52000,-35167000,15053000,-24075000,-52000,1360000,0,892000,0,0,10962000,265000,-7555000,-425000,14628000,14.01,10.91
16,2016-06-30,USD,15633000,52193000,50808000,15633000,-36947000,-38914000,28827000,0,-39007000,0,23366000,-387000,-36560000,0,2060000,None,None,None,0,0,0,-93000,0,0,-38914000,-38914000,None,USD,305563000,0,None,4776000,139939000,165624000,0,726000,34000,-673145000,2094000,0,528000,35658000,42909000,None,None,885000,7601000,297434000,None,165624000,237235000,19765000,94936000,0,42183000,0,0,34000,0,-673145000,0,None,528000,None,8129000,None,94936000,2094000,97030000,None,None,None,837850000,305563000,272893000,None,34083319,USD,21007000,-615000,20997000,0,None,34000,None,303000,-38914000,-3588000,-24585000,303000,1399000,0,0,0,0,11044000,10000,2198000,-919000,-4507000,7.02,14.01
17,2016-03-31,USD,18895000,57337000,54585000,18895000,-39163000,-41233000,31399000,0,-41119000,0,25938000,-721000,-38442000,0,1956000,None,None,None,0,0,0,114000,0,0,-41233000,-41233000,None,USD,335232000,0,None,5104000,139231000,196001000,0,396000,34000,-634231000,1976000,0,372000,40165000,43889000,None,None,1084000,8426000,326434000,None,196001000,258547000,22618000,93366000,0,43493000,0,0,34000,0,-634231000,0,None,372000,None,8798000,None,93366000,1976000,95342000,None,None,None,829114000,335232000,298712000,None,33919684,USD,22382000,-2232000,22117000,0,None,34000,None,690000,-41233000,-19436000,-41587000,690000,1552000,0,34000,0,0,10314000,265000,-10678000,1579000,-17857000,6.44,7.02
18,2015-12-31,USD,12734000,60935000,60138000,12734000,-48159000,-50948000,35048000,0,-50696000,0,25887000,42000,-48201000,0,2537000,None,None,None,0,0,0,252000,-2832000,0,-50948000,-50948000,None,USD,368041000,0,None,5930000,142040000,226001000,0,139000,34000,-592998000,2046000,0,3118000,58022000,45386000,91848000,91848000,-1200000,8974000,355949000,None,226001000,280903000,11094000,94608000,0,45247000,0,0,34000,0,-592998000,0,None,3118000,None,12092000,None,94608000,2046000,96654000,None,None,None,820165000,368041000,338925000,None,33916559,USD,-50874000,14090000,-51830000,0,150000000,22000,-4650000,-2068000,-50948000,-82140000,-30332000,-1411000,2028000,0,22000,-6454000,-6907000,9234000,956000,-3325000,-550000,-82690000,32.4,6.44
19,2015-09-30,USD,9776000,52008000,51248000,9776000,-42283000,-43223000,30640000,0,-43135000,0,21368000,-51000,-42232000,0,852000,None,None,None,0,0,0,88000,0,0,-43223000,-43223000,None,USD,396100000,0,None,4627000,126949000,269151000,0,22980000,34000,-542050000,2056000,0,3137000,140712000,31695000,None,None,-1127000,8799000,384164000,None,269151000,230809000,8016000,93198000,0,31695000,0,0,34000,0,-542050000,0,None,3137000,None,11936000,None,93198000,2056000,95254000,None,None,None,812294000,396100000,371521000,None,33915059,USD,-5697000,8931000,-6284000,0,145350000,145967000,None,None,-43223000,111922000,-27761000,-467000,1201000,0,617000,0,0,8710000,587000,-2913000,-430000,111492000,26.7,32.4
