,fiscalDateEnding,reportedCurrency_x,totalRevenue,totalOperatingExpense,costOfRevenue,grossProfit,ebit,netIncome_x,researchAndDevelopment,effectOfAccountingCharges,incomeBeforeTax,minorityInterest,sellingGeneralAdministrative,otherNonOperatingIncome,operatingIncome,otherOperatingExpense,interestExpense,taxProvision,interestIncome,netInterestIncome,extraordinaryItems,nonRecurring,otherItems,incomeTaxExpense,totalOtherIncomeExpense,discontinuedOperations,netIncomeFromContinuingOperations,netIncomeApplicableToCommonShares,preferredStockAndOtherAdjustments,reportedCurrency_y,totalAssets,intangibleAssets,earningAssets,otherCurrentAssets,totalLiabilities,totalShareholderEquity,deferredLongTermLiabilities,otherCurrentLiabilities,commonStock,retainedEarnings,otherLiabilities,goodwill,otherAssets,cash,totalCurrentLiabilities,shortTermDebt,currentLongTermDebt,otherShareholderEquity,propertyPlantEquipment,totalCurrentAssets,longTermInvestments,netTangibleAssets,shortTermInvestments,netReceivables,longTermDebt,inventory,accountsPayable,totalPermanentEquity,additionalPaidInCapital,commonStockTotalEquity,preferredStockTotalEquity,retainedEarningsTotalEquity,treasuryStock,accumulatedAmortization,otherNonCurrrentAssets,deferredLongTermAssetCharges,totalNonCurrentAssets,capitalLeaseObligations,totalLongTermDebt,otherNonCurrentLiabilities,totalNonCurrentLiabilities,negativeGoodwill,warrants,preferredStockRedeemable,capitalSurplus,liabilitiesAndShareholderEquity,cashAndShortTermInvestments,accumulatedDepreciation,commonStockSharesOutstanding,reportedCurrency,investments,changeInLiabilities,cashflowFromInvestment,otherCashflowFromInvestment,netBorrowings,cashflowFromFinancing,otherCashflowFromFinancing,changeInOperatingActivities,netIncome_y,changeInCash,operatingCashflow,otherOperatingCashflow,depreciation,dividendPayout,stockSaleAndPurchase,changeInInventory,changeInAccountReceivables,changeInNetIncome,capitalExpenditures,changeInReceivables,changeInExchangeRate,changeInCashAndCashEquivalents,clossingVal,nextClossingVal
0,2020-06-30,ILS,774000000.0,754000000.0,653000000.0,121000000.0,195000000.0,7000000.0,None,None,7000000.0,None,108000000.0,None,20000000.0,-7000000.0,17000000.0,None,4000000,-13000000,None,None,None,None,None,None,7000000.0,7000000.0,None,ILS,5062000000.0,508000000.0,None,None,3346000000.0,1716000000.0,113000000,None,2000000.0,599000000.0,180000000.0,407000000.0,379000000.0,409000000.0,1405000000.0,None,367000000,None,1997000000.0,1771000000,None,801000000,607000000,557000000,1292000000.0,132000000.0,664000000.0,None,None,None,None,None,None,None,None,None,3291000000,592000000,None,15000000,1941000000,None,None,None,None,None,None,None,None,ILS,70000000,-6000000,70000000,3000000,-160000000,-196000000,-36000000,-56000000,7000000,67000000,193000000.0,None,171000000,0,None,10000000.0,28000000,31000000,119000000.0,None,None,None,4.31,
1,2020-03-31,ILS,807000000.0,771000000.0,655000000.0,152000000.0,212000000.0,10000000.0,None,None,17000000.0,None,122000000.0,None,36000000.0,-6000000.0,20000000.0,7000000,1000000,-19000000,None,None,None,7000000,None,None,10000000.0,10000000.0,None,ILS,5253000000.0,527000000.0,None,27000000,3544000000.0,1709000000.0,105000000,None,2000000.0,592000000.0,199000000.0,407000000.0,385000000.0,342000000.0,1451000000.0,None,367000000,None,2018000000.0,1916000000,None,775000000,793000000,570000000,1414000000.0,142000000.0,667000000.0,None,None,None,None,None,-211000000,None,3337000000,None,3337000000,611000000,1894000000,27000000,2093000000,None,None,None,1326000000,None,1135000000,None,182000000,ILS,-392000000,-31000000,-392000000,-241000000,-38000000,231000000,-7000000,-8000000,10000000,43000000,204000000.0,None,175000000,0,276000000,-18000000.0,59000000,17000000,151000000.0,None,None,None,3.71,4.31
2,2019-12-31,ILS,834000000.0,786000000.0,693000000.0,141000000.0,202000000.0,7000000.0,0,0,10000000.0,0,-22000000.0,0,48000000.0,-5000000.0,8000000.0,3000000,-1000000,-15000000,0,0,0,3000000,-82.78,0,7000000.0,7000000.0,0,ILS,5015000000.0,538000000.0,None,26000000,3598000000.0,1417000000.0,102000000,711.92,2000000.0,576000000.0,210000000.0,407000000.0,394000000.0,299000000.0,1489000000.0,0,367000000,0,2012000000.0,1664000000,0,472000000,552000000,624000000,1413000000.0,124000000.0,716000000.0,0,0,0,0,0,-238000000,0,3351000000,0,3351000000,617000000,1899000000,28000000,2109000000,0,0,0,1077000000,0,851000000,0,164000000,ILS,-523000000,26000000,-523000000,-552000000,169000000,133000000,-36000000,-14000000,7000000,-212000000,178000000.0,0,184000000,0,37000000,-24000000.0,-29000000,27000000,127000000.0,0,0,0,4.36,3.71
3,2019-09-30,ILS,825000000.0,799000000.0,687000000.0,138000000.0,222000000.0,7000000.0,0,0,8000000.0,0,120000000.0,0,26000000.0,-8000000.0,19000000.0,1000000,1000000,-18000000,0,0,0,1000000,-69.68,0,7000000.0,7000000.0,0,ILS,4807000000.0,547000000.0,None,25000000,3400000000.0,1407000000.0,98000000,731.63,2000000.0,567000000.0,204000000.0,407000000.0,394000000.0,511000000.0,1417000000.0,0,320000000,0,2034000000.0,1425000000,0,453000000,156000000,595000000,1266000000.0,100000000.0,680000000.0,0,0,0,0,0,-239000000,0,3382000000,0,3382000000,651000000,1779000000,53000000,1983000000,0,0,0,1077000000,0,667000000,0,164000000,ILS,-90000000,26000000,-90000000,1000000,-55000000,-56000000,-1000000,-4000000,7000000,84000000,230000000.0,0,195000000,0,37000000,0.0,-7000000,14000000,174000000.0,0,0,0,4.71,4.36
4,2019-06-30,ILS,781000000.0,759000000.0,650000000.0,131000000.0,211000000.0,3000000.0,0,0,6000000.0,0,118000000.0,0,22000000.0,-9000000.0,17000000.0,3000000,1000000,-16000000,0,0,0,3000000,-46.06,0,3000000.0,3000000.0,0,ILS,4803000000.0,567000000.0,None,26000000,3408000000.0,1395000000.0,90000000,483.66,2000000.0,555000000.0,215000000.0,407000000.0,388000000.0,427000000.0,1399000000.0,0,320000000,0,2019000000.0,1422000000,0,421000000,241000000,587000000,1274000000.0,100000000.0,677000000.0,0,0,0,0,0,-245000000,0,3381000000,0,3381000000,656000000,1760000000,56000000,2009000000,0,0,0,1083000000,0,668000000,0,163000000,ILS,-80000000,-49000000,-80000000,1000000,-23000000,-4000000,19000000,-20000000,3000000,132000000,216000000.0,0,188000000,0,37000000,0.0,66000000,26000000,143000000.0,0,0,0,4.2,4.71
5,2019-03-31,ILS,794000000.0,785000000.0,677000000.0,117000000.0,195000000.0,2000000.0,0,0,-5000000.0,0,114000000.0,0,9000000.0,-6000000.0,16000000.0,-7000000,-14000000,-14000000,0,0,0,-7000000,-35.93,0,2000000.0,2000000.0,0,ILS,4812000000.0,597000000.0,None,26000000,3421000000.0,1391000000.0,84000000,141000000,2000000.0,548000000.0,182000000.0,407000000.0,132000000.0,295000000.0,1299000000.0,0,161000000,0,2000000000.0,1415000000,0,387000000,303000000,643000000,1414000000.0,100000000.0,723000000.0,0,0,0,0,0,-249000000,0,612000000,0,3397000000,667000000,1940000000,16000000,2122000000,0,0,0,1090000000,0,598000000,0,163000000,ILS,-488000000,33000000,-488000000,-303000000,158000000,154000000,-4000000,-23000000,2000000,-121000000,213000000.0,0,177000000,0,0,-2000000.0,12000000,14000000,185000000.0,0,0,0,3.74,4.2
6,2018-12-31,ILS,15591245.17,15323091.08,13292781.51,2298463.66,268154.09,383077.28,0,0,38307.73,0,1589770.7,0,268154.09,-134077.05,-76615.45,-17000000,None,None,0,0,0,-325615.68,-229846.37,0,363923.41,383077.28,0,ILS,76155762.66,11817934.0,None,976847.06,49225430.09,26930332.57,3543464.81,3466849.36,38307.73,10783625.35,4137234.59,7795622.59,9327931.69,7968007.36,22026943.42,0,3102925.95,0,23195329.12,24018945.27,0,7316775.99,0,13197012.19,23061252.07,1877078.66,13618397.2,0,0,0,0,0,-69832775.92,0,0,0,0,0,86191429.63,0,0,0,0,0,78889497.88,0,29780427.51,0,167000000,ILS,5573774.38,-574615.91,2834771.85,19153.86,-3466849.36,-4098926.86,-287307.96,-114923.18,383077.28,1053462.51,2317617.53,0,76615.45,0,-26755852.84,-344769.55,268154.09,153230.91,1953694.11,0,0,0,4.72,3.74
7,2018-09-30,USD,62135164.54,58506833.76,49662777.5,12472387.04,3628330.78,1965345.84,0,0,2872428.53,75590.22,9373187.84,0,3628330.78,-529131.57,-831492.47,None,None,None,0,0,0,907082.69,-755902.25,0,1965345.84,1965345.84,0,USD,315664777.5,47924202.33,None,3477150.33,209762872.98,105826314.3,13303879.51,17536932.08,151180.45,40743131.0,17310161.41,30916401.82,35527405.52,27288071.04,103331836.89,0,28043973.29,0,87457889.74,113838878.09,0,26985710.15,21996755.33,55029683.44,89120874.68,6047217.96,53366698.5,0,0,0,0,0,0,0,0,0,0,0,324150445.40,0,0,0,0,0,310953480.70,0,179258770.48,0,166000000,USD,21996755.33,604721.80,-8919646.49,75590.22,-13681830.63,-5669266.84,-604721.80,-3703921,1965345.84,-377951.12,14210962.2,0,10507041.20,0,0,-453541.35,2494477.41,1814165.39,5593676.61,0,0,0,5.16,4.72
8,2018-06-30,USD,217575277.77,0.0,180448254.21,37127023.56,6005842.05,545985.64,0,0,2456935.38,272992.82,33032131.25,0,6005842.05,-1910949.74,-3821899.48,None,None,None,0,0,0,1910949.74,-3548906.66,0,545985.64,545985.64,0,USD,1153394665.72,179083290.11,None,12284676.91,760830990.14,392563675.58,42859872.79,58966449.18,545985.64,139226338.35,64699298.41,111108077.86,121754797.85,99915372.23,370724249.95,0,97731429.66,0,318036635.64,423411864.27,0,102372307.61,79440910.70,211569435.72,325407441.78,20201468.7,190003002.92,0,0,0,0,0,0,0,0,0,0,0,0,0,0,0,0,0,0,0,0,0,169000000,USD,2456935.38,-16652562.04,-25934317.93,272992.82,-20474461.52,-27572274.85,-3002921.02,-6005842.05,545985.64,-10100734.35,43405858.43,0,36854030.74,0,0,9008763.07,10919712.81,5186863.59,18836504.6,0,0,0,3.83,5.16
9,2018-03-31,USD,234206646.25,225133265.28,195077690.82,39128955.43,9073380.97,2551888.4,0,0,3969604.17,283543.16,32040376.55,None,9073380.97,-1984802.09,-3969604.17,None,None,None,0,0,0,1417715.78,-5103776.79,0,2551888.4,2551888.4,None,USD,1241635476.92,192242259.27,None,11908812.52,831348531.25,410286945.67,42815016.45,61812407.85,567086.31,142905750.26,69751616.2,115402064.19,126176704.09,114267891.57,419927412.95,118237495.75,118237495.75,0,333730293.75,474084155.61,0,102642622.21,85062946.58,232505387.32,341669502.1,30339117.61,213224452.76,0,0,0,0,0,-205.07,None,None,None,None,None,None,None,None,None,None,None,None,None,None,None,169000000,USD,-42531473.29,-4820233.64,-81093342.41,283543.16,-85062946.58,-94986957.01,-9924010.43,-12192355.68,2551888.40,-131564024.04,44516275.38,None,37427696.50,0,0,-3969604.17,10491096.74,11625269.37,27787229.22,None,None,None,4.588,3.83
10,2017-12-31,USD,252853000.0,2282000000.0,172064000.0,459000000.0,162000000.0,99068000.0,0,0,113673000.0,0,39185000.0,None,183253000.0,-23000000.0,9298000.0,None,None,None,0,0,0,14605000,-182000000,0,68000000.0,99068000.0,None,USD,1359775000.0,318183000.0,None,26227000,946482000.0,413293000.0,133000000,77528000,576000.0,141511000.0,73493000.0,117301000.0,440672000.0,249877000.0,521948000.0,705000000,705000000,None,340089000.0,2009000000,67000000,330000000,43232000,856000000,351041000.0,26804000.0,226821000.0,None,None,None,None,None,-64271000,None,None,None,None,None,None,None,None,None,None,None,None,None,None,None,165000000,USD,302000000,19886000,-72000000,2000000,-775000000,-750000000,-165000000,-112000000,114000000,151000000,280428000.0,None,418000000,None,190000000,865000.0,83293000,167000000,64271000.0,None,None,None,6.1516,4.588
11,2017-09-30,USD,228647000.0,1593000000.0,135689000.0,312000000.0,32000000.0,14932000.0,0,0,21327000.0,0,32132000.0,None,23747000.0,-18000000.0,4926000.0,None,None,None,0,0,0,6395000,78000000,0,89000000.0,14932000.0,None,USD,1358784000.0,317899000.0,None,28874000,939543000.0,419241000.0,121000000,65109000,566000.0,152297000.0,72752000.0,115214000.0,424903000.0,285911000.0,445002000.0,557000000,557000000,None,319314000.0,2171000000,None,358000000,42462000,881000000,421789000.0,25477000.0,198721000.0,None,None,None,None,None,-73035000,None,None,None,None,None,None,None,None,None,None,None,None,None,None,None,169000000,USD,-150000000,12739000,11606000,1000000,71000000,61000000,-10000000,-38000000,14932000,113000000,225615000.0,None,134000000,None,None,1698000.0,76715000,10757000,41330000.0,None,None,None,5.25,6.1516
12,2017-06-30,USD,238517000.0,-1583000000.0,150078000.0,-279000000.0,-21000000.0,13811000.0,0,0,19145000.0,0,33138000.0,None,16453000.0,19000000.0,8819000.0,None,None,None,0,0,0,5334000,-93000000,0,-94000000.0,13811000.0,None,USD,1314403000.0,320083000.0,None,26053000,914442000.0,399961000.0,109000000,66135000,573000.0,129980000.0,75583000.0,116524000.0,434890000.0,256811000.0,472681000.0,1978000000,1978000000,None,322087000.0,1947000000,None,279000000,None,917000000,366178000.0,27485000.0,184091000.0,None,None,None,None,None,-79305000,None,None,None,None,None,None,None,None,None,None,None,None,None,None,None,160000000,USD,250000000,-73000000,92761000,1000000,-710000000,-578000000,-58000000,-37000000,13811000,-120000000,132271000.0,None,132000000,None,190000000,-2000000.0,62413000,9448000,24622000.0,None,None,None,5.17,5.25
13,2017-03-31,USD,221853000.0,769000000.0,143665000.0,149000000.0,34000000.0,17682000.0,0,0,22655000.0,0,29562000.0,None,11604000.0,-9000000.0,6354000.0,None,None,None,0,0,0,4973000,31000000,0,51000000.0,17682000.0,None,USD,1414554000.0,319380000.0,None,22655000,1092411000.0,322143000.0,80000000,76806000,553000.0,114104000.0,74872000.0,112446000.0,434036000.0,280977000.0,423261000.0,2682000000,2682000000,None,319933000.0,2391000000,None,10000000,69070000,981000000,594278000.0,25970000.0,182068000.0,None,None,None,None,None,-78189000,None,None,None,None,None,None,None,None,None,None,None,None,None,None,None,156000000,USD,202000000,1658000,37022000,1000000,-10000000,-27000000,-17000000,-64000000,17682000,301000000,53598000.0,None,133000000,None,190000000,553000.0,31496000,5249000,12156000.0,None,None,None,5.23,5.17
14,2016-12-31,USD,195511000.0,4496000000.0,135876000.0,782890000.0,26334000.0,46627000.0,0,-831000,78406000.0,0,41047000.0,None,3520000.0,-45000000.0,6154000.0,None,None,None,0,0,0,31779000,134814000,0,85334000.0,46627000.0,None,USD,1351532000.0,312072000.0,None,22105000,1062605000.0,288927000.0,75000000,99603000,520000.0,93101000.0,73597000.0,105844000.0,429360000.0,186203000.0,417916000.0,498000000,498000000,None,313892000.0,2339000000,87000000,-89000000,117547000,1047000000,571092000.0,24966000.0,177101000.0,None,None,None,None,None,-73597000,None,None,None,None,None,None,None,None,None,None,None,None,None,None,None,158000000,USD,-452000000,-18000000,-639000000,2000000,-408000000,-516000000,-108000000,-89000000,52000000,-210000000,245757000.0,None,443000000,None,190000000,6241000.0,56433000,159000000,33028000.0,None,None,None,4.69,5.23
15,2016-09-30,USD,240720000.0,-1812000000.0,157187000.0,-303670000.0,-130002000.0,5373000.0,0,2493000,9594000.0,0,44884000.0,None,-27847000.0,0.0,7437000.0,None,None,None,0,0,0,4221000,-68442000,0,-100002000.0,5373000.0,None,USD,1401084000.0,327738000.0,None,16800000,1103747000.0,297337000.0,61000000,102669000,533000.0,96535000.0,27466000.0,108535000.0,453606000.0,304270000.0,429073000.0,2909000000,2909000000,None,329070000.0,2319000000,None,None,452000000,1095000000,647208000.0,16000000.0,181602000.0,None,None,None,None,None,-88268000,None,None,None,None,None,None,None,None,None,None,None,None,None,None,None,158000000,USD,None,None,-38000000,None,None,10000000,-16000000,-47000000,5373000,225000000,168535000.0,None,137000000,None,None,16000000.0,34667000,2933000,25867000.0,None,None,None,4.54,4.69
16,2016-06-30,USD,227719000.0,884000000.0,149231000.0,140780000.0,79668000.0,6668000.0,0,-1662000,9960000.0,0,42080000.0,None,327000.0,0.0,7337000.0,None,None,None,0,0,0,3292000,45628000,0,66668000.0,6668000.0,None,USD,1355763000.0,328968000.0,None,18909000,1074974000.0,280789000.0,37000000,118377000,518000.0,85739000.0,20981000.0,105425000.0,462109000.0,237271000.0,422996000.0,2880000000,2880000000,None,334408000.0,2159000000,None,None,452000000,1128000000,630220000.0,21240000.0,174586000.0,None,None,None,None,None,-90920000,None,None,None,None,None,None,None,None,None,None,None,None,None,None,None,158000000,USD,None,None,-57000000,None,None,-78000000,-18000000,-24000000,6668000,82000000,98172000.0,None,142000000,None,None,9584000.0,8807000,1554000,18391000.0,None,None,None,4.5201,4.54
17,2016-03-31,USD,257703000.0,0.0,171188000.0,0.0,0.0,3693000.0,0,0,7913000.0,0,51171000.0,None,0.0,0.0,9759000.0,None,None,None,0,0,0,4220000,0,0,0.0,3693000.0,None,USD,1404575000.0,346593000.0,None,19783000,1128408000.0,276167000.0,None,112629000,528000.0,77548000.0,35873000.0,107354000.0,491930000.0,219984000.0,440232000.0,None,None,None,356090000.0,None,None,None,None,None,652039000.0,25849000.0,199410000.0,None,None,None,None,None,-92583000,None,None,None,None,None,None,None,None,None,None,None,None,None,None,None,157000000,USD,None,14507000,None,None,None,None,None,None,3693000,None,42731000.0,None,None,None,None,5803000.0,None,None,8441000.0,None,None,None,4.66,4.5201
18,2015-12-31,USD,265163000.0,4044000000.0,181069000.0,651000000.0,67000000.0,-40000000.0,0,0,-36000000.0,0,43352000.0,None,720000.0,-46000000.0,12805000.0,None,None,None,0,0,0,3970000,-103000000,0,-40000000.0,-40000000.0,None,USD,1417806000.0,349706000.0,None,20526000,1156105000.0,261701000.0,20000000,113918000,513000.0,68504000.0,49776000.0,104424000.0,494411000.0,237584000.0,452846000.0,554000000,554000000,None,362790000.0,2185000000,126000000,-343000000,452000000,1106000000,653483000.0,30788000.0,183446000.0,None,None,None,None,None,-90056000,None,None,None,None,None,None,None,None,None,None,None,None,None,None,None,155000000,USD,-1000000,314000000,-356000000,3000000,-166000000,-303000000,-137000000,-40000000,-40000000,263000000,236558000.0,None,491000000,None,190000000,4618000.0,-183000000,111000000,55419000.0,None,None,None,4.37,4.66
19,2015-09-30,USD,237193000.0,0.0,158938000.0,0.0,0.0,-2642000.0,0,0,-5945000.0,0,43510000.0,None,-14688000.0,0.0,8525000.0,None,None,None,0,0,0,30000,0,0,0.0,-2642000.0,None,USD,1562402000.0,360202000.0,None,18824000,1289198000.0,273204000.0,None,85217000,509000.0,81656000.0,41973000.0,103533000.0,515373000.0,360710000.0,366307000.0,None,None,None,368598000.0,None,None,None,None,None,877611000.0,23149000.0,189004000.0,None,None,None,None,None,-89287000,None,None,None,None,None,None,None,None,None,None,None,None,None,None,None,156000000,USD,None,13482000,None,None,None,106585000,None,None,None,None,162040000.0,None,None,None,None,11956000.0,None,254000,45534000.0,None,None,None,3.91,4.37
