,fiscalDateEnding,reportedCurrency_x,totalRevenue,totalOperatingExpense,costOfRevenue,grossProfit,ebit,netIncome_x,researchAndDevelopment,effectOfAccountingCharges,incomeBeforeTax,minorityInterest,sellingGeneralAdministrative,otherNonOperatingIncome,operatingIncome,otherOperatingExpense,interestExpense,taxProvision,interestIncome,netInterestIncome,extraordinaryItems,nonRecurring,otherItems,incomeTaxExpense,totalOtherIncomeExpense,discontinuedOperations,netIncomeFromContinuingOperations,netIncomeApplicableToCommonShares,preferredStockAndOtherAdjustments,reportedCurrency_y,totalAssets,intangibleAssets,earningAssets,otherCurrentAssets,totalLiabilities,totalShareholderEquity,deferredLongTermLiabilities,otherCurrentLiabilities,commonStock,retainedEarnings,otherLiabilities,goodwill,otherAssets,cash,totalCurrentLiabilities,shortTermDebt,currentLongTermDebt,otherShareholderEquity,propertyPlantEquipment,totalCurrentAssets,longTermInvestments,netTangibleAssets,shortTermInvestments,netReceivables,longTermDebt,inventory,accountsPayable,totalPermanentEquity,additionalPaidInCapital,commonStockTotalEquity,preferredStockTotalEquity,retainedEarningsTotalEquity,treasuryStock,accumulatedAmortization,otherNonCurrrentAssets,deferredLongTermAssetCharges,totalNonCurrentAssets,capitalLeaseObligations,totalLongTermDebt,otherNonCurrentLiabilities,totalNonCurrentLiabilities,negativeGoodwill,warrants,preferredStockRedeemable,capitalSurplus,liabilitiesAndShareholderEquity,cashAndShortTermInvestments,accumulatedDepreciation,commonStockSharesOutstanding,reportedCurrency,investments,changeInLiabilities,cashflowFromInvestment,otherCashflowFromInvestment,netBorrowings,cashflowFromFinancing,otherCashflowFromFinancing,changeInOperatingActivities,netIncome_y,changeInCash,operatingCashflow,otherOperatingCashflow,depreciation,dividendPayout,stockSaleAndPurchase,changeInInventory,changeInAccountReceivables,changeInNetIncome,capitalExpenditures,changeInReceivables,changeInExchangeRate,changeInCashAndCashEquivalents,clossingVal,nextClossingVal
0,2020-06-30,USD,92979000,40000,1967000,-1967000,954000,-823000,None,None,-1225000,None,48367000,2961000,-2007000,-48382000,2179000,-402000,None,-2179000,None,55000,None,-402000,2906000,None,-823000,-823000,None,USD,501434000,None,None,7285000,369581000,131853000,62621000,None,117000,204880000,62621000,None,2692000,327000,137263000,64581000,64581000,None,400158000,96757000,None,131853000,25654000,62297000,168492000,1194000,72682000,None,None,117000,None,204880000,-157158000,None,4519000,None,404677000,1205000,168492000,1205000,232318000,None,None,None,84014000,501434000,25981000,None,5775906,USD,861000,-1132000,1836000,785000,-22293000,-22293000,None,3221000,-823000,2000,20459000,1796000,14237000,None,0,None,8893000,-2512000,190000,8893000,None,2000,30.75,
1,2020-03-31,USD,129155000,-15330000,5844000,-5844000,410000,-1304000,None,None,-1802000,None,56555000,-9076000,9486000,-71933000,2212000,-498000,-2212000,-2212000,None,48000,None,-498000,-9124000,None,-1304000,-1304000,None,USD,512485000,None,None,9093000,379830000,132655000,63024000,None,117000,205703000,63024000,None,2654000,325000,125993000,59731000,59731000,None,402848000,105020000,None,132655000,23207000,71175000,189469000,1220000,67606000,None,None,117000,None,205703000,-157158000,None,4617000,None,407465000,1344000,189469000,None,252493000,None,None,None,83993000,512485000,23532000,-184316000,5742330,USD,-20859000,6709000,-20859000,2299000,-2316000,-2637000,None,-1869000,-1304000,7000,23503000,-530000,14295000,None,-321000,None,-5053000,9386000,23158000,-5053000,None,7000,30.75,30.75
2,2019-12-31,USD,123497000,14444000,3440000,-3440000,-15427000,-13636000,None,None,-17804000,None,83835000,2457000,-17884000,-69612000,2377000,-4168000,-2377000,-2377000,None,221000,None,-4168000,2236000,None,-13636000,-13636000,None,USD,498009000,None,None,8669000,364034000,133975000,63522000,1000,117000,207007000,63522000,None,2744000,318000,124845000,67637000,75111000,None,387275000,105892000,None,133975000,29521000,70899000,174187000,1327000,57207000,None,None,117000,None,207007000,-156836650,None,4842000,None,387275000,2097000,174187000,1481000,239190000,None,None,None,83688000,498009000,29839000,-175887000,5748897,USD,1339000,13516000,-8495000,1474000,1275000,606000,None,18663000,-13636000,13000,7902000,1367000,14133000,None,-669000,None,-1428000,-6050000,11308000,-1428000,None,13000,57.71,30.75
3,2019-09-30,USD,128994000,-11321000,3788000,-3788000,8023000,4581000,None,None,5845000,None,62072000,490000,7533000,-74081000,2178000,1264000,-2178000,-2178000,None,688000,None,1264000,-198000,None,4581000,4581000,None,USD,497951000,None,None,8250000,349847000,148104000,None,169254000,116000,220643000,67978000,None,2740000,305000,111537000,61332000,61332000,None,388711000,105098000,None,148104000,28759000,70480000,169254000,1446000,118183000,None,None,116000,None,220643000,-156167000,None,4142000,None,388711000,1078000,169254000,1078000,1078000,None,None,None,83512000,497951000,29064000,None,5753982,USD,883000,1571000,-35353000,4898000,12341000,12166000,None,-783000,4581000,9000,23196000,-722000,14173000,None,-175000,None,1193000,2400000,41134000,1193000,None,9000,59.11,57.71
4,2019-06-30,USD,133000000,-16750000,3539000,-3539000,13014000,8654000,None,None,10955000,None,59184000,-197000,13211000,-76033000,2059000,2301000,-2059000,-2059000,None,99000,None,2301000,-296000,None,8654000,8654000,None,USD,473017000,None,None,7842000,329530000,143487000,66820000,None,116000,216062000,66820000,None,4077000,296000,103298000,58738000,58738000,None,362244000,106696000,None,143487000,29454000,71880000,158397000,1301000,44560000,None,None,116000,None,216062000,-155993000,None,4077000,None,362244000,1015000,158397000,1015000,226232000,None,None,None,83302000,473017000,29750000,None,5757318,USD,762000,221000,-16251000,1973000,-5378000,-17201000,None,456000,8654000,10000,33462000,1248000,13614000,None,-11823000,None,6475000,3250000,18986000,6475000,None,10000,62.0,59.11
5,2019-03-31,USD,128686000,-12681000,2994000,-2994000,13159000,8301000,None,None,11119000,None,58689000,3472000,9687000,-70945000,2040000,2818000,-2040000,-2040000,None,-425000,None,2818000,3897000,None,8301000,8301000,None,USD,465072000,None,None,9114000,318726000,146346000,None,146969000,116000,207408000,64626000,None,2752000,286000,107131000,58508000,58508000,None,346388000,115932000,None,146346000,30805000,77008000,146969000,1471000,113249000,None,None,116000,None,207408000,-144170000,None,2752000,None,346388000,None,146969000,None,211595000,None,None,None,82992000,465072000,31091000,None,5918160,USD,-2211000,2766000,-2211000,5715000,-15904000,-17522000,None,3836000,8301000,4000,19737000,1344000,13187000,None,-1618000,None,-5356000,-505000,7926000,-5356000,None,4000,48.94,62.0
6,2018-12-31,USD,138175000,-17749000,3073000,-3073000,9972000,6070000,0,0,7953000,0,57909000,-4704000,14676000,-74959000,2019000,None,None,None,0,-699000,0,1883000,-6024000,0,6070000,6070000,None,USD,466066000,None,None,10393000,326619000,139447000,61897000,2722000,116000,199107000,61897000,None,2754000,282000,107407000,63908000,63908000,None,354587000,108725000,None,139447000,27549000,69040000,157315000,1461000,43499000,None,None,116000,None,199107000,-142552000,None,2754000,None,357341000,None,157315000,None,219212000,None,None,None,82776000,466066000,27831000,None,5956558,USD,1045000,-12197000,-14660000,6812000,-7058000,-10177000,None,-3212000,6070000,7000,24844000,-1381000,12861000,None,-3119000,None,12577000,6914000,22517000,12577000,None,7000,39.41,48.94
7,2018-09-30,USD,140325000,-16415000,3262000,-3262000,14088000,9248000,0,0,12377000,0,58725000,935000,13153000,-75049000,1711000,None,None,None,0,-91000,0,3129000,-685000,0,9248000,9248000,None,USD,465662000,0,None,9078000,329342000,136320000,0,14270000,116000,193037000,59919000,0,3053000,275000,126377000,62413000,62413000,None,341619000,120990000,None,136320000,28710000,84360000,143046000,1620000,123883000,0,0,116000,0,193037000,-139434000,None,None,None,341619000,None,143046000,None,143046000,None,None,None,82601000,465662000,28985000,-138794000,6012081,USD,-263000,7364000,-3267000,8330000,-21998000,-24700000,None,-1442000,9248000,12000,27979000,-2270000,12168000,0,-2702000,0,-1289000,2758000,11597000,-1289000,None,12000,65.09,39.41
8,2018-06-30,USD,135302000,-13084000,3067000,-3067000,10649000,7289000,0,0,9294000,0,57928000,632000,10017000,-70493000,1355000,None,None,None,0,-519000,0,2005000,-204000,0,7289000,7289000,None,USD,438895000,0,None,6724000,309283000,129612000,56849000,13418000,116000,183789000,56849000,0,3053000,263000,124872000,72029000,72029000,None,318988000,116854000,None,129612000,27860000,80327000,127562000,1680000,52843000,0,0,116000,0,183789000,-136714000,None,3053000,None,322041000,None,127562000,None,184411000,None,None,None,82421000,438895000,28123000,None,6054257,USD,-1424000,1165000,-24278000,2270000,17685000,10490000,None,1899000,7289000,16000,13804000,1774000,12735000,0,-7195000,0,-10565000,1406000,26548000,-10565000,None,16000,46.97,65.09
9,2018-03-31,USD,119458000,-6337000,2581000,-2581000,2877000,1387000,0,0,1717000,0,55578000,-879000,3756000,-61918000,1160000,None,None,None,0,3000,0,330000,-2042000,0,1387000,1387000,None,USD,396817000,0,None,8437000,267532000,129285000,54986000,13199000,115000,176500000,54986000,0,2999000,247000,120259000,77188000,77188000,None,287241000,106577000,None,129285000,26104000,70089000,92287000,1700000,43071000,0,0,115000,0,176500000,-129219000,None,2999000,None,290240000,None,92287000,None,147273000,None,None,None,81889000,396817000,26351000,None,6177139,USD,-582000,5908000,-13046000,174000,-2783000,-2651000,None,3127000,1387000,23000,15720000,1664000,11623000,0,132000,0,-6693000,1831000,13220000,-6693000,None,23000,36.35,46.97
10,2017-12-31,USD,110888000,105079000,2457000,108431000,3736000,31561000,0,0,2666000,0,50819000,384000,3352000,54578000,1070000,None,None,None,0,-318000,0,-28895000,-3458000,0,31561000,31561000,None,USD,392185000,0,None,10112000,264581000,127604000,54691000,98995000,115000,167669000,54691000,0,2999000,224000,110895000,73641000,73641000,7444000,286944000,102242000,None,127604000,26664000,63582000,98995000,1660000,37254000,0,0,115000,0,167669000,-129183000,None,2999000,None,289943000,None,None,None,54691000,None,None,None,81559000,392185000,26888000,-122935000,6160889,USD,-2385000,-10966000,-21566000,9915000,24676000,20290000,None,-1361000,31561000,17000,1293000,-1419000,10941000,0,-4386000,0,-1298000,-29070000,29096000,247000,None,17000,34.43,36.35
11,2017-09-30,USD,108899000,102760000,2371000,106528000,6535000,3446000,0,0,5615000,0,48452000,2767000,3768000,54177000,920000,None,None,None,0,131000,0,2169000,2117000,0,3446000,3446000,None,USD,379362000,0,None,9000000,281074000,98288000,0,88931000,115000,136108000,83253000,0,2393000,207000,108890000,59224000,153862000,5471000,272392000,104577000,None,98288000,24994000,68769000,88931000,1607000,132919000,98288000,0,115000,0,136108000,-124796000,None,2393000,None,274785000,None,None,None,None,None,None,None,81390000,379362000,25201000,None,6303035,USD,2928000,11917000,-16716000,4562000,-4339000,-5097000,None,-2120000,3446000,18000,21831000,-2941000,10177000,0,-758000,0,1683000,-95000,24206000,-673000,None,18000,23.93,34.43
12,2017-06-30,USD,108646000,103444000,2304000,106342000,3548000,1609000,0,0,2613000,0,49112000,650000,2898000,54202000,935000,None,None,None,0,130000,0,1004000,-1402000,0,1609000,1609000,None,USD,366528000,0,None,5959000,270271000,96257000,81702000,20210000,115000,132662000,81702000,0,2392000,189000,86883000,49681000,49681000,6290000,267797000,96339000,None,96257000,24736000,63820000,101686000,1635000,37202000,96257000,0,115000,0,132662000,-124028000,None,2392000,None,270189000,None,101686000,None,183388000,None,None,None,81218000,366528000,24925000,-124072000,6342579,USD,711000,-2731000,-9068000,555000,-4606000,-5733000,None,1738000,1609000,31000,14832000,1738000,10485000,0,-1127000,0,1010000,984000,10334000,2747000,None,31000,18.95,23.93
13,2017-03-31,USD,109405000,104626000,2117000,107288000,4714000,2283000,0,0,3737000,0,50833000,2052000,2662000,53794000,977000,None,None,None,0,-1000,0,1454000,2052000,0,2283000,2283000,None,USD,369821000,0,None,7573000,273951000,95870000,80925000,21739000,115000,131053000,80925000,0,2393000,158000,81928000,43942000,43942000,6554000,266701000,100727000,None,95870000,25520000,65694000,111098000,1782000,37986000,95870000,0,115000,0,131053000,-122835000,None,2393000,None,269094000,None,111098000,None,192023000,None,None,None,80983000,369821000,25678000,-117067000,6406351,USD,2368000,2196000,2202000,3872000,-14747000,-14701000,None,1372000,2283000,21000,12520000,1372000,10671000,0,46000,0,3757000,-245000,4038000,-3757000,None,21000,16.29,18.95
14,2016-12-31,USD,108354000,141817000,-35156000,143510000,1965000,723000,0,0,993000,0,54896000,272000,1693000,87670000,2802000,None,None,None,0,-749000,0,270000,9000,0,723000,723000,None,USD,380066000,0,None,8777000,285908000,94158000,0,124391000,115000,128580000,80293000,0,2392000,137000,81224000,42806000,42806000,7476000,277376000,100298000,None,94158000,27621000,61863000,124391000,1900000,118711000,94158000,0,115000,0,128580000,-122835000,None,2392000,None,279768000,None,None,None,None,None,None,None,80822000,380066000,27758000,-112600000,6396803,USD,26000,-8088000,-16599000,13555000,11691000,11378000,None,-3726000,723000,-2000,5219000,-966000,10103000,0,-313000,0,-6408000,-182000,30180000,3629000,None,-2000,25.98,16.29
15,2016-09-30,USD,109393000,102161000,1937000,107456000,6530000,3451000,0,0,5603000,0,52931000,1235000,5295000,50179000,927000,None,None,None,0,-949000,0,2152000,1267000,0,3451000,3451000,None,USD,376237000,0,None,8061000,283800000,92437000,0,114198000,115000,127857000,None,0,2419000,139000,90505000,41069000,None,6216000,267020000,106798000,None,92437000,25614000,73599000,114198000,1804000,128533000,92437000,0,115000,0,127857000,-122505000,None,None,None,267020000,None,None,None,None,None,None,None,80754000,376237000,25753000,None,6409836,USD,1295000,626000,-9936000,4327000,-3284000,-4115000,None,None,3451000,-7000,14044000,-1768000,10166000,0,-831000,0,10354000,290000,15558000,1279000,None,-7000,20.02,25.98
16,2016-06-30,USD,111516000,102148000,2014000,109502000,7354000,3992000,0,0,6434000,0,53374000,None,7354000,50386000,-910000,None,None,None,0,-1612000,0,2442000,-32000,0,3992000,3992000,None,USD,377761000,0,None,6233000,287138000,90623000,77587000,25837000,115000,124406000,None,0,2419000,146000,94541000,42034000,None,7077000,268368000,106974000,None,90623000,27381000,71434000,115010000,1780000,52507000,90623000,0,115000,0,124406000,-121674000,None,2419000,None,270787000,None,115010000,None,192597000,None,None,None,80699000,377761000,27527000,None,6452328,USD,26000,1808000,-7576000,11960000,14603000,-5170000,None,None,3992000,-13000,12733000,2045000,9668000,0,-19773000,0,11633000,1228000,19562000,-6008000,None,-13000,15.89,20.02
17,2016-03-31,USD,103589000,58446000,39557000,64032000,5564000,2935000,0,0,4742000,0,50659000,-22000,5586000,9177000,822000,None,None,None,0,-1390000,0,1807000,0,0,2935000,2935000,None,USD,378057000,0,None,8344000,272974000,105083000,0,101246000,115000,120414000,None,0,2451000,159000,97335000,40952000,None,5803000,277238000,98368000,None,105083000,25651000,62370000,101246000,1844000,130776000,105083000,105083000,115000,105083000,120414000,-101901000,None,2451000,None,279689000,None,None,None,None,None,None,None,80652000,378057000,25810000,-113277000,7126636,USD,-607000,5844000,-18704000,2731000,3348000,3300000,None,None,2935000,2000,15406000,2131000,9177000,0,-48000,0,0,944000,20828000,-5625000,None,2000,30.8,15.89
18,2015-12-31,USD,102424000,59106000,38343000,64081000,6706000,3233000,0,0,5281000,0,51656000,1731000,4975000,8593000,1425000,None,None,None,0,-1143000,0,2048000,4452000,0,3233000,3233000,None,USD,357995000,0,None,8052000,256441000,101554000,0,99223000,115000,117479000,72309000,0,2442000,157000,86744000,40025000,40025000,5310000,262852000,92701000,None,101554000,24575000,58027000,99223000,1890000,117193000,101554000,101554000,115000,101554000,117479000,-101779000,None,2442000,None,265294000,None,None,None,None,None,None,None,80429000,357995000,24732000,-109087000,7116661,USD,1085000,-22049000,-14828000,3577000,19230000,19230000,None,914000,3233000,-1014000,-5416000,-2556000,8593000,0,0,0,1128000,382000,19490000,6981000,None,-1014000,27.59,30.8
19,2015-09-30,USD,107110000,59429000,37455000,69655000,9494000,5795000,0,0,9362000,0,52334000,-732000,10226000,8452000,132000,None,None,None,0,-1357000,0,3567000,0,0,5795000,5795000,None,USD,350375000,0,None,6676000,252032000,98343000,67044000,79650000,115000,114246000,None,0,2447000,1171000,105338000,39037000,None,5381000,249704000,98224000,None,98343000,24952000,66127000,79650000,1745000,66301000,98343000,98343000,115000,98343000,114246000,-101779000,None,None,None,249704000,None,None,None,67044000,None,None,None,80380000,350375000,26123000,None,7114761,USD,20000,14897000,-46446000,15440000,15332000,-3939000,None,None,5795000,-20505000,29880000,-630000,8452000,0,-19271000,0,0,2540000,61906000,-1174000,None,-20505000,33.05,27.59
