,fiscalDateEnding,reportedCurrency_x,totalRevenue,totalOperatingExpense,costOfRevenue,grossProfit,ebit,netIncome_x,researchAndDevelopment,effectOfAccountingCharges,incomeBeforeTax,minorityInterest,sellingGeneralAdministrative,otherNonOperatingIncome,operatingIncome,otherOperatingExpense,interestExpense,taxProvision,interestIncome,netInterestIncome,extraordinaryItems,nonRecurring,otherItems,incomeTaxExpense,totalOtherIncomeExpense,discontinuedOperations,netIncomeFromContinuingOperations,netIncomeApplicableToCommonShares,preferredStockAndOtherAdjustments,reportedCurrency_y,totalAssets,intangibleAssets,earningAssets,otherCurrentAssets,totalLiabilities,totalShareholderEquity,deferredLongTermLiabilities,otherCurrentLiabilities,commonStock,retainedEarnings,otherLiabilities,goodwill,otherAssets,cash,totalCurrentLiabilities,shortTermDebt,currentLongTermDebt,otherShareholderEquity,propertyPlantEquipment,totalCurrentAssets,longTermInvestments,netTangibleAssets,shortTermInvestments,netReceivables,longTermDebt,inventory,accountsPayable,totalPermanentEquity,additionalPaidInCapital,commonStockTotalEquity,preferredStockTotalEquity,retainedEarningsTotalEquity,treasuryStock,accumulatedAmortization,otherNonCurrrentAssets,deferredLongTermAssetCharges,totalNonCurrentAssets,capitalLeaseObligations,totalLongTermDebt,otherNonCurrentLiabilities,totalNonCurrentLiabilities,negativeGoodwill,warrants,preferredStockRedeemable,capitalSurplus,liabilitiesAndShareholderEquity,cashAndShortTermInvestments,accumulatedDepreciation,commonStockSharesOutstanding,reportedCurrency,investments,changeInLiabilities,cashflowFromInvestment,otherCashflowFromInvestment,netBorrowings,cashflowFromFinancing,otherCashflowFromFinancing,changeInOperatingActivities,netIncome_y,changeInCash,operatingCashflow,otherOperatingCashflow,depreciation,dividendPayout,stockSaleAndPurchase,changeInInventory,changeInAccountReceivables,changeInNetIncome,capitalExpenditures,changeInReceivables,changeInExchangeRate,changeInCashAndCashEquivalents,clossingVal,nextClossingVal
0,2020-06-30,USD,116613000,102406000,None,None,None,11367000,None,None,14207000,None,34198000,None,None,34198000,None,2840000,None,None,None,None,None,2840000,None,None,11367000,11367000,None,USD,1600268000,None,None,None,1264230000,336038000,None,None,607000,273846000,None,None,112623000,107925000,None,None,20000000,7893000,65000,None,866403000,336038000,1000000,506982000,None,None,168679000,None,None,None,None,None,None,None,None,None,None,None,None,None,None,None,None,None,None,None,None,None,None,USD,5795000,0,5795000,None,None,-1432000,None,None,11367000,17574000,12990000,None,None,-1432000,0,None,None,1623000,343000,None,None,None,15.07,
1,2020-03-31,USD,90802000,115941000,None,None,None,-22156000,None,None,-25139000,None,34110000,None,-25139000,34110000,None,-2983000,None,None,None,None,None,-2983000,None,None,-22156000,-22156000,None,USD,1552095000,None,None,None,1246712000,305383000,None,None,606000,263911000,None,None,126988000,89318000,None,20000000,20000000,-12179000,94000,None,826157000,305383000,1000000,504531000,None,None,154427000,None,None,None,None,None,None,None,None,None,None,None,None,None,None,None,None,None,53045000,None,None,None,14000000,USD,16450000,0,16450000,16819000,None,-3208000,None,None,-22156000,11243000,-1312000,None,None,-1426000,-1782000,None,None,20844000,369000,None,None,None,13.75,15.07
2,2019-12-31,USD,124430000,120202000,227841000,-103411000,4228000,3771000,None,None,4228000,None,-81707000,None,4228000,-107639000,None,457000,None,None,None,None,None,457000,None,None,3771000,3771000,None,USD,1634360000,8496000,None,457986000,1270044000,364316000,None,74810000,610000,300988000,642423000,None,52824000,67851000,627608000,20000000,20000000,9369000,42669000,649297000,896642000,364316000,1000000,543829000,None,None,186911000,None,None,None,None,None,None,None,None,None,None,None,None,None,None,None,None,None,53349000,None,None,None,15000000,USD,-41254000,0,-41254000,-149937000,None,-2646000,None,91181000,3771000,-19299000,24358000,None,6052000,-1428000,-1218000,None,-3835000,-128613000,294000,None,None,None,16.09,13.75
3,2019-09-30,USD,119832000,120851000,84781000,35051000,-1019000,-707000,None,None,-1019000,None,36070000,None,-1019000,36070000,None,-312000,None,None,None,None,None,-312000,None,None,-707000,-707000,None,USD,1596767000,None,None,440441000,1233337000,363430000,None,76329000,613000,299553000,None,None,120573000,85777000,1233127000,20000000,20000000,9594000,210000,637286000,854323000,363430000,1000000,523832000,None,None,176313000,None,None,None,None,None,None,None,None,None,None,None,None,None,None,None,None,None,53670000,None,None,None,14000000,USD,-7417000,0,-7417000,-108977000,None,-5238000,None,91181000,-707000,11082000,23926000,None,6052000,-1442000,-3796000,None,-3835000,24633000,313000,None,None,None,17.45,16.09
4,2019-06-30,USD,126998000,125048000,90433000,36565000,1950000,1535000,None,None,1950000,None,34615000,None,1950000,34615000,None,415000,None,None,None,None,None,415000,None,None,1535000,1535000,None,USD,1571026000,None,None,426778000,1203610000,367416000,None,79429000,621000,304513000,None,None,114840000,80772000,1203310000,20000000,20000000,8217000,300000,624722000,848238000,367416000,1000000,522018000,None,None,170718000,None,None,None,None,None,None,None,None,None,None,None,None,None,None,None,None,None,54065000,None,None,None,15000000,USD,-55963000,0,-55963000,-101873000,None,-7513000,None,91181000,1535000,-36201000,26991000,None,6052000,-1494000,-6019000,None,-3835000,25456000,549000,None,None,None,17.37,17.45
5,2019-03-31,USD,124337000,120823000,87122000,37215000,3514000,2748000,None,None,3514000,None,33701000,None,3514000,33701000,None,766000,None,None,None,None,None,766000,None,None,2748000,2748000,None,USD,1539791000,None,None,420312000,1173721000,366070000,None,80332000,634000,308971000,None,None,19366000,117418000,1173321000,20000000,20000000,-832000,400000,653729000,780168000,366070000,1000000,513398000,400000,None,179168000,None,None,None,None,None,None,None,None,None,None,None,None,None,None,None,None,None,55049000,None,None,None,15000000,USD,-47256000,0,-47256000,-46459000,None,-1961000,None,91181000,2748000,-37505000,11405000,None,6052000,-1493000,-468000,None,-3835000,8657000,797000,None,None,None,18.52,17.37
6,2018-12-31,USD,107057000,135578000,226280000,-119223000,-28521000,-24567000,0,0,-31673000,0,0,None,-28521000,-90702000,0,None,None,None,0,0,0,-7106000,-3152000,0,-24567000,-24567000,None,USD,1490131000,6568000,None,403609000,1134049000,356082000,None,71625000,634000,308075000,562612000,None,37694000,163996000,571437000,None,None,-7347000,46645000,685113000,714111000,356082000,1000000,110413000,None,None,479812000,None,None,None,None,None,None,None,None,None,None,None,None,None,None,None,None,None,54720000,None,None,None,15000000,USD,29871000,0,22122000,10000000,None,-6159000,None,125988000,-24567000,55680000,40338000,None,6102000,-4183000,-4596000,None,-3904000,-118262000,1079000,None,None,None,16.65,18.52
7,2018-09-30,USD,108171000,123740000,94540000,13631000,-15569000,-12325000,0,0,-15569000,0,0,None,-15569000,29200000,0,None,None,None,0,0,0,-3244000,0,0,-12325000,-12325000,None,USD,1447030000,0,None,356785000,1058985000,388045000,0,68108000,638000,338448000,1087000,0,94906000,108993000,1057898000,None,None,-6156000,0,587695000,764429000,388045000,1000000,120917000,0,0,969790000,0,0,0,0,0,0,None,None,None,None,None,None,None,None,None,None,None,None,None,None,None,15000000,USD,3633000,0,1964000,10000000,None,-5536000,None,125988000,-12325000,32326000,35696000,None,6102000,-4196000,0,0,-3904000,48021000,1669000,None,None,None,22.95,16.65
8,2018-06-30,USD,116564000,113507000,77488000,39076000,3057000,2487000,0,0,3057000,0,0,None,3057000,36019000,0,None,None,None,0,0,0,570000,0,0,2487000,2487000,None,USD,1389895000,0,None,333199000,982660000,407235000,0,65535000,640000,356057000,2232000,0,102736000,75952000,980428000,20000000,20000000,-5207000,0,519922000,767237000,407235000,1000000,109771000,0,0,894893000,0,0,0,0,0,0,None,None,None,None,None,None,None,None,None,None,None,None,None,None,None,15000000,USD,-10146000,0,-11615000,-5429000,None,-5272000,None,125988000,2487000,-428000,16647000,None,6102000,-4227000,0,0,-3904000,14160000,1473000,None,None,None,24.4,22.95
9,2018-03-31,USD,107379000,107065000,72298000,35081000,314000,330000,0,0,314000,0,0,None,314000,34767000,0,None,None,None,0,0,0,-16000,0,0,330000,330000,None,USD,1367250000,0,None,326079000,955439000,411811000,0,65200000,642000,358651000,5378000,0,95039000,79209000,950061000,20000000,20000000,-2993000,0,510665000,761546000,411811000,1000000,104377000,0,0,864861000,0,0,0,0,0,0,None,None,None,None,None,None,None,None,None,None,None,None,None,None,None,15000000,USD,22394000,0,11180000,-10000000,None,-4464000,None,125988000,330000,14520000,8027000,None,6102000,-4229000,0,0,-3904000,7697000,1218000,None,None,None,22.0,24.4
10,2017-12-31,USD,104453000,468428000,97901000,15912000,-42856000,16476000,0,0,10506000,0,0,None,6552000,30271000,0,None,None,None,0,0,0,-11384000,0,0,-13797000,16476000,None,USD,1357016000,3152000,None,326523000,938205000,418811000,0,53085000,642000,363091000,736409000,3152000,761071000,64680000,920797000,20000000,20000000,46391000,47317000,491270000,794422000,418811000,66969000,94489000,0,0,167438000,0,0,0,0,0,0,None,None,None,None,None,None,None,None,None,None,None,None,None,None,None,15000000,USD,-68268000,0,-74347000,-10000000,None,-18182000,None,95726000,16476000,5737000,93711000,None,5752000,-16302000,0,0,2678000,-72122000,6661000,None,None,None,23.95,22.0
11,2017-09-30,USD,97980000,-205904000,89860000,0,74158000,7435000,0,0,10618000,0,0,None,8120000,-51315000,0,None,None,None,0,0,0,3183000,0,0,44463000,7435000,None,USD,1297556000,0,None,307239000,892626000,404930000,0,40059000,642000,349443000,696065000,0,787433000,68529000,0,20000000,20000000,45167000,0,0,None,404930000,48563000,85792000,0,0,162144000,0,0,0,0,0,0,None,None,None,None,None,None,None,None,None,None,None,None,None,None,None,15000000,USD,-21454000,0,-27076000,0,None,-14130000,None,91693000,7435000,-12551000,55235000,None,0,-12250000,0,0,0,24636000,0,None,None,None,22.55,23.95
12,2017-06-30,USD,76677000,98588000,98588000,0,-21180000,-26456000,0,0,-10178000,0,0,None,-4892000,26834000,0,None,None,None,0,0,0,-476000,0,0,-12343000,-19099000,None,USD,1256292000,0,None,299380000,855521000,400771000,0,31660000,645000,344921000,659385000,0,748991000,81080000,0,20000000,20000000,42488000,0,0,None,400771000,46507000,80334000,0,0,162000000,0,0,0,0,0,0,None,None,None,None,None,None,None,None,None,None,None,None,None,None,None,15000000,USD,8172000,0,2661000,12444000,None,-7902000,None,91693000,-5588000,19319000,23164000,None,0,-8174000,0,0,0,29110000,0,None,None,None,24.5,22.55
13,2017-03-31,USD,79655000,0,74763000,0,0,6756000,0,0,10178000,0,0,None,4892000,0,0,None,None,None,0,0,0,3422000,0,0,0,6756000,None,USD,1178190000,0,None,None,765288000,412902000,0,None,645000,357491000,604809000,0,713694000,61761000,0,None,None,None,0,0,None,None,73009000,None,0,0,125375000,0,0,0,0,0,0,None,None,None,None,None,None,None,None,None,None,None,None,None,None,None,15000000,USD,None,None,-24408000,14357000,None,-4080000,None,None,6756000,None,6398000,None,0,-4080000,0,0,0,None,0,None,None,None,24.45,24.5
14,2016-12-31,USD,81295000,275943000,73501000,39227000,43054000,4863000,0,0,7066000,0,0,None,7794000,-3827000,0,None,None,None,0,0,0,2203000,0,0,28945000,4863000,None,USD,1154137000,3152000,None,258906000,749792000,404345000,0,21694000,644000,349415000,607934000,3152000,628282000,62976000,728470000,20000000,20000000,33220000,47225000,393643000,688318000,404345000,89161000,67587000,0,0,110446000,0,0,0,0,0,0,None,None,None,None,None,None,None,None,None,None,None,None,None,None,None,15000000,USD,-20696000,0,-27362000,-10000000,None,-15803000,None,16305000,4863000,-10562000,32368000,None,5521000,-15803000,0,0,-2721000,-33767000,7725000,None,None,None,25.2,24.45
15,2016-09-30,USD,79284000,0,78052000,0,0,4001000,0,0,5635000,0,0,None,1232000,0,0,None,None,None,0,0,0,1634000,0,0,0,4001000,None,USD,1145378000,0,None,None,738456000,406922000,0,None,644000,351992000,587475000,0,675482000,67372000,0,None,None,None,0,0,None,None,94376000,None,0,0,118200000,0,0,0,0,0,0,None,None,None,None,None,None,None,None,None,None,None,None,None,None,None,15000000,USD,None,None,-27076000,0,None,-11267000,None,None,4001000,None,32397000,None,0,-11885000,0,0,0,None,0,None,None,None,25.63,25.2
16,2016-06-30,USD,73041000,0,65103000,0,0,5969000,0,0,8915000,0,0,None,7938000,0,0,None,None,None,0,0,0,2946000,0,0,0,5969000,None,USD,1112320000,0,None,None,708007000,404313000,0,None,644000,349383000,563738000,0,632748000,61545000,0,None,None,None,0,0,None,None,117828000,None,0,0,114752000,0,0,0,0,0,0,None,None,None,None,None,None,None,None,None,None,None,None,None,None,None,15000000,USD,None,None,-27375000,0,None,-7530000,None,None,5969000,None,22741000,None,0,-7902000,0,0,0,None,0,None,None,None,24.66,25.63
17,2016-03-31,USD,82904000,0,59287000,0,0,14112000,0,0,21438000,0,0,None,23617000,0,0,None,None,None,0,0,0,7326000,0,0,0,14112000,None,USD,1098009000,0,None,None,699784000,398225000,0,None,643000,343415000,547969000,0,603648000,47545000,0,None,None,None,0,0,None,None,150551000,None,0,0,121530000,0,0,0,0,0,0,None,None,None,None,None,None,None,None,None,None,None,None,None,None,None,15000000,USD,None,None,0,0,None,0,None,None,14112000,None,1973000,None,0,-3977000,0,0,0,None,0,None,None,None,24.61,24.66
18,2015-12-31,USD,69373000,246323000,65126000,31617000,33952000,3542000,0,0,4621000,0,0,None,4247000,-2335000,0,None,None,None,0,0,0,1079000,0,0,23283000,3542000,None,USD,1085771000,3152000,None,219877000,691273000,394498000,0,25291000,641000,340911000,555734000,3152000,599581000,73538000,663228000,20000000,20000000,37858000,46144000,369035000,658140000,394498000,76407000,70224000,0,0,104341000,0,0,0,0,0,0,None,None,None,None,None,None,None,None,None,None,None,None,None,None,None,15000000,USD,-5447000,0,-12832000,-10000000,None,-15003000,None,-17823000,3542000,8906000,38197000,None,5037000,-15003000,0,0,22939000,-16553000,7662000,None,None,None,24.03,24.61
19,2015-09-30,USD,73846000,0,55935000,0,0,7780000,0,0,11610000,0,0,None,17911000,0,0,None,None,None,0,0,0,3830000,0,0,0,7780000,None,USD,1093556000,0,None,None,700671000,392885000,0,None,641000,339418000,543963000,0,650782000,69650000,0,None,None,None,0,0,None,None,76895000,None,0,0,124891000,0,0,0,0,0,0,None,None,None,None,None,None,None,None,None,None,None,None,None,None,None,15000000,USD,None,None,0,0,None,0,None,None,7780000,None,30806000,None,0,-11267000,0,0,0,None,0,None,None,None,21.7,24.03
