,fiscalDateEnding,reportedCurrency_x,totalRevenue,totalOperatingExpense,costOfRevenue,grossProfit,ebit,netIncome_x,researchAndDevelopment,effectOfAccountingCharges,incomeBeforeTax,minorityInterest,sellingGeneralAdministrative,otherNonOperatingIncome,operatingIncome,otherOperatingExpense,interestExpense,taxProvision,interestIncome,netInterestIncome,extraordinaryItems,nonRecurring,otherItems,incomeTaxExpense,totalOtherIncomeExpense,discontinuedOperations,netIncomeFromContinuingOperations,netIncomeApplicableToCommonShares,preferredStockAndOtherAdjustments,reportedCurrency_y,totalAssets,intangibleAssets,earningAssets,otherCurrentAssets,totalLiabilities,totalShareholderEquity,deferredLongTermLiabilities,otherCurrentLiabilities,commonStock,retainedEarnings,otherLiabilities,goodwill,otherAssets,cash,totalCurrentLiabilities,shortTermDebt,currentLongTermDebt,otherShareholderEquity,propertyPlantEquipment,totalCurrentAssets,longTermInvestments,netTangibleAssets,shortTermInvestments,netReceivables,longTermDebt,inventory,accountsPayable,totalPermanentEquity,additionalPaidInCapital,commonStockTotalEquity,preferredStockTotalEquity,retainedEarningsTotalEquity,treasuryStock,accumulatedAmortization,otherNonCurrrentAssets,deferredLongTermAssetCharges,totalNonCurrentAssets,capitalLeaseObligations,totalLongTermDebt,otherNonCurrentLiabilities,totalNonCurrentLiabilities,negativeGoodwill,warrants,preferredStockRedeemable,capitalSurplus,liabilitiesAndShareholderEquity,cashAndShortTermInvestments,accumulatedDepreciation,commonStockSharesOutstanding,reportedCurrency,investments,changeInLiabilities,cashflowFromInvestment,otherCashflowFromInvestment,netBorrowings,cashflowFromFinancing,otherCashflowFromFinancing,changeInOperatingActivities,netIncome_y,changeInCash,operatingCashflow,otherOperatingCashflow,depreciation,dividendPayout,stockSaleAndPurchase,changeInInventory,changeInAccountReceivables,changeInNetIncome,capitalExpenditures,changeInReceivables,changeInExchangeRate,changeInCashAndCashEquivalents,clossingVal,nextClossingVal
0,2020-06-30,USD,13739000,None,None,None,None,3250000,None,None,4506000,None,6236000,None,None,947000,1619000,1256000,14654000,13035000,None,None,None,1256000,None,None,3250000,3250000,None,USD,1414812000,None,100118000,None,1178490000,236322000,None,None,195000,98057000,11450000,None,1314729000,38178000,None,None,None,-8708000,19107000,None,36992000,236322000,36992000,4756000,42021000,None,None,None,None,None,None,None,None,None,None,None,None,4534000,None,None,None,None,None,None,146778000,None,None,None,None,USD,-143975000,2704000,-143975000,-7264000,-82989000,143381000,226953000,618000,3250000,3756000,4350000,None,272000,None,None,None,-1520000,-974000,70000,None,None,None,7.86,
1,2020-03-31,USD,13082000,None,None,None,None,1231000,None,None,1677000,None,5861000,None,None,781000,2017000,446000,14089000,12072000,None,None,None,446000,None,None,1231000,1231000,None,USD,1266555000,None,94681000,None,1033897000,232658000,None,None,195000,95390000,10800000,None,1167771000,34422000,None,None,None,-9427000,19309000,None,39081000,232658000,39081000,3236000,125010000,None,None,None,None,None,None,None,None,None,None,None,None,4555000,None,None,None,None,None,None,146500000,None,None,None,None,USD,-172978000,494000,-172978000,-1320000,100012000,143639000,43627000,-1429000,1231000,-25236000,4103000,None,266000,None,None,None,-132000,3673000,420000,None,None,None,8.62,7.86
2,2019-12-31,USD,12543000,6733000,None,10866000,None,2550000,None,None,3399000,None,5723000,None,4133000,313000,1788000,849000,13362000,11574000,None,None,None,849000,-734000,None,2550000,2550000,None,USD,1121788000,None,117799000,2854000,890855000,230933000,None,None,195000,94159000,12075000,None,997629000,59658000,861568000,11498000,11498000,-9595000,18441000,62512000,41790000,230933000,41790000,2854000,24998000,None,849905000,None,None,None,None,None,None,None,None,None,None,3877000,None,None,None,None,None,None,146174000,None,None,None,None,USD,-24482000,228000,-24482000,592000,-4985000,39025000,-47375000,1590000,2550000,20691000,6148000,None,431000,None,91578000,None,-287000,1636000,1073000,None,None,None,12.45,8.62
3,2019-09-30,USD,12097000,6460000,None,11264000,None,3509000,None,None,4804000,None,4969000,None,4804000,893000,2259000,1295000,13316000,11057000,None,None,None,1295000,None,None,3509000,3509000,None,USD,1078365000,None,98954000,2567000,942514000,135851000,None,None,None,91609000,11370000,None,964070000,38967000,902277000,4997000,4997000,-1881000,24057000,43274000,45328000,135851000,45328000,2567000,29983000,1740000,897280000,None,None,None,None,None,-788000,None,None,None,None,3881000,None,None,None,None,None,None,46911000,None,None,None,None,USD,-38208000,404000,-38208000,2200000,-51980000,41898000,93878000,984000,3509000,10686000,6996000,None,192000,None,None,None,659000,1248000,1474000,None,None,None,24.03,12.45
4,2019-06-30,USD,11657000,6883000,None,10303000,None,2531000,None,None,3420000,None,4681000,None,3420000,1047000,2130000,889000,12731000,10601000,None,None,None,889000,None,None,2531000,2531000,None,USD,1031175000,None,95998000,3226000,899412000,131763000,None,None,None,88100000,10146000,None,6398000,28281000,860390000,56988000,56988000,-2116000,22776000,33247000,48590000,131763000,48590000,3226000,81963000,1740000,803402000,None,None,None,None,None,-788000,None,None,None,None,3901000,None,None,None,None,None,None,46567000,None,None,None,19000000,USD,-27503000,72000,-53943000,-50245000,2021000,30146000,49247000,-2765000,2531000,4555000,1912000,None,364000,None,None,None,-55000,1765000,1748000,None,None,None,27.99,24.03
5,2019-03-31,USD,11204000,6746000,None,9742000,None,2218000,None,None,2996000,None,4733000,None,2996000,841000,1971000,778000,12129000,10158000,None,None,None,778000,None,None,2218000,2218000,None,USD,998519000,None,94155000,3171000,870247000,128272000,None,None,None,85569000,11109000,None,895258000,23726000,830256000,54979000,54979000,-2745000,21467000,28617000,49662000,128272000,49662000,3171000,79942000,1720000,775277000,None,None,None,None,None,-788000,None,None,None,None,3919000,None,None,None,None,None,None,46236000,None,None,None,19000000,USD,-26440000,285000,-26440000,-865000,11920000,19101000,7181000,-1518000,2218000,-4887000,2452000,None,404000,None,None,None,-533000,1596000,1950000,None,None,None,22.65,27.99
6,2018-12-31,USD,10214000,6329000,2151000,10214000,0,2835000,0,0,3810000,0,5553000,None,3885000,776000,5213000,None,None,None,0,0,0,975000,-75000,0,2835000,2835000,None,USD,974079000,None,None,2638000,848495000,125584000,None,None,None,83351000,12377000,None,871013000,28613000,811167000,34971000,34971000,-2874000,16086000,32927000,54053000,125584000,17672000,None,24951000,1676000,768096000,None,None,None,None,None,-3407000,None,None,None,None,None,None,None,None,None,None,None,45895000,None,None,None,19000000,USD,1610000,277000,-56590000,-725000,38120000,54531000,16626000,1634000,2835000,2625000,4684000,None,171000,None,-215000,None,None,-179000,1320000,None,None,None,21.68,22.65
7,2018-09-30,USD,9042000,6148000,2850000,9042000,0,2078000,0,0,2819000,0,5393000,None,2894000,755000,0,None,None,None,0,0,0,741000,-75000,0,2078000,2078000,None,USD,915171000,0,None,2584000,793035000,122136000,0,None,0,80516000,11663000,0,817255000,25988000,756432000,4962000,4962000,-3379000,14943000,28572000,54401000,122136000,0,None,24940000,0,751470000,0,0,0,0,0,-3252000,None,None,None,None,None,None,None,None,None,None,None,None,None,None,None,19000000,USD,2367000,71000,-12866000,231000,-9979000,-12778000,-2799000,-282000,2078000,-21817000,3827000,None,180000,0,0,0,0,1870000,785000,None,None,None,28.95,21.68
8,2018-06-30,USD,9644000,6342000,1851000,9644000,0,2390000,0,0,3233000,0,5553000,None,3302000,789000,0,None,None,None,0,0,0,843000,-69000,0,2390000,2390000,None,USD,925440000,0,None,2494000,805452000,119988000,0,None,0,78459000,11302000,0,803325000,47805000,764269000,10000000,10000000,-3127000,14338000,50299000,57478000,119988000,0,None,29881000,0,754269000,0,0,0,0,0,-3332000,None,None,None,None,None,None,None,None,None,None,None,None,None,None,None,19000000,USD,2296000,57000,-8848000,10000,-5330000,29234000,34564000,1586000,2390000,25485000,5099000,None,185000,0,0,0,0,1105000,236000,None,None,None,26.2,28.95
9,2018-03-31,USD,9076000,6294000,1690000,9076000,0,2022000,0,0,2700000,0,4736000,None,4155000,896000,0,None,None,None,0,0,0,678000,-82000,0,2022000,2022000,None,USD,891172000,0,None,2270000,773842000,117330000,0,719705000,0,75799000,8926000,0,94683000,22320000,750055000,30350000,30350000,-3068000,14287000,24590000,59956000,117330000,0,2270000,45211000,0,719705000,0,0,0,0,0,-3392000,None,None,None,None,None,None,None,None,None,None,None,None,None,None,None,19000000,USD,2359000,-27000,-16531000,-312000,18370000,-11982000,-30352000,-224000,2022000,-25369000,3144000,None,185000,0,0,0,75000,1113000,58000,None,None,None,26.55,26.2
10,2017-12-31,USD,39082000,29205000,1524000,39082000,-2860000,1741000,0,0,6239000,0,4636000,None,7757000,3759000,3726000,None,None,None,0,0,0,4498000,-309000,0,6544000,1741000,None,USD,902265000,0,None,5631000,786488000,115777000,0,750057000,0,74636000,9590000,0,98171000,47689000,762057000,12000000,12000000,-2268000,10981000,53320000,63283000,115777000,37363000,2345000,26841000,3286000,750057000,0,0,0,0,0,-3451000,None,None,None,None,None,None,None,None,None,None,None,None,None,None,None,19000000,USD,58164000,418000,-70956000,-4567000,-23017000,98464000,122075000,-148000,1741000,36984000,9476000,None,811000,0,0,0,0,505000,3426000,None,None,None,26.45,26.55
11,2017-09-30,USD,0,-11567000,2017000,0,8580000,2771000,0,0,4205000,0,4503000,None,5410000,-524000,0,None,None,None,0,0,0,1434000,0,0,3374000,2771000,None,USD,928579000,0,None,5848000,812525000,116054000,0,725273000,0,75189000,8887000,0,148096000,0,0,78365000,78365000,-131000,11156000,0,None,116054000,0,2635000,78365000,3213000,725273000,0,0,0,0,0,-3409000,None,None,None,None,None,None,None,None,None,None,None,None,None,None,None,19000000,USD,13555000,316000,0,0,18290000,125306000,97291000,1032000,2771000,5641000,8162000,None,0,0,0,0,0,-260000,3410000,None,None,None,23.15,26.45
12,2017-06-30,USD,0,5802000,1770000,0,-8580000,1601000,0,0,2240000,0,4334000,None,3569000,-712000,0,None,None,None,0,0,0,639000,0,0,-3805000,1601000,None,USD,883142000,0,None,2532000,769140000,114002000,0,701350000,0,73385000,7715000,0,154664000,0,0,60075000,60075000,777000,14457000,0,None,114002000,0,2532000,60075000,0,701350000,0,0,0,0,0,-3359000,None,None,None,None,None,None,None,None,None,None,None,None,None,None,None,19000000,USD,2087000,-5000,0,0,27205000,83202000,73368000,313000,1601000,589000,4051000,None,0,0,0,0,0,1397000,3290000,None,None,None,22.5,23.15
13,2017-03-31,USD,0,0,1344000,0,2860000,1802000,0,0,2649000,0,4297000,None,3765000,563000,0,None,None,None,0,0,0,847000,0,0,1802000,1802000,None,USD,832941000,0,None,2333000,721706000,111235000,0,680597000,0,70814000,8239000,0,156259000,0,0,32870000,32870000,-253000,14461000,0,None,111235000,0,2333000,32870000,0,680597000,0,0,0,0,0,-3258000,None,None,None,None,None,None,None,None,None,None,None,None,None,None,None,19000000,USD,-33607000,-255000,0,0,-16988000,35405000,52615000,-434000,1802000,642000,1926000,None,0,0,0,0,0,426000,3082000,None,None,None,20.95,22.5
14,2016-12-31,USD,29841000,20154000,913000,29841000,-852000,1728000,0,0,2458000,0,3871000,None,3644000,2914000,2785000,None,None,None,0,0,0,730000,-323000,0,5817000,1728000,None,USD,795543000,0,None,2320000,686394000,109149000,0,627982000,0,68851000,8554000,0,148826000,10705000,662982000,35000000,35000000,-473000,11587000,13025000,120654000,109149000,2766000,2320000,49858000,0,627982000,0,0,0,0,0,-3095000,None,None,None,None,None,None,None,None,None,None,None,None,None,None,None,19000000,USD,9050000,50000,-61549000,523000,-7565000,43182000,50747000,456000,1728000,-9759000,8608000,None,832000,0,0,0,0,1000000,873000,None,None,None,17.9,20.95
15,2016-09-30,USD,0,0,876000,0,3328000,1761000,0,0,2701000,0,3793000,None,3911000,-134000,0,None,None,None,0,0,0,940000,0,0,2133000,1761000,None,USD,768202000,0,None,None,659859000,108343000,0,610331000,0,68260000,8070000,0,144366000,0,0,41458000,41458000,605000,11682000,0,None,108343000,0,2018000,41458000,0,610331000,0,0,0,0,0,-3154000,None,None,None,None,None,None,None,None,None,None,None,None,None,None,None,19000000,USD,-2588000,852000,0,0,2511000,17131000,33096000,-69000,1761000,5862000,6567000,None,0,0,0,0,233000,-180000,704000,None,None,None,15.6,17.9
16,2016-06-30,USD,0,0,891000,0,-4801000,1363000,0,0,2022000,0,3740000,None,3150000,-123000,0,None,None,None,0,0,0,659000,0,0,-3098000,1363000,None,USD,760425000,0,None,None,653494000,106931000,0,607329000,0,66943000,7218000,0,151744000,0,0,38947000,38947000,989000,11876000,0,None,106931000,0,2183000,38947000,0,607329000,0,0,0,0,0,-3214000,None,None,None,None,None,None,None,None,None,None,None,None,None,None,None,19000000,USD,-21059000,-82000,0,0,9512000,11618000,30094000,-477000,1363000,949000,3615000,None,0,0,0,0,68000,278000,689000,None,None,None,15.42,15.6
17,2016-03-31,USD,0,0,808000,0,2325000,1487000,0,0,2183000,0,3632000,None,3268000,111000,0,None,None,None,0,0,0,696000,0,0,1487000,1487000,None,USD,736572000,0,None,None,633097000,103475000,0,596369000,0,63572000,7293000,0,153049000,0,0,29435000,29435000,-1079000,12081000,0,None,103475000,0,2220000,29435000,0,596369000,0,0,0,0,0,-3274000,None,None,None,None,None,None,None,None,None,None,None,None,None,None,None,19000000,USD,2979000,-33000,2297000,0,-27988000,0,19134000,11000,1487000,-4485000,2072000,None,0,0,0,0,31000,168000,682000,None,None,None,13.23,15.42
18,2015-12-31,USD,26279000,18565000,670000,26279000,0,1451000,0,0,2093000,0,3609000,None,3198000,3068000,2174000,None,None,None,0,0,0,642000,-2528000,0,3823000,1410000,None,USD,743397000,0,None,2251000,641991000,101406000,0,577235000,0,61580000,7333000,0,156398000,20464000,626347000,49112000,49112000,-1643000,11606000,22715000,128917000,101406000,13162000,2251000,57423000,0,577235000,0,0,0,0,0,-3333000,None,None,None,None,None,None,None,None,None,None,None,None,None,None,None,None,USD,-5739000,-6000,-74963000,-5865000,18186000,79050000,40551000,-243000,1451000,10906000,6819000,None,713000,-167000,0,0,0,2581000,1819000,None,None,None,12.99,13.23
19,2015-09-30,USD,0,0,741000,0,0,130000,0,0,-1690000,0,3531000,None,3149000,0,0,None,None,None,0,0,0,-460000,0,0,0,89000,None,USD,699112000,0,None,None,582098000,117014000,0,None,0,60193000,6587000,0,140767000,0,0,None,None,None,10203000,0,None,None,0,None,17412000,0,558099000,0,0,0,17145000,0,-3452000,None,None,None,None,None,None,None,None,None,None,None,None,None,None,None,None,USD,None,None,0,0,None,36836000,21165000,None,130000,None,3919000,None,0,-129000,0,0,55000,None,249000,None,None,None,12.39,12.99
