,fiscalDateEnding,reportedCurrency_x,totalRevenue,totalOperatingExpense,costOfRevenue,grossProfit,ebit,netIncome_x,researchAndDevelopment,effectOfAccountingCharges,incomeBeforeTax,minorityInterest,sellingGeneralAdministrative,otherNonOperatingIncome,operatingIncome,otherOperatingExpense,interestExpense,taxProvision,interestIncome,netInterestIncome,extraordinaryItems,nonRecurring,otherItems,incomeTaxExpense,totalOtherIncomeExpense,discontinuedOperations,netIncomeFromContinuingOperations,netIncomeApplicableToCommonShares,preferredStockAndOtherAdjustments,reportedCurrency_y,totalAssets,intangibleAssets,earningAssets,otherCurrentAssets,totalLiabilities,totalShareholderEquity,deferredLongTermLiabilities,otherCurrentLiabilities,commonStock,retainedEarnings,otherLiabilities,goodwill,otherAssets,cash,totalCurrentLiabilities,shortTermDebt,currentLongTermDebt,otherShareholderEquity,propertyPlantEquipment,totalCurrentAssets,longTermInvestments,netTangibleAssets,shortTermInvestments,netReceivables,longTermDebt,inventory,accountsPayable,totalPermanentEquity,additionalPaidInCapital,commonStockTotalEquity,preferredStockTotalEquity,retainedEarningsTotalEquity,treasuryStock,accumulatedAmortization,otherNonCurrrentAssets,deferredLongTermAssetCharges,totalNonCurrentAssets,capitalLeaseObligations,totalLongTermDebt,otherNonCurrentLiabilities,totalNonCurrentLiabilities,negativeGoodwill,warrants,preferredStockRedeemable,capitalSurplus,liabilitiesAndShareholderEquity,cashAndShortTermInvestments,accumulatedDepreciation,commonStockSharesOutstanding,reportedCurrency,investments,changeInLiabilities,cashflowFromInvestment,otherCashflowFromInvestment,netBorrowings,cashflowFromFinancing,otherCashflowFromFinancing,changeInOperatingActivities,netIncome_y,changeInCash,operatingCashflow,otherOperatingCashflow,depreciation,dividendPayout,stockSaleAndPurchase,changeInInventory,changeInAccountReceivables,changeInNetIncome,capitalExpenditures,changeInReceivables,changeInExchangeRate,changeInCashAndCashEquivalents,clossingVal,nextClossingVal
0,2020-06-30,USD,9253000,11470000,4204000,5049000,-6445000,-6552000,6314000,None,-6445000,None,5156000,-24000,-6421000,None,82000,107000,21000,-61000,None,None,None,107000,37000,None,-6552000,-6552000,None,USD,68972000,1955000,None,1783000,26517000,42455000,None,2184000,442998000,-400556000,4456000,18407000,1264000,20417000,16591000,4329000,4329000,13000,6138000,33884000,None,22093000,992000,5925000,None,4767000,14534000,None,None,442998000,None,-400556000,None,None,8588000,None,35088000,7410000,None,5470000,5470000,None,None,None,None,68972000,21409000,None,None,USD,1500000,-1241000,1092000,None,-360000,2126000,2474000,614000,-6552000,2484000,-734000,2118000,1245000,None,12000,-227000,2925000,2243000,408000,2925000,None,2484000,3.23,
1,2020-03-31,USD,13774000,12052000,6999000,6775000,-5223000,-5399000,6267000,None,-5223000,None,5193000,54000,-5277000,None,40000,176000,51000,11000,None,592000,None,176000,-549000,None,-5399000,-5399000,None,USD,70743000,2329000,None,2067000,26472000,44271000,None,1579000,438269000,-394004000,3839000,18407000,1355000,17933000,17066000,5157000,5157000,6000,5284000,35874000,None,23535000,2484000,8850000,None,4540000,14169000,None,None,438269000,None,-394004000,None,None,8849000,None,34869000,7512000,None,5567000,5567000,None,None,None,None,70743000,20417000,None,39000000,USD,4498000,-295000,4294000,4498000,5157000,5482000,None,-1075000,-5399000,10676000,900000,1866000,-10000,None,325000,861000,2065000,1812000,204000,2065000,None,10676000,2.85,3.23
2,2019-12-31,USD,16023000,12198000,8723000,7300000,-4412000,-4294000,6724000,None,-4412000,None,5474000,486000,-4898000,None,35000,-118000,66000,31000,None,None,None,-118000,293000,None,-4294000,-4294000,None,USD,64657000,2704000,None,1689000,17128000,47529000,None,1942000,436122000,-388605000,3242000,18407000,1267000,7257000,9674000,None,None,12000,4608000,32237000,None,26418000,6975000,10915000,None,5401000,9674000,None,None,436122000,None,-388605000,None,None,6701000,None,32420000,5757000,None,7454000,7454000,None,None,None,None,64657000,14232000,None,38434488,USD,-277000,-2409000,-674000,521000,-237000,-237000,-826000,-162000,-4456000,-8339000,-7428000,2151000,-134000,None,570000,-2268000,-2058000,1746000,918000,-2058000,None,-8339000,3.92,2.85
3,2019-09-30,USD,18057000,11791000,8710000,9347000,-2374000,-2306000,6458000,None,-2374000,None,5333000,70000,-2444000,None,40000,-68000,75000,35000,None,None,None,-68000,35000,None,-2306000,-2306000,None,USD,67666000,3078000,None,1586000,17469000,50197000,None,527000,434325000,-384149000,2824000,18407000,1504000,15596000,11423000,None,None,21000,4215000,35854000,None,28712000,6682000,8857000,None,3133000,13720000,None,None,434325000,None,-384149000,None,None,6112000,None,31812000,5011000,None,3222000,3222000,None,None,None,None,67666000,22278000,None,38000000,USD,-457000,152000,-457000,3721000,-252000,3000,-589000,671000,-2306000,-1150000,-696000,1318000,1398000,None,570000,-291000,-1504000,1473000,373000,-1504000,None,-1150000,3.7,3.92
4,2019-06-30,USD,18027000,19950000,8651000,9376000,-922000,-2448000,6364000,None,-2217000,None,4859000,104000,-1923000,None,34000,231000,85000,51000,None,398000,None,231000,-345000,None,-2448000,-2448000,None,USD,69274000,3452000,None,2303000,18523000,50751000,None,1964000,432572000,-381843000,3009000,18407000,1606000,16746000,11919000,None,None,22000,9990000,35819000,None,28892000,6575000,7353000,None,2842000,2183000,None,None,432572000,None,-381843000,None,None,1606000,None,33455000,5632000,None,674000,6604000,None,None,None,None,69274000,23321000,None,38000000,USD,-182000,-482000,-182000,3805000,-196000,-196000,-337000,841000,-2448000,-600000,-222000,873000,1261000,None,315000,176000,-1500000,1637000,204000,-1500000,None,-600000,2.95,3.7
5,2019-03-31,USD,16648000,11932000,8176000,8472000,379000,-29000,6472000,None,379000,None,5460000,3839000,-3460000,None,166000,408000,46000,-66000,None,None,None,408000,3905000,None,-29000,-29000,None,USD,70611000,3826000,None,2828000,23809000,46802000,None,700000,430907000,-384124000,3042000,18407000,1700000,17346000,16867000,2213000,2213000,19000,5409000,35611000,None,24569000,6566000,5853000,3900000,3018000,19209000,None,None,430907000,None,-384124000,None,None,7358000,None,35000000,6113000,None,3900000,3900000,None,None,None,None,70611000,23912000,None,39000000,USD,-467000,-1428000,1262000,3384000,-141000,174000,-141000,-2864000,-29000,-598000,-2034000,-654000,1271000,None,315000,-76000,1129000,-2247000,1655000,1129000,None,-598000,3.92,2.95
6,2018-12-31,USD,20539000,12412000,9634000,10905000,-1589000,-1641000,6673000,0,-1589000,0,5310000,-82000,-1507000,0,-176000,None,None,None,0,429000,0,52000,-528000,0,-1641000,-1641000,None,USD,65341000,4208000,None,1494000,20518000,44823000,None,4788000,428903000,-384095000,3316000,18407000,1132000,17944000,17202000,None,None,15000,6151000,35443000,None,22208000,6069000,6982000,None,2954000,17202000,None,None,428903000,None,-384095000,None,None,1132000,None,29898000,None,None,3316000,3316000,None,None,None,None,65341000,24013000,None,36937458,USD,21000,174000,-344000,-345000,-688000,-512000,-1874000,676000,-1641000,-113000,743000,2071000,-347000,None,176000,71000,-1211000,1626000,365000,-1211000,None,-113000,2.9,3.92
7,2018-09-30,USD,21472000,10806000,10235000,11237000,319000,231000,5322000,0,319000,0,5070000,-112000,431000,0,-190000,None,None,None,0,414000,0,88000,-623000,0,231000,231000,None,USD,64088000,4607000,None,1762000,19435000,44653000,0,883000,427090000,-382454000,3183000,18407000,1312000,18057000,16252000,None,None,17000,5062000,34700000,None,21639000,6069000,5771000,0,3041000,18552000,0,0,427090000,0,-382454000,0,None,1312000,None,29388000,None,None,None,None,None,None,None,None,64088000,24126000,None,38000000,USD,-3323000,-469000,-3728000,0,-550000,712000,None,793000,231000,614000,3630000,452000,1313000,0,1262000,-197000,818000,1482000,405000,818000,None,614000,4.51,2.9
8,2018-06-30,USD,19251000,11984000,9717000,9534000,-2581000,-2613000,6423000,0,-2581000,0,4959000,-131000,-2450000,0,-198000,None,None,None,0,602000,0,32000,-972000,0,-2613000,-2613000,None,USD,61850000,5058000,None,2097000,20148000,41702000,0,985000,424369000,-382685000,3311000,18407000,1341000,17443000,16837000,None,None,18000,5299000,31745000,None,18237000,2726000,6589000,0,2890000,19163000,0,0,424369000,0,-382685000,0,None,1341000,None,30105000,None,None,None,None,None,None,None,None,61850000,20169000,None,36000000,USD,-2725000,1764000,-3901000,0,-291000,-279000,None,2665000,-2613000,-3168000,1012000,1914000,1320000,0,12000,-540000,-2138000,1305000,1176000,-2138000,None,-3168000,3.61,4.51
9,2018-03-31,USD,15292000,9096000,7490000,7802000,-322000,-598000,4463000,0,-322000,0,4614000,972000,-1294000,0,-357000,None,None,None,0,19000,0,276000,831000,0,-598000,-598000,None,USD,62463000,5457000,None,3736000,19547000,42916000,0,1173000,422968000,-380072000,3526000,18407000,1341000,20611000,16021000,None,None,20000,5871000,31387000,None,19052000,0,4451000,0,2589000,18374000,0,0,422968000,0,-380072000,0,None,1341000,None,31076000,None,None,None,None,None,None,None,None,62463000,20611000,None,35000000,USD,-2725000,-3122000,-150000,0,-2565000,-2332000,None,-6206000,-598000,-6912000,-4430000,-2256000,1294000,0,233000,135000,189000,-72000,150000,189000,None,-6912000,3.87,3.61
10,2017-12-31,USD,18448000,12202000,9288000,9160000,-3961000,-3552000,6695000,0,-3961000,0,5068000,-919000,-3042000,0,371000,None,None,None,0,439000,0,-409000,-7992000,0,-3552000,-3552000,None,USD,67543000,5856000,None,1328000,28106000,39437000,0,16387000,418891000,-379474000,3769000,18407000,25601000,27523000,18268000,6069000,6069000,20000,5605000,36337000,None,15174000,0,4640000,6069000,2846000,18268000,0,0,418891000,0,-379474000,0,None,1338000,None,31206000,None,6069000,3769000,9838000,None,None,None,None,67543000,27523000,None,34651087,USD,-6027000,-1175000,-184000,0,-800000,8000,None,5469000,-3552000,1194000,1370000,2188000,721000,0,808000,1036000,-554000,1708000,184000,444000,None,1194000,6.33,3.87
11,2017-09-30,USD,18758000,13389000,9747000,9011000,-4906000,-4706000,5325000,0,-4906000,0,6583000,-528000,-4378000,0,457000,None,None,None,0,1481000,0,-200000,0,0,-4706000,-4706000,None,USD,70479000,6414000,None,2191000,29784000,40695000,0,2227000,416607000,-375922000,4450000,18021000,25546000,26329000,19573000,5761000,5761000,10000,6271000,38662000,None,16260000,0,5084000,5761000,5058000,21796000,0,0,416607000,0,-375922000,0,None,1111000,None,31817000,None,5761000,None,5761000,None,None,None,None,70479000,26329000,None,33000000,USD,-2725000,-1819000,430000,1901000,-5316000,-5060000,None,287000,-4706000,-5917000,-1287000,1420000,1238000,0,256000,-507000,998000,1527000,1471000,1560000,None,-5917000,4.71,6.33
12,2017-06-30,USD,20721000,9161000,9520000,11201000,1933000,1264000,4501000,0,1933000,0,4660000,-107000,2040000,0,138000,None,None,None,0,-2962000,0,669000,0,0,1264000,1264000,None,USD,46634000,0,None,1341000,19821000,26813000,0,1029000,398019000,-371216000,3075000,0,781000,32246000,16746000,None,None,10000,4636000,41217000,None,26813000,0,5676000,0,1954000,18792000,0,0,398019000,0,-371216000,0,None,781000,None,5417000,None,None,None,None,None,None,None,None,46634000,32246000,None,32000000,USD,None,1738000,-423000,0,-560000,-277000,None,3524000,1264000,12606000,13306000,3933000,975000,0,283000,524000,2558000,940000,423000,3932000,None,12606000,4.59,4.71
13,2017-03-31,USD,22710000,9045000,10318000,12392000,3254000,2821000,4906000,0,3254000,0,4139000,-93000,3347000,0,108000,None,None,None,0,1481000,0,433000,0,0,2821000,2821000,None,USD,43272000,0,None,5258000,18956000,24316000,0,1240000,396786000,-372480000,3084000,0,760000,19640000,15872000,None,None,10000,5528000,36984000,None,24316000,0,9608000,0,2478000,17716000,0,0,396786000,0,-372480000,0,None,760000,None,6288000,None,None,None,None,None,None,None,None,43272000,19640000,None,31000000,USD,None,4910000,-406000,0,-43000,1614000,None,-4261000,2821000,18000,-1190000,-4261000,839000,0,1657000,325000,6490000,666000,406000,-6490000,None,18000,4.66,4.59
14,2016-12-31,USD,15987000,8068000,7483000,8504000,335000,337000,4415000,0,335000,0,3653000,-101000,436000,0,-446000,None,None,None,0,2739000,0,-2000,-4798000,0,337000,337000,None,USD,30857000,0,None,736000,11808000,19049000,0,7860000,394296000,-375257000,2074000,0,785000,19622000,9734000,None,None,10000,3793000,26279000,None,19049000,0,3118000,0,2803000,9734000,0,0,394296000,0,-375257000,0,None,785000,None,4578000,None,None,2074000,2074000,None,None,None,None,30857000,19622000,None,28885795,USD,-6027000,103000,-361000,0,-298000,376000,None,-65000,337000,3042000,3027000,-126000,828000,0,674000,280000,2870000,828000,361000,777000,None,3042000,2.8,4.66
15,2016-09-30,USD,13656000,7517000,7099000,6557000,-1059000,-1242000,4442000,0,-1059000,0,3072000,-99000,-960000,0,0,None,None,None,0,3000,0,183000,0,0,-1242000,-1242000,None,USD,29248000,0,None,661000,12020000,17228000,0,398000,392816000,-375594000,2324000,0,759000,16580000,9696000,None,None,6000,4269000,24220000,None,17228000,0,3895000,0,3084000,11622000,0,0,392816000,0,-375594000,0,None,759000,None,5028000,None,None,None,None,None,None,None,None,29248000,16580000,None,28000000,USD,None,-194000,-1527000,0,-353000,-93000,None,64000,-1242000,-1170000,450000,64000,816000,0,260000,261000,2093000,794000,1527000,-49000,None,-1170000,2.79,2.8
16,2016-06-30,USD,12580000,7751000,6165000,6415000,-1443000,-1560000,4504000,0,-1443000,0,3180000,-107000,-1336000,0,0,None,None,None,0,67000,0,117000,0,0,-1560000,-1560000,None,USD,31361000,0,None,730000,13935000,17426000,0,565000,391772000,-374352000,2425000,0,763000,17750000,11510000,None,None,6000,4927000,25671000,None,17426000,0,3846000,0,3345000,13370000,0,0,391772000,0,-374352000,0,None,763000,None,5690000,None,None,None,None,None,None,None,None,31361000,17750000,None,28000000,USD,None,-2149000,-108000,0,-3542000,-3542000,None,-69000,-1560000,-5185000,-1535000,-69000,832000,0,16356000,-1147000,2142000,710000,108000,1848000,None,-5185000,1.84,2.79
17,2016-03-31,USD,11167000,12078000,7575000,3592000,-8585000,-8642000,5675000,0,-8585000,0,3865000,-99000,-8486000,0,0,None,None,None,0,2538000,0,57000,0,0,-8642000,-8642000,None,USD,36583000,0,None,681000,18303000,18280000,0,629000,391066000,-372792000,2489000,0,756000,22935000,15814000,3000000,None,6000,4320000,31507000,None,18280000,0,5694000,0,2197000,14674000,0,0,391066000,0,-372792000,0,None,756000,None,5076000,None,None,None,None,None,None,None,None,36583000,22935000,None,28000000,USD,None,1158000,-148000,0,-174000,-31000,None,None,-8642000,-3656000,-3477000,-35000,990000,0,143000,785000,294000,1973000,148000,294000,None,-3656000,2.19,1.84
18,2015-12-31,USD,13477000,9724000,6663000,6814000,-3039000,-3167000,6076000,0,-3039000,0,3648000,-129000,-2910000,0,129000,None,None,None,0,2608000,0,128000,-446000,0,-3167000,-3167000,None,USD,43842000,0,None,644000,17466000,26376000,0,8528000,390520000,-364150000,2773000,0,810000,26591000,14693000,3000000,3000000,6000,6543000,36489000,None,26376000,0,5988000,0,3266000,11693000,0,0,390520000,0,-364150000,0,None,810000,None,7353000,None,None,2773000,2773000,None,None,None,None,43842000,26591000,None,27764208,USD,-6027000,210000,-468000,0,-140000,-140000,None,509000,-3167000,-2433000,-1825000,138000,1038000,0,16356000,245000,-1340000,965000,523000,-1254000,None,-2433000,2.38,2.19
19,2015-09-30,USD,16570000,9479000,8292000,8278000,-1306000,-1243000,6145000,0,-1306000,0,3334000,-105000,-1201000,0,105000,None,None,None,0,0,0,-63000,0,0,-1243000,-1243000,None,USD,45883000,0,None,996000,17266000,28617000,0,819000,389589000,-360983000,2747000,0,766000,29024000,14519000,3000000,None,11000,6852000,38265000,None,28617000,0,4734000,0,3511000,13447000,0,0,389589000,0,-360983000,0,None,766000,None,7618000,None,None,None,None,None,None,None,None,45883000,29024000,None,26000000,USD,None,-442000,-2011000,0,-205000,16775000,None,None,-1243000,14592000,-172000,169000,1086000,0,16980000,-636000,86000,895000,2011000,-1000,None,14592000,3.61,2.38
