,fiscalDateEnding,reportedCurrency_x,totalRevenue,totalOperatingExpense,costOfRevenue,grossProfit,ebit,netIncome_x,researchAndDevelopment,effectOfAccountingCharges,incomeBeforeTax,minorityInterest,sellingGeneralAdministrative,otherNonOperatingIncome,operatingIncome,otherOperatingExpense,interestExpense,taxProvision,interestIncome,netInterestIncome,extraordinaryItems,nonRecurring,otherItems,incomeTaxExpense,totalOtherIncomeExpense,discontinuedOperations,netIncomeFromContinuingOperations,netIncomeApplicableToCommonShares,preferredStockAndOtherAdjustments,reportedCurrency_y,totalAssets,intangibleAssets,earningAssets,otherCurrentAssets,totalLiabilities,totalShareholderEquity,deferredLongTermLiabilities,otherCurrentLiabilities,commonStock,retainedEarnings,otherLiabilities,goodwill,otherAssets,cash,totalCurrentLiabilities,shortTermDebt,currentLongTermDebt,otherShareholderEquity,propertyPlantEquipment,totalCurrentAssets,longTermInvestments,netTangibleAssets,shortTermInvestments,netReceivables,longTermDebt,inventory,accountsPayable,totalPermanentEquity,additionalPaidInCapital,commonStockTotalEquity,preferredStockTotalEquity,retainedEarningsTotalEquity,treasuryStock,accumulatedAmortization,otherNonCurrrentAssets,deferredLongTermAssetCharges,totalNonCurrentAssets,capitalLeaseObligations,totalLongTermDebt,otherNonCurrentLiabilities,totalNonCurrentLiabilities,negativeGoodwill,warrants,preferredStockRedeemable,capitalSurplus,liabilitiesAndShareholderEquity,cashAndShortTermInvestments,accumulatedDepreciation,commonStockSharesOutstanding,reportedCurrency,investments,changeInLiabilities,cashflowFromInvestment,otherCashflowFromInvestment,netBorrowings,cashflowFromFinancing,otherCashflowFromFinancing,changeInOperatingActivities,netIncome_y,changeInCash,operatingCashflow,otherOperatingCashflow,depreciation,dividendPayout,stockSaleAndPurchase,changeInInventory,changeInAccountReceivables,changeInNetIncome,capitalExpenditures,changeInReceivables,changeInExchangeRate,changeInCashAndCashEquivalents,clossingVal,nextClossingVal
0,2020-06-30,USD,460623000,430089000,317939000,460623000,30534000,20614000,None,None,26907000,1337000,48428000,None,30534000,381661000,3627000,4956000,None,-3627000,None,None,None,4956000,None,None,21951000,15707000,3347000,USD,757737000,None,None,33292000,791091000,-307572000,859000,31924000,451000,212104000,110029000,79634000,101210000,75699000,228919000,20107000,20107000,-21104000,200581000,225473000,32158000,-128712000,None,83936000,327932000,32546000,176888000,None,None,451000,None,212104000,-742600000,None,214913000,None,4978000,150753000,327932000,233381000,562172000,None,258494000,None,243577000,757737000,75699000,None,32300000,USD,489000,12159000,-7360000,13000,-15524000,-7222000,-550000,21638000,21951000,39342000,53924000,13661000,12377000,-10696000,19548000,-2736000,-6732000,3244000,7862000,-6732000,None,39342000,79.41,
1,2020-03-31,USD,409859000,394387000,288484000,409859000,15472000,8443000,None,None,11505000,550000,47651000,None,15472000,346736000,3967000,2512000,None,-3967000,None,None,None,2512000,None,None,8993000,4972000,3471000,USD,718268000,None,None,27956000,786713000,-342309000,607000,31281000,448000,202287000,99528000,79739000,94776000,36376000,215651000,20623000,20623000,-20768000,205035000,185193000,36527000,-164193000,None,91051000,342611000,29810000,163747000,None,None,448000,None,202287000,-744463000,None,210080000,None,1694000,153954000,342611000,227844000,571062000,None,257855000,None,220187000,718268000,36376000,None,32000000,USD,-3623000,3269000,-9555000,1000,-4360000,-15531000,-1733000,6353000,8993000,8648000,33734000,7160000,12295000,-10649000,1211000,-2281000,-1839000,6137000,5933000,-1839000,None,8648000,53.37,79.41
2,2019-12-31,USD,417514000,419346000,291640000,417514000,972000,-2142000,None,None,-4824000,464000,70104000,1104000,-132000,353981000,5796000,-3146000,None,-5796000,None,-4739000,None,-3146000,3954000,None,-1678000,-5612000,3470000,USD,730721000,None,None,33371000,790459000,-332321000,2649000,30639000,447000,205697000,102298000,80340000,99482000,27911000,207945000,20000000,20000000,-10185000,211741000,181546000,33010000,-155743000,None,92735000,347290000,27529000,157306000,None,None,447000,None,205697000,-747327000,None,222245000,None,1839000,157941000,347290000,232575000,582514000,None,256918000,None,219047000,730721000,27911000,None,31900000,USD,-6590000,-5344000,-8433000,8321000,-8060000,-3900000,-8235000,10587000,-1678000,-583000,11750000,6125000,12179000,-10593000,22988000,-2217000,2827000,-142000,10164000,2827000,None,-583000,63.15,53.37
3,2019-09-30,USD,403706000,397079000,292218000,403706000,4927000,385000,None,None,678000,-128000,53503000,None,4927000,343576000,4249000,421000,None,-4249000,None,None,None,421000,1726000,None,257000,-3088000,3473000,USD,730565000,None,None,46714000,800009000,-341729000,2318000,27910000,443000,218524000,102653000,79457000,89660000,28368000,221889000,29051000,29051000,-13896000,212313000,194384000,27841000,-164264000,None,94112000,346064000,25190000,164928000,None,None,443000,None,218524000,-747990000,None,215373000,None,1197000,154852000,346064000,229738000,578120000,None,256922000,None,201190000,730565000,28368000,None,31400000,USD,-1135000,8379000,-4576000,6270000,-6190000,-15462000,-524000,-2983000,257000,-2214000,17824000,-3482000,11832000,-8240000,-508000,1565000,-7064000,6337000,9711000,-7064000,None,-2214000,52.35,63.15
4,2019-06-30,USD,399623000,385392000,283346000,399623000,14231000,8354000,None,None,9959000,322000,48718000,None,14231000,336674000,4272000,1283000,-4272000,-4272000,None,None,None,1283000,163000,None,8676000,4868000,3486000,USD,726564000,None,None,49966000,787123000,-333650000,2227000,26596000,443000,228833000,101596000,82763000,88791000,30656000,211320000,31241000,31241000,-11196000,212257000,193885000,27336000,-158906000,None,86648000,349749000,26615000,153483000,None,None,443000,None,228833000,-748657000,None,209272000,None,1051000,148561000,349749000,223827000,575803000,None,257507000,None,196927000,726564000,30656000,None,31400000,USD,-2589000,-9173000,-11303000,464000,4250000,-5585000,92000,-4546000,8676000,1474000,18362000,1734000,11521000,-10574000,647000,-484000,2351000,3737000,9178000,2351000,None,1474000,44.72,52.35
5,2019-03-31,USD,398405000,392896000,285915000,398405000,5509000,-1731000,None,None,-767000,133000,51135000,None,5509000,341761000,6276000,831000,-6276000,-6276000,None,None,None,831000,-16895000,None,-1598000,-3801000,2070000,USD,739068000,None,None,51835000,795677000,-328716000,5835000,25062000,443000,231439000,100284000,83193000,65201000,29273000,218569000,29982000,29982000,-4846000,217437000,199414000,23607000,-155260000,None,92162000,346433000,26144000,163525000,None,None,443000,None,231439000,-748995000,None,214173000,1244000,539654000,152937000,346433000,224840000,577108000,None,256649000,None,193243000,739068000,29273000,None,31400000,USD,66000,-2149000,-8263000,329000,-245026000,-9627000,-819000,-20228000,-1598000,-4077000,13813000,5234000,11749000,-9165000,245383000,810000,-3443000,3210000,8658000,-3443000,None,-4077000,52.95,44.72
6,2018-12-31,USD,373981000,382295000,293370000,373981000,-7497000,-13849000,0,0,-16223000,-357000,58648000,817000,-8314000,325276000,8726000,None,None,None,0,-1629000,0,-2017000,-57012000,0,-14206000,-13702000,None,USD,570947000,None,None,35612000,867617000,-317359000,7852000,2443000,443000,244061000,101855000,84516000,87829000,19468000,164636000,20000000,20000000,-3143000,226894000,171708000,23259000,-396411000,None,89425000,601126000,27203000,142193000,None,None,443000,None,244061000,-751704000,None,63814000,756000,399239000,None,601126000,94003000,702981000,None,5464000,None,192984000,570947000,19468000,None,31400000,USD,-5019000,-13336000,-16434000,20000,44487000,37162000,33000,-12146000,-14206000,-5289000,-26017000,-8711000,11548000,-7124000,-234000,2107000,-6024000,2605000,11435000,-6024000,None,-5289000,39.81,52.95
7,2018-09-30,USD,364007000,377997000,288948000,364007000,-13990000,-13033000,0,0,-19953000,439000,55462000,None,-13990000,322535000,5963000,None,None,None,0,0,0,-7359000,-5963000,0,-12594000,-13033000,None,USD,551162000,84830000,None,27506000,819906000,-290132000,7812000,2389000,443000,267580000,100362000,84830000,89451000,24880000,163789000,20000000,20000000,3605000,224510000,152371000,16097000,-368983000,0,70674000,555755000,29311000,141400000,0,0,443000,0,267580000,-751895000,None,72654000,700000,398791000,None,555755000,92550000,656117000,None,5979000,None,190135000,551162000,24880000,None,31400000,USD,-455000,19595000,-5455000,4031000,-800000,-19989000,-76000,24577000,-12594000,-833000,24611000,-8135000,11585000,-7099000,-12014000,-2202000,7558000,8804000,9031000,7558000,None,-771000,51.28,39.81
8,2018-06-30,USD,407959000,382592000,309329000,407959000,25367000,11791000,0,0,19705000,874000,38712000,None,25367000,341758000,5662000,None,None,None,0,2122000,0,7040000,-7784000,0,12665000,11719000,None,USD,558171000,85064000,None,36738000,801205000,-266526000,5140000,2426000,443000,285460000,98984000,85064000,87666000,25719000,145834000,20000000,20000000,2240000,227722000,157719000,15648000,-344234000,0,68153000,556387000,27109000,123408000,0,0,443000,0,285460000,-742695000,None,71309000,709000,400452000,None,556387000,93844000,655371000,None,7356000,None,188026000,558171000,25719000,None,31500000,USD,-257000,709000,-12467000,32000,-12600000,-26733000,37000,712000,12665000,-6035000,33165000,49000,11731000,-7197000,-6973000,995000,-234000,7250000,12242000,-234000,-181000,-6216000,50.72,51.28
9,2018-03-31,USD,427369000,400052000,328030000,427369000,27317000,16737000,0,0,22362000,643000,39729000,None,27317000,360527000,4955000,None,None,None,0,-204000,0,4982000,-4751000,0,17380000,16662000,None,USD,579817000,86746000,None,51419000,822015000,-265493000,6125000,2400000,443000,280853000,96789000,86746000,84245000,31935000,156456000,20000000,20000000,4110000,229576000,179250000,16084000,-345202000,0,67611000,568770000,28285000,134056000,0,0,443000,0,280853000,-714097000,None,67547000,614000,400567000,None,568770000,90664000,665559000,None,7037000,None,163198000,579817000,31935000,None,32000000,USD,1073000,-2360000,-4443000,3804000,122000000,-27122000,-1159000,1263000,17380000,9471000,41036000,8489000,11539000,-7565000,-140398000,2193000,86000,3709000,9320000,86000,119000,9590000,57.3,50.72
10,2017-12-31,USD,467606000,431002000,377109000,467606000,37212000,28509000,0,0,32064000,466000,40843000,608000,36604000,388485000,5148000,None,None,None,0,1674000,0,3089000,-12349000,0,28975000,28391000,None,USD,555553000,88692000,None,44149000,654769000,-121711000,15198000,70293000,442000,292251000,62798000,86892000,151228000,22345000,132860000,20000000,20000000,-2117000,234331000,169994000,15568000,-201865000,0,72880000,446565000,30620000,112860000,0,184785000,442000,0,292251000,-597072000,None,48183000,585000,385559000,None,446565000,60146000,521909000,None,6738000,None,184785000,555553000,22345000,None,33900000,USD,-4693000,-5928000,-14082000,9000,70000000,-23250000,66000,-9326000,28975000,-17274000,20058000,-13848000,11376000,-3228000,-90088000,-2251000,-7358000,3961000,9398000,-2227000,76000,-17198000,56.11,57.3
11,2017-09-30,USD,431709000,398194000,351255000,431709000,33515000,21817000,0,0,30949000,852000,37330000,None,33515000,360864000,2566000,None,None,None,0,0,0,8280000,0,0,22669000,21965000,None,USD,550928000,86825000,None,32005000,590310000,-59298000,14810000,69376000,442000,271601000,61885000,86825000,146527000,39543000,138054000,20000000,20000000,-4230000,236812000,167589000,10921000,-139689000,0,67672000,378548000,28369000,118054000,0,0,442000,0,271601000,-509323000,None,48492000,289000,383339000,None,378548000,58898000,452256000,None,6434000,None,182212000,550928000,39543000,None,37000000,USD,126000,1747000,-12612000,25000,91088000,-7336000,-43000,2611000,22669000,17106000,37054000,4605000,11181000,-8183000,-90198000,-3784000,0,5412000,12738000,-4776000,190000,17296000,73.07,56.11
12,2017-06-30,USD,434778000,397561000,346659000,434778000,37217000,23538000,0,0,35458000,1444000,42003000,None,37217000,355558000,1759000,None,None,None,0,0,0,10476000,0,0,24982000,24101000,None,USD,525642000,85922000,None,36777000,494044000,9079000,12476000,67772000,442000,257742000,63239000,85922000,141529000,22247000,116240000,305149000,305149000,-6457000,234524000,149589000,10709000,-68024000,0,65979000,305149000,24586000,116240000,0,0,442000,0,257742000,-421828000,None,44583000,315000,376053000,None,305149000,60179000,377804000,None,8819000,None,179180000,525642000,22247000,None,37000000,USD,501000,-3091000,-14874000,18000,10731000,-16153000,75000,1334000,24982000,-493000,30534000,-3342000,10654000,-7349000,-19610000,-1875000,0,2513000,15393000,693000,25000,-468000,71.76,73.07
13,2017-03-31,USD,449266000,405585000,358714000,449266000,43681000,28428000,0,0,41871000,1471000,38007000,None,43681000,367578000,1810000,None,None,None,0,0,0,11972000,0,0,29899000,28831000,None,USD,516449000,85787000,None,35930000,485176000,8850000,13716000,66705000,441000,240870000,59861000,85787000,140116000,22715000,120424000,None,None,-5796000,230765000,145568000,10443000,-68202000,0,64212000,294332000,22711000,120424000,0,0,441000,0,240870000,-401029000,None,43674000,212000,370881000,None,294332000,56704000,364752000,None,8735000,None,174364000,516449000,22715000,None,37000000,USD,148000,-2586000,-14930000,-14000,-5575000,-25321000,-1863000,4235000,29899000,7078000,47329000,4079000,10457000,-7354000,-10529000,2425000,0,4103000,15064000,-1048000,74000,7152000,80.04,71.76
14,2016-12-31,USD,439619000,387310000,347439000,439619000,52196000,32630000,0,0,50573000,1649000,40393000,785000,51411000,358037000,2521000,None,None,None,0,-11120000,0,16294000,3708000,0,34279000,33119000,None,USD,512565000,87929000,None,39400000,494303000,-3911000,13360000,76789000,441000,219278000,56406000,85529000,136517000,15563000,128030000,299820000,299820000,-5887000,230473000,145575000,10141000,-80979000,0,65480000,299820000,25132000,128030000,0,172573000,441000,0,219278000,-390316000,None,40078000,769000,366990000,None,299820000,53093000,366273000,None,8461000,None,172573000,512565000,15563000,None,36700000,USD,1126000,526000,-544000,14930000,-11800000,-30778000,776000,-17439000,34279000,-3247000,28075000,-13868000,10598000,-3543000,-16211000,-966000,1557000,-184000,16600000,-2310000,-297000,-3544000,85.58,80.04
15,2016-09-30,USD,422442000,389059000,337096000,422442000,33383000,21467000,0,0,31627000,1183000,40549000,None,33383000,348510000,1756000,None,None,None,0,0,0,8977000,0,0,22650000,21624000,-157000,USD,498788000,86570000,None,33001000,501577000,-24628000,5987000,73648000,440000,193798000,64933000,86570000,136527000,19107000,122859000,None,None,-9011000,221809000,140452000,9747000,-102368000,0,64016000,311570000,24328000,122859000,0,0,440000,0,193798000,-377481000,None,38782000,1428000,358336000,None,311570000,61161000,378718000,None,8830000,None,167626000,498788000,19107000,None,37000000,USD,481000,6983000,-14444000,28000,-5000000,-22604000,906000,-3998000,22650000,3811000,40859000,575000,10614000,-7393000,-11117000,-1796000,3867000,4646000,14953000,-2813000,30000,3841000,78.85,85.58
16,2016-06-30,USD,422964000,386133000,333479000,422964000,36831000,22541000,0,0,35200000,1571000,42623000,None,36831000,343510000,1631000,None,None,None,0,0,0,11088000,0,0,24112000,22262000,279000,USD,487223000,87266000,None,34812000,496516000,-30421000,5967000,68887000,440000,179882000,61984000,87266000,135270000,15266000,116046000,None,None,-7850000,217528000,134425000,9906000,-109698000,0,61816000,316484000,22531000,116046000,0,0,440000,0,179882000,-364742000,None,36385000,1713000,352798000,None,316484000,58019000,380470000,None,7989000,None,161849000,487223000,15266000,None,38000000,USD,3394000,10092000,-10352000,6000,-125000,-36737000,542000,-3496000,24112000,-1935000,45154000,782000,10031000,-6502000,-30652000,-265000,6680000,179000,13752000,223000,-71000,-2006000,68.0,78.85
17,2016-03-31,USD,428595000,385697000,335706000,428595000,42898000,26182000,0,0,41409000,1869000,40247000,None,42898000,345450000,1489000,None,None,None,0,0,0,13358000,0,0,28051000,25962000,220000,USD,490979000,87740000,None,37004000,487786000,-18863000,13241000,62579000,439000,163564000,56709000,87740000,137360000,17272000,104966000,None,None,-5213000,213296000,140323000,11126000,-97716000,0,63780000,316717000,22267000,104966000,0,0,439000,0,163564000,-334828000,None,36453000,2041000,350656000,None,316717000,52862000,382820000,None,8887000,None,157175000,490979000,17272000,None,38000000,USD,358000,-26468000,-20934000,-11043000,61500000,-12711000,-1492000,1233000,28051000,-3676000,29969000,2167000,9744000,-6628000,-66091000,-612000,6457000,10630000,10249000,6457000,-58000,-3734000,54.19,68.0
18,2015-12-31,USD,416816000,15297000,167713000,249103000,41023000,24695000,0,0,38923000,1586000,122558000,794000,40229000,71019000,2100000,None,None,None,0,0,0,12642000,-17160000,0,26281000,24466000,None,USD,494912000,79657000,None,38612000,444343000,29181000,7800000,80918000,437000,143789000,50796000,79657000,128278000,21006000,132937000,255146000,255146000,-1836000,214044000,152590000,11105000,-42113000,0,71408000,256000000,21564000,132937000,0,0,437000,0,143789000,-271557000,None,35101000,2415000,342322000,None,256000000,47606000,311406000,None,8363000,None,158348000,494912000,21006000,None,38400000,USD,-1022000,7389000,-13823000,-337000,17000000,-30176000,316000,20225000,26281000,-3425000,40574000,-3831000,9669000,-1944000,-45548000,2789000,-9179000,5462000,12464000,-7185000,-10000,-3435000,55.87,54.19
19,2015-09-30,USD,389284000,16481000,153355000,235929000,27437000,17971000,0,0,26257000,1005000,117657000,None,27437000,74354000,1180000,None,None,None,0,0,0,7281000,0,0,18976000,17947000,None,USD,494617000,79913000,None,34931000,425032000,48315000,17878000,78562000,437000,126045000,47661000,79913000,126804000,24441000,124120000,None,None,-1305000,209137000,158676000,10444000,-23324000,0,74969000,239000000,24335000,124120000,0,0,437000,0,126045000,-232032000,None,33426000,3021000,335941000,None,239000000,44034000,300912000,None,8274000,None,155170000,494617000,24441000,None,40000000,USD,248000,5813000,-9701000,58000,5000000,-29735000,161000,None,18976000,2320000,41756000,12689000,10461000,-6867000,-28029000,-1296000,0,-1211000,10007000,-3676000,-326000,1994000,68.48,55.87
