,fiscalDateEnding,reportedCurrency_x,totalRevenue,totalOperatingExpense,costOfRevenue,grossProfit,ebit,netIncome_x,researchAndDevelopment,effectOfAccountingCharges,incomeBeforeTax,minorityInterest,sellingGeneralAdministrative,otherNonOperatingIncome,operatingIncome,otherOperatingExpense,interestExpense,taxProvision,interestIncome,netInterestIncome,extraordinaryItems,nonRecurring,otherItems,incomeTaxExpense,totalOtherIncomeExpense,discontinuedOperations,netIncomeFromContinuingOperations,netIncomeApplicableToCommonShares,preferredStockAndOtherAdjustments,reportedCurrency_y,totalAssets,intangibleAssets,earningAssets,otherCurrentAssets,totalLiabilities,totalShareholderEquity,deferredLongTermLiabilities,otherCurrentLiabilities,commonStock,retainedEarnings,otherLiabilities,goodwill,otherAssets,cash,totalCurrentLiabilities,shortTermDebt,currentLongTermDebt,otherShareholderEquity,propertyPlantEquipment,totalCurrentAssets,longTermInvestments,netTangibleAssets,shortTermInvestments,netReceivables,longTermDebt,inventory,accountsPayable,totalPermanentEquity,additionalPaidInCapital,commonStockTotalEquity,preferredStockTotalEquity,retainedEarningsTotalEquity,treasuryStock,accumulatedAmortization,otherNonCurrrentAssets,deferredLongTermAssetCharges,totalNonCurrentAssets,capitalLeaseObligations,totalLongTermDebt,otherNonCurrentLiabilities,totalNonCurrentLiabilities,negativeGoodwill,warrants,preferredStockRedeemable,capitalSurplus,liabilitiesAndShareholderEquity,cashAndShortTermInvestments,accumulatedDepreciation,commonStockSharesOutstanding,reportedCurrency,investments,changeInLiabilities,cashflowFromInvestment,otherCashflowFromInvestment,netBorrowings,cashflowFromFinancing,otherCashflowFromFinancing,changeInOperatingActivities,netIncome_y,changeInCash,operatingCashflow,otherOperatingCashflow,depreciation,dividendPayout,stockSaleAndPurchase,changeInInventory,changeInAccountReceivables,changeInNetIncome,capitalExpenditures,changeInReceivables,changeInExchangeRate,changeInCashAndCashEquivalents,clossingVal,nextClossingVal
0,2020-06-30,RUB,10114000000.0,6330000000.0,3679000000.0,6435000000.0,4115000000.0,1816000000.0,None,None,3515000000.0,60000000.0,2187000000.0,None,3784000000.0,63000000.0,None,708000000,None,-31000000,None,None,None,708000000.0,-238000000.0,-970000000,2807000000.0,1816000000.0,None,RUB,68973000000.0,None,None,184000000.0,39632000000.0,29281000000.0,None,1013000000.0,1000000.0,12305000000.0,1282000000.0,None,604000000.0,33629000000.0,35794000000.0,None,2495000000,3031000000,2238000000.0,50518000000,4603000000,18271000000,1059000000.0,2329000000,1451000000,None,None,None,None,None,None,None,None,None,111000000,None,18455000000,1490000000,None,40000000,3838000000,None,None,None,None,None,None,None,None,RUB,2036000000,None,None,None,None,-2070000000,None,None,1816000000.0,1389000000,2085000000,None,331000000,None,None,None,-1054000000.0,None,80000000.0,None,None,None,17.32,
1,2020-03-31,RUB,10610000000.0,8700000000.0,4350000000.0,6260000000.0,2229000000.0,1587000000.0,None,None,2011000000.0,40000000.0,3245000000.0,None,1910000000.0,155000000.0,None,412000000,137000000,-32000000,None,None,None,412000000.0,133000000.0,-970000000,1599000000.0,1587000000.0,None,RUB,72368000000.0,11232000000,None,94000000.0,44191000000.0,28137000000.0,None,74000000.0,1000000.0,11132000000.0,1230000000.0,None,586000000.0,32240000000.0,40394000000.0,13200000000,1314000000,3060000000,2442000000.0,51578000000,6530000000,16905000000,1166000000.0,1848000000,1863000000,None,24225000000,None,None,None,None,None,None,None,72000000,None,20790000000,1539000000,3005000000,68000000,3797000000,None,None,None,13944000000,None,33406000000,None,62000000,RUB,-1388000000,-4004000000,-1388000000,-1267000000,282000000,238000000,-44000000,-10329000000,1587000000.0,-9861000000,-9776000000,None,319000000,None,None,None,2272000000.0,379000000,121000000.0,None,None,None,10.71,17.32
2,2019-12-31,RUB,10690000000.0,9417000000.0,1964000000.0,8726000000.0,1518000000.0,672000000.0,0,0,965000000.0,70000000.0,6475000000.0,0,1273000000.0,241000000.0,0,277000000,119000000,-38000000,0,0,0,277000000.0,-270000000.0,-970000000,688000000.0,672000000.0,0,RUB,81477000000.0,4254000000,None,76000000.0,54040000000.0,27367000000.0,0,902000000.0,1000000.0,10557000000.0,1238000000.0,7062000000,770000000.0,42101000000.0,50240000000.0,21519000000,0,2865000000,2346000000.0,62117000000,5133000000,16256000000,1136000000.0,2748000000,1545000000,0,27295000000,0,0,0,0,0,0,0,83000000,0,19360000000,1357000000,2562000000,45000000,3800000000,0,0,0,13944000000,0,43237000000,0,62000000,RUB,-1433000000,6614000000,-1433000000,-3582000000,1529000000,411000000,-4000000,-371000000,672000000.0,6312000000,7459000000,0,245000000,-1114000000,0,0,-99000000.0,398000000,472000000.0,0,0,0,19.36,10.71
3,2019-09-30,RUB,10142000000.0,8150000000.0,4989000000.0,5153000000.0,2381000000.0,1173000000.0,0,0,1628000000.0,55000000.0,2199000000.0,0,1992000000.0,164000000.0,0,440000000,209000000,-7000000,0,0,0,440000000.0,-357000000.0,-970000000,1188000000.0,1173000000.0,0,RUB,70456000000.0,10091000000,None,111000000.0,42516000000.0,27885000000.0,0,738000000.0,1000000.0,11113000000.0,1102000000.0,0,507000000.0,35789000000.0,40398000000.0,18131000000,0,2827000000,2708000000.0,52321000000,4838000000,17794000000,1116000000.0,3630000000,0,0,6522000000,0,0,0,0,0,0,0,53000000,0,18135000000,1338000000,1016000000,15000000,2118000000,0,0,0,13944000000,0,36905000000,0,62000000,RUB,-1602000000,-2459000000,-1602000000,-2621000000,-229000000,-1385000000,-4000000,-1472000000,1173000000.0,-2813000000,48000000,0,389000000,-1156000000,0,0,1636000000.0,781000000,422000000.0,0,0,0,21.95,19.36
4,2019-06-30,RUB,9566000000.0,7428000000.0,4753000000.0,4813000000.0,2482000000.0,1672000000.0,0,0,2098000000.0,39000000.0,1807000000.0,0,2138000000.0,164000000.0,0,414000000,-46000000,4000000,0,0,0,414000000.0,-44000000.0,0,1684000000.0,1672000000.0,0,RUB,71990000000.0,10543000000,None,84000000.0,44291000000.0,27660000000.0,0,642000000.0,1000000.0,11070000000.0,1036000000.0,0,603000000.0,38602000000.0,42708000000.0,17894000000,0,2645000000,2021000000.0,55404000000,3472000000,17117000000,1082000000.0,5450000000,0,0,6771000000,0,0,0,0,0,0,0,98000000,0,16586000000,943000000,547000000,0,1583000000,0,0,0,13944000000,0,39684000000,0,63000000,RUB,405000000,1921000000,405000000,-1441000000,-142000000,-1234000000,-39000000,533000000,1672000000.0,2095000000,3584000000,0,344000000,-1053000000,0,0,-1403000000.0,517000000,266000000.0,0,0,0,19.57,21.95
5,2019-03-31,RUB,8938000000.0,6917000000.0,4454000000.0,4484000000.0,2367000000.0,1315000000.0,0,0,1688000000.0,32000000.0,2117000000.0,0,1891000000.0,164000000.0,0,361000000,-252000000,-15000000,0,0,0,361000000.0,-318000000.0,0,1327000000.0,1315000000.0,0,RUB,69286000000.0,10623000000,None,1125000000.0,42285000000.0,27001000000.0,0,656000000.0,1000000.0,12719000000.0,1023000000.0,0,504000000.0,36507000000.0,40610000000.0,17137000000,0,337000000,2008000000.0,51701000000,4450000000,16378000000,754000000.0,6705000000,0,0,22017000000,0,0,0,0,0,0,0,104000000,0,17585000000,999000000,620000000,1000000,1643000000,0,0,0,13944000000,0,37261000000,0,62000000,RUB,-2253000000,-5100000000,-2253000000,-2112000000,-142000000,-69000000,-39000000,-282000000,1688000000.0,-4459000000,-1852000000,0,346000000,-69000000,0,0,1122000000.0,747000000,141000000.0,0,0,0,14.39,19.57
6,2018-12-31,RUB,27391.52,22698.86,13968.76,13422.76,4692.65,2603.09,0,0,3122.53,177.08,7047.83,0,4692.65,2036.43,-70.83,163000000,None,None,0,0,0,481.07,-1570.12,0,2641.46,2603.09,0,RUB,215516.72,12903.32,None,12386.83,139649.22,75690.42,0,90910.56,2.95,26830.76,2895.28,18823.74,1750.15,120905.17,136753.94,0,0,7703.03,3169.75,172539.11,6330.65,43963.37,4226.34,34560.36,0,0,41147.78,0,0,0,0,0,0,0,0,0,0,0,0,0,0,0,0,0,2869028.82,0,8723543.02,0,62000000,RUB,-5563.30,19493.69,-1348.77,-2926199.53,-419.09,-5.90,-5.90,8960.31,2603.09,35667.11,35740.90,0,-11.81,-203.64,0,0,2337.47,1635.05,507.63,0,0,0,14.14,14.39
7,2018-09-30,USD,122181954.67,105984346.93,63329108.32,58852846.35,16197607.74,12951933.25,0,0,17274371.79,599911.4,39255740.69,0,16197607.74,10613817.04,-369176.24,None,None,None,0,0,0,4153232.75,1076764.05,0,13121139.03,12951933.25,0,USD,906727621.77,167621397.46,None,25734660.73,529291058.55,376836651.82,0,191894735.55,15382.34,126273658.04,13813344.49,0,7475818.96,444257463.51,515477714.06,0,0,36056213.24,16674460.39,694620486.82,20335458.15,209215254.36,22089045.31,202539317.27,0,0,316522482.83,0,0,0,0,0,0,0,0,0,0,0,0,0,0,0,0,0,0,0,0,0,62000000,USD,-184588.12,32995126.87,-323029.21,0,-2184292.78,-30764.69,-30764.69,85125889.10,12951933.25,129134773.94,125196894,0,3399497.92,-1061381.70,0,0,-18827988.48,9552435.33,1876645.91,0,0,0,13.17,14.14
8,2018-06-30,USD,110253478.93,0.0,54527535.77,55725943.15,17392675.52,14648953.36,0,0,18291481.06,473055.54,35053415.86,0,17392675.52,10880277.53,-378444.44,None,None,None,0,0,0,3469073.99,898805.53,0,14822407.06,14648953.36,0,USD,750171482.63,168202783.14,None,69491859.5,384042259.63,365656167.46,0,221027318.96,15768.52,116166673.24,14601647.81,0,7458509.09,323033862.89,369440611.82,0,0,29597508.57,15831592.23,537864154.22,20814443.96,197453384.32,22517443.92,121512200.89,0,0,128403043.32,0,0,0,0,0,0,0,0,0,0,0,0,0,0,0,0,0,0,0,0,0,61000000,USD,-157685.18,27263767.89,-5282453.58,0,0,-331138.88,-331138.88,3957898.06,14648953.36,44687980.45,40257026.85,0,3279851.78,-1088027.75,0,0,-9476879.41,583435.17,2396814.76,0,0,0,15.75,13.17
9,2018-03-31,USD,111166166.82,90302951.28,53809710.09,57356456.73,20863215.54,16186378.06,0,0,20167775.02,712826.53,33120354.67,None,20863215.54,11996348.94,-417264.31,None,None,None,0,0,0,3859694.88,-695440.52,0,16308080.15,16186378.06,None,USD,745181901.16,186708393.10,None,11405224.5,365314904.16,379154170.47,0,61024905.46,17386.01,110140392.05,12326683.18,0,7875863.87,306445864.3,352988220.98,0,0,26565827.79,16707958.45,499552310.17,34337375.58,192445777.37,13300299.91,168400921.46,0,0,287390794.11,0,0,0,0,0,0,None,None,None,None,None,None,None,None,None,None,None,None,None,None,None,61000000,USD,-2381883.77,-54452992.57,-8901638.63,0,0,-69544.05,-69544.05,-10014343.46,16186378.06,-13613248.14,-2729604.03,None,3372886.51,-1217.02,0,0,37553787.98,4624679.45,5041943.76,None,None,None,19.11,15.75
10,2017-12-31,USD,112740000.0,16626000000.0,54159000.0,11030000000.0,4109000000.0,8130000.0,0,0,11390000.0,177000.0,41335000.0,None,13717000.0,407000000.0,4000000,None,None,None,0,2000000,0,3083000.0,359000000.0,0,3683000000.0,8130000.0,None,USD,782675000.0,187717000,None,74692000.0,415178000.0,366854000.0,14000000,169879000.0,17000.0,124630000.0,174000.0,109170000,229492000.0,319712000.0,400656000.0,1390000000,1390000000,1460000000,12576000.0,31123000000,1932000000,10505000000,45579000.0,7245000000,None,None,176879000,None,None,None,None,None,None,None,None,None,None,None,None,None,None,None,None,None,None,None,None,None,61000000,USD,-414000000,3414000000,-1653000000,3000000,None,-2160000000,-12000000,-840000000,8130000.0,-586000000,61837000,None,576000000,-37311000,None,None,-3683000000.0,759000000,6253000.0,None,None,None,17.33,19.11
11,2017-09-30,USD,91441000.0,3216000000.0,42731000.0,2575000000.0,1380000000.0,14156000.0,0,0,16751000.0,124000.0,27955000.0,None,17365000.0,407000000.0,-12000000,None,None,None,0,0,0,2471000.0,-1282000000.0,0,19000000.0,14156000.0,None,USD,645268000.0,185356000,None,105799000.0,290364000.0,354422000.0,None,2205000.0,17000.0,114289000.0,172000.0,None,242079000.0,275193000.0,276657000.0,None,None,1368000000,10384000.0,22811000000,1918000000,9818000000,11813000.0,5444000000,None,None,246074000,None,None,None,None,None,None,None,None,None,None,None,None,None,None,None,None,None,None,None,None,None,64000000,USD,-137000000,1273000000,-986000000,-944000000,None,-749000000,-1000000,-379000000,14156000.0,-922000000,20733000,None,189000000,-36989000,None,None,15464000.0,327000000,2411000.0,None,None,None,16.94,17.33
12,2017-06-30,USD,76937000.0,-6397000000.0,35614000.0,-4994000000.0,-2649000000.0,17373000.0,0,0,20757000.0,97000.0,20354000.0,None,17771000.0,-814000000.0,12000000,None,None,None,0,0,0,3287000.0,920000000.0,0,-1378000000.0,17373000.0,None,USD,604392000.0,182716000,None,74536000.0,258873000.0,345147000.0,None,1892000.0,17000.0,109616000.0,169000.0,None,222796000.0,285559000.0,247101000.0,None,None,1240000000,9712000.0,22018000000,1927000000,9617000000,11789000.0,3840000000,None,None,220077000,None,None,None,None,None,None,None,None,None,None,None,None,None,None,None,None,None,None,None,None,None,61000000,USD,1299000000,440000000,1408000000,-944000000,None,-1410000000,-10000000,30000000,17373000.0,1306000000,5422000,None,200000000,-23646000,None,None,37345000.0,-225000000,1385000.0,None,None,None,24.68,16.94
13,2017-03-31,USD,81863000.0,3357000000.0,37080000.0,2523000000.0,1255000000.0,14431000.0,0,0,17803000.0,89000.0,18797000.0,None,22276000.0,407000000.0,-4000000,None,None,None,0,0,0,3283000.0,-252000000.0,0,818000000.0,14431000.0,None,USD,634421000.0,193776000,None,74231000.0,279083000.0,354876000.0,None,15390000.0,18000.0,107352000.0,178000.0,None,229880000.0,276048000.0,264582000.0,None,None,1106000000,10242000.0,22214000000,1453000000,9076000000,44020000.0,3511000000,None,None,221431000,None,None,None,None,None,None,None,None,None,None,None,None,None,None,None,None,None,None,None,None,None,63000000,USD,-1713000000,-3759000000,-2183000000,-944000000,None,-1410000000,-10000000,-927000000,14431000.0,-3401000000,-818000000,None,209000000,-1400000000,None,None,45918000.0,259000000,710000.0,None,None,None,17.15,24.68
14,2016-12-31,USD,90055000.0,15725000000.0,45583000.0,11628163000.0,6548028000.0,2458075000.0,0,0,3087068000.0,89000.0,21828000.0,None,18536000.0,169383000.0,234000,None,None,None,0,14000000,0,614058000.0,-1908227000.0,-4512000,2468792000.0,2458075000.0,None,USD,656605000.0,182414000,None,45413000.0,326118000.0,330139000.0,14000000,147361000.0,17000.0,99349000.0,33000.0,104016000,196134000.0,314401000.0,312001000.0,1207000000,1207000000,1195000000,9814000.0,27230000000,399000000,9036000000,34491000.0,3262000000,None,None,124754000,None,None,None,None,None,None,None,None,None,None,None,None,None,None,None,None,None,None,None,None,None,61000000,USD,777000000,1020000000,2979000,17000000,-2000000,-4637000000,-7000000,-37000000,2474000000.0,-342000000,91737000,None,563000000,-76593000,None,None,-709000000.0,1999000000,6421000.0,None,None,None,12.77,17.15
15,2016-09-30,USD,71817000.0,-5827000000.0,34098000.0,-4412489000.0,-2928084000.0,15925000.0,0,0,19932000.0,65000.0,12737000.0,None,21809000.0,16851000.0,200000,None,None,None,0,0,0,3942000.0,681000.0,13536000,60624000.0,15925000.0,None,USD,577320000.0,190089000,None,73211000.0,245596000.0,331471000.0,None,1902000.0,16000.0,110443000.0,32000.0,6285000000,203054000.0,264616000.0,229365000.0,1207000000,1207000000,None,8147000.0,23099000000,397000000,None,28292000.0,3712000000,None,None,197300000,None,None,None,None,None,None,None,None,None,None,None,None,None,None,None,None,None,None,None,None,None,64000000,USD,None,None,6546000,None,None,-868000000,931000000,439000000,15925000.0,2824000000,29687000,None,195000000,-59850000,None,None,23379000.0,None,4105000.0,None,None,None,14.64,12.77
16,2016-06-30,USD,72933000.0,2967000000.0,34574000.0,2164326000.0,1395056000.0,15143000.0,0,0,19029000.0,50000.0,11347000.0,None,23851000.0,-11234000.0,243000,None,None,None,0,0,0,3836000.0,-454000.0,-9024000,-40416000.0,15143000.0,None,USD,538454000.0,188201000,None,68772000.0,214538000.0,323713000.0,None,2219000.0,16000.0,105753000.0,32000.0,6285000000,199642000.0,216804000.0,198173000.0,1207000000,1207000000,None,6987000.0,21230000000,394000000,None,46249000.0,3638000000,None,None,174478000,None,None,None,None,None,None,None,None,None,None,None,None,None,None,None,None,None,None,None,None,None,58000000,USD,None,None,-150000000,None,None,-870000000,-86000000,-147000000,15143000.0,134000000,1484000000,None,191000000,-45467000,None,None,24195000.0,None,2407000.0,None,None,None,13.1,14.64
17,2016-03-31,USD,61110000.0,0.0,28837000.0,0.0,0.0,10459000.0,0,0,13059000.0,44000.0,10738000.0,None,18803000.0,0.0,382000,None,None,None,0,0,0,2556000.0,0.0,0,0.0,10459000.0,None,USD,507642000.0,178027000,None,67354000.0,203177000.0,304289000.0,None,1895000.0,15000.0,99437000.0,44000.0,None,212299000.0,201797000.0,187400000.0,None,None,None,6214000.0,None,None,None,19978000.0,None,None,None,161957000,None,None,None,None,None,None,None,None,None,None,None,None,None,None,None,None,None,None,None,None,None,65000000,USD,None,None,None,None,None,None,None,None,10459000.0,None,None,None,None,-29997000,None,None,20595000.0,None,1322000.0,None,None,None,14.49,13.1
18,2015-12-31,USD,46860000.0,12853000000.0,25069000.0,9235000000.0,4864000000.0,11366000.0,0,0,12049000.0,13000000.0,12138000.0,None,7342000.0,155000000.0,315000,None,None,None,0,14000000,0,776000.0,1287000000.0,0,5274000000.0,11366000.0,None,USD,568364000.0,167511000,None,45529000.0,261670000.0,306520000.0,16000000,167402000.0,16000.0,115885000.0,33000.0,85919000,194066000.0,264695000.0,246078000.0,1482000000,1482000000,1301000000,5001000.0,27015000000,1563000000,10176000000,21543000.0,2647000000,None,138000,74105000,None,None,None,None,None,None,None,None,None,None,None,None,None,None,None,None,None,None,None,None,None,60000000,USD,1064000000,-8883000000,48615000,68000000,-1194000000,-1893000000,-7000000,578000000,11366000.0,2268000000,-1007000000,None,689000000,-9554000,None,None,30729000.0,-826000000,1199000.0,None,None,None,17.95,14.49
19,2015-09-30,USD,47890000.0,0.0,27255000.0,0.0,0.0,24522000.0,0,0,25574000.0,-1979000.0,9198000.0,None,9004000.0,0.0,441000,None,None,None,0,0,0,1249000.0,0.0,0,0.0,24522000.0,None,USD,549809000.0,188210000,None,11307000.0,230879000.0,318799000.0,None,2125000.0,17000.0,106967000.0,56000.0,None,216965000.0,230414000.0,213356000.0,None,None,None,5926000.0,None,None,None,20221000.0,None,None,None,181383000,None,None,None,None,None,None,None,None,None,None,None,None,None,None,None,None,None,None,None,None,None,60000000,USD,None,None,59729000,None,None,None,None,None,24522000.0,None,None,None,None,-10616000,None,None,52279000.0,None,1246000.0,None,None,None,16.12,17.95
