,fiscalDateEnding,reportedCurrency_x,totalRevenue,totalOperatingExpense,costOfRevenue,grossProfit,ebit,netIncome_x,researchAndDevelopment,effectOfAccountingCharges,incomeBeforeTax,minorityInterest,sellingGeneralAdministrative,otherNonOperatingIncome,operatingIncome,otherOperatingExpense,interestExpense,taxProvision,interestIncome,netInterestIncome,extraordinaryItems,nonRecurring,otherItems,incomeTaxExpense,totalOtherIncomeExpense,discontinuedOperations,netIncomeFromContinuingOperations,netIncomeApplicableToCommonShares,preferredStockAndOtherAdjustments,reportedCurrency_y,totalAssets,intangibleAssets,earningAssets,otherCurrentAssets,totalLiabilities,totalShareholderEquity,deferredLongTermLiabilities,otherCurrentLiabilities,commonStock,retainedEarnings,otherLiabilities,goodwill,otherAssets,cash,totalCurrentLiabilities,shortTermDebt,currentLongTermDebt,otherShareholderEquity,propertyPlantEquipment,totalCurrentAssets,longTermInvestments,netTangibleAssets,shortTermInvestments,netReceivables,longTermDebt,inventory,accountsPayable,totalPermanentEquity,additionalPaidInCapital,commonStockTotalEquity,preferredStockTotalEquity,retainedEarningsTotalEquity,treasuryStock,accumulatedAmortization,otherNonCurrrentAssets,deferredLongTermAssetCharges,totalNonCurrentAssets,capitalLeaseObligations,totalLongTermDebt,otherNonCurrentLiabilities,totalNonCurrentLiabilities,negativeGoodwill,warrants,preferredStockRedeemable,capitalSurplus,liabilitiesAndShareholderEquity,cashAndShortTermInvestments,accumulatedDepreciation,commonStockSharesOutstanding,reportedCurrency,investments,changeInLiabilities,cashflowFromInvestment,otherCashflowFromInvestment,netBorrowings,cashflowFromFinancing,otherCashflowFromFinancing,changeInOperatingActivities,netIncome_y,changeInCash,operatingCashflow,otherOperatingCashflow,depreciation,dividendPayout,stockSaleAndPurchase,changeInInventory,changeInAccountReceivables,changeInNetIncome,capitalExpenditures,changeInReceivables,changeInExchangeRate,changeInCashAndCashEquivalents,clossingVal,nextClossingVal
0,2020-06-30,USD,116961000,117742000,105147000,11814000,4961000,1502000,4001000,None,1872000,None,8594000,None,-781000,None,130000,370000,61000,-69000,None,None,None,370000,2722000,None,1502000,1502000,None,USD,358407000,28174000,None,None,102463000,255944000,None,6734000,52000,-48521000,7934000,80677000,49209000,107509000,85837000,None,None,-237000,14775000,185572000,None,147093000,None,64472000,None,None,36759000,None,None,None,None,None,None,None,536000,None,172835000,8692000,None,7934000,16626000,None,None,None,None,None,None,None,None,USD,2734000,-3216000,2734000,None,None,-5345000,-4644000,866000,1502000,10370000,12972000,None,2959000,None,None,None,7720000,3141000,1257000,None,None,None,10.46,
1,2020-04-30,USD,116961000,117742000,105147000,11814000,4961000,1502000,4001000,None,1872000,None,8594000,None,-781000,None,130000,370000,61000,-69000,None,None,None,370000,2722000,None,1502000,1502000,None,USD,None,None,None,None,None,None,None,None,52000,-48521000,7934000,None,49209000,None,None,None,None,-237000,14775000,None,None,147093000,None,None,None,None,None,None,None,None,None,None,None,None,None,None,None,None,None,None,None,None,None,None,None,None,None,None,None,USD,None,-3216000,2734000,None,None,None,-4644000,866000,None,None,12973000,None,None,None,None,None,None,3142000,0,None,None,None,10.16,10.46
2,2020-03-31,USD,128663000,10442000,114210000,14453000,14545000,13919000,3250000,None,14368000,None,7192000,10534000,4011000,None,177000,449000,43000,-134000,None,None,None,449000,10491000,None,13919000,13919000,None,USD,360512000,30185000,None,8754000,111305000,249207000,4500000,8908000,52000,-50023000,10651000,81179000,54027000,97139000,90896000,None,None,-249000,5748000,179260000,None,137843000,None,73367000,None,None,81988000,None,None,52000,None,-50023000,None,None,15196000,48944000,181252000,9758000,None,20409000,20409000,None,None,None,299427000,360512000,97139000,None,51938074,USD,8171000,9078000,8171000,8544000,None,-2388000,-3065000,-202000,13919000,20939000,15156000,-3254000,2851000,None,677000,None,-2232000,-5206000,373000,-2232000,None,20939000,8.05,10.16
3,2020-01-31,USD,128663000,124652000,114210000,14453000,17396000,13919000,3250000,None,14368000,None,7192000,None,4011000,None,177000,449000,43000,-134000,None,None,None,449000,10491000,None,13919000,13919000,None,USD,None,None,None,None,None,None,4500000,None,52000,-50023000,10651000,None,54027000,None,None,None,None,-249000,15861000,None,None,137843000,None,None,None,None,None,None,None,None,None,None,None,None,None,None,None,None,None,None,None,None,None,None,None,None,None,None,None,USD,None,5700000,8171000,None,None,None,-1838000,-202000,None,None,15156000,None,None,None,None,None,None,-4880000,0,None,None,None,12.955,8.05
4,2019-12-31,USD,118101000,11489000,105318000,12783000,1339000,1549000,3399000,None,1162000,None,8090000,45000,1294000,None,177000,-387000,54000,-123000,None,None,None,-387000,-9000,None,1549000,1549000,None,USD,339404000,31244000,None,5234000,105533000,233871000,4700000,10135000,52000,-63942000,12052000,82544000,57813000,76124000,82712000,None,None,-319000,5682000,150970000,None,120083000,None,69612000,None,None,72577000,None,None,52000,None,-63942000,None,None,16469000,52495000,188434000,10769000,None,22821000,22821000,None,None,None,298080000,339404000,76124000,None,51636757,USD,-986000,-5734000,-986000,-582000,None,-3368000,-4694000,1139000,1549000,5584000,9938000,1957000,2854000,None,1326000,None,4982000,4330000,404000,4982000,None,5584000,15.31,12.955
5,2019-10-31,USD,118101000,116807000,105318000,12783000,4193000,1549000,3399000,None,1162000,None,8090000,None,1294000,None,177000,-387000,54000,-123000,None,None,None,-387000,-9000,None,1549000,1549000,None,USD,None,None,None,None,None,None,4700000,None,52000,-63942000,12052000,None,57813000,None,None,None,None,-319000,16833000,None,None,120083000,None,None,None,None,None,None,None,None,None,None,None,None,None,None,None,None,None,None,None,None,None,None,None,None,None,None,None,USD,None,-5279000,-986000,25000,None,None,-2866000,1139000,None,None,9938000,None,None,None,None,None,None,4693000,0,None,None,None,12.83,15.31
6,2019-09-30,USD,126614000,11744000,113189000,13425000,1496000,1132000,3556000,None,1284000,None,8188000,-185000,1681000,None,212000,152000,72000,-140000,None,None,None,152000,-257000,None,1132000,1132000,None,USD,342258000,33178000,None,6168000,114167000,228091000,5000000,9854000,51000,-65491000,14744000,82544000,57722000,70517000,87573000,None,None,-335000,5400000,151300000,None,112369000,None,74615000,None,None,77719000,None,None,51000,None,-65491000,None,None,17788000,52048000,190958000,11850000,None,26594000,26594000,None,None,None,293866000,342258000,70517000,None,51102339,USD,-1051000,343000,-1051000,-507000,None,-531000,-2358000,-3292000,1132000,7959000,9541000,-606000,2812000,None,1827000,None,884000,4976000,544000,884000,None,7959000,12.59,12.83
7,2019-07-31,USD,126614000,124933000,113189000,13425000,4308000,1132000,3556000,None,1284000,None,8188000,None,1681000,None,212000,152000,72000,-140000,None,None,None,152000,-257000,None,1132000,1132000,None,USD,None,None,None,None,None,None,5000000,None,51000,-65491000,14744000,None,57722000,None,None,None,None,-335000,17514000,None,None,112369000,None,None,None,None,None,None,None,None,None,None,None,None,None,None,None,None,None,None,None,None,None,None,None,None,None,None,None,USD,None,3076000,-1051000,25000,None,None,-2866000,-3292000,None,None,9541000,None,None,None,None,None,None,4929000,0,None,None,None,16.29,12.59
8,2019-06-30,USD,121964000,11046000,107431000,14533000,3591000,3416000,3165000,None,3418000,None,7881000,104000,3487000,None,173000,2000,75000,-98000,None,None,None,2000,29000,None,3416000,3416000,None,USD,324611000,35118000,None,5228000,101782000,222829000,5300000,9728000,50000,-66623000,18083000,82544000,58161000,62522000,83699000,None,None,-366000,5410000,143378000,None,105167000,None,75628000,None,None,73971000,None,None,50000,None,-66623000,None,None,6012000,52149000,181233000,None,None,18083000,18083000,None,None,None,289768000,324611000,62522000,None,50518460,USD,-12119000,214000,-12119000,-11340000,None,-985000,-3060000,-984000,3416000,-4466000,8638000,805000,2595000,None,2075000,None,-2762000,4370000,779000,-2762000,None,-4466000,15.85,16.29
9,2019-03-31,USD,116225000,18802000,98350000,17875000,-855000,941000,2864000,None,-951000,None,15938000,72000,-927000,None,96000,-1892000,-16000,-16000,None,None,None,-1892000,-8000,None,941000,941000,None,USD,298308000,27432000,None,5756000,84055000,214253000,5500000,4799000,50000,-70039000,9018000,67429000,58383000,67004000,75037000,None,None,-357000,4810000,140254000,None,119392000,None,67494000,None,None,70238000,None,None,50000,None,-70039000,None,None,6250000,52133000,158054000,None,None,9018000,9018000,None,None,None,284599000,298308000,67004000,None,50047641,USD,-1038000,7481000,-1038000,-497000,None,-857000,-1365000,6152000,941000,4553000,6448000,7851000,2361000,None,508000,None,-13214000,1028000,541000,-13214000,None,4553000,13.39,15.85
10,2018-12-31,USD,104096000,10327000,90915000,13181000,3038000,52826000,2995000,None,2940000,None,7332000,184000,2854000,None,98000,None,None,None,None,None,None,-49886000,-114000,None,52826000,52826000,None,USD,287749000,28984000,None,4927000,76543000,211206000,5700000,4795000,50000,-70980000,8397000,67429000,56265000,62447000,68146000,None,None,-357000,4575000,130496000,None,114793000,None,63122000,None,None,63351000,None,None,50000,None,-70980000,None,None,6133000,50132000,157253000,None,None,8397000,8397000,None,None,None,282493000,287749000,62447000,None,49771433,USD,None,-2869000,-23047000,-22729000,None,1501000,-1561000,-2448000,52826000,-8894000,12652000,1093000,2371000,None,3062000,None,4876000,-45645000,318000,4876000,None,-8894000,16.23,13.39
11,2018-09-30,USD,112869000,10743000,96813000,16056000,5312000,5297000,3305000,None,5312000,None,7438000,-1000,5313000,None,-98000,None,None,None,None,None,None,15000,-1000,None,5297000,5297000,None,USD,223058000,7835000,None,5297000,70033000,153025000,6000000,881000,49000,-123806000,4008000,62283000,7330000,70519000,66025000,None,None,-302000,4126000,141484000,None,82907000,0,65668000,0,0,65144000,0,0,49000,0,-123806000,0,None,7330000,None,81574000,None,None,4008000,4008000,None,None,None,277084000,223058000,70519000,None,49145985,USD,None,-2192000,-785000,-451000,None,-3713000,-5857000,-4531000,5297000,5729000,10227000,-271000,1648000,0,2144000,0,2779000,2966000,334000,2779000,None,5729000,13.57,16.23
12,2018-06-30,USD,111521000,10707000,94786000,16735000,5909000,5421000,3430000,0,5909000,0,7277000,-119000,6028000,0,-98000,None,None,None,0,0,0,488000,-682000,0,5421000,5421000,None,USD,220296000,8573000,None,4432000,71970000,148326000,6300000,715000,48000,-129103000,3938000,62283000,7605000,64700000,68032000,None,None,-380000,4211000,137624000,None,77470000,0,68492000,0,0,67317000,0,0,48000,0,-129103000,0,None,7605000,None,82672000,None,None,3938000,3938000,None,None,None,277761000,220296000,64700000,None,48146384,USD,None,-1476000,-634000,-420000,None,6491000,-1372000,-710000,5421000,17523000,11666000,3179000,1790000,0,7863000,0,430000,2322000,214000,430000,88000,17611000,12.7,13.57
13,2018-03-31,USD,117925000,11364000,99982000,17943000,7207000,7117000,3686000,0,7207000,0,7678000,628000,6579000,0,-98000,None,None,None,0,0,0,90000,628000,0,7117000,7117000,None,USD,206999000,9380000,None,7074000,73333000,133666000,6500000,555000,47000,-134524000,3518000,62283000,7848000,47089000,69815000,None,None,-458000,4259000,123229000,None,62003000,0,69066000,0,0,69260000,0,0,47000,0,-134524000,0,None,7848000,None,83770000,None,None,3518000,3518000,None,None,None,268601000,206999000,47089000,None,46982300,USD,None,15032000,-25000,172000,None,-1013000,-3280000,10150000,7117000,4656000,5694000,155000,1906000,0,2267000,0,-20489000,1973000,197000,-20489000,27000,4683000,12.77,12.7
14,2017-12-31,USD,87494000,10583000,75239000,12255000,1951000,1947000,3475000,0,1951000,0,7108000,279000,1672000,0,0,None,None,None,0,0,0,4000,279000,0,1947000,1947000,None,USD,183272000,10243000,None,6798000,58365000,124907000,6700000,730000,46000,-141641000,2486000,62283000,80664000,42406000,55879000,None,None,-480000,4687000,97921000,None,52381000,0,48717000,0,0,55149000,0,0,46000,0,-141641000,0,None,8138000,None,85351000,None,None,2486000,2486000,None,None,None,266982000,183272000,42406000,None,46220880,USD,None,401000,-14523000,-14448000,None,-733000,-1109000,3279000,1947000,-7961000,7295000,770000,1810000,0,376000,0,76000,2291000,75000,76000,None,-7961000,8.38,12.77
15,2017-09-30,USD,87418000,10121000,75940000,11478000,1437000,1445000,3214000,0,1437000,0,6907000,80000,1357000,0,0,None,None,None,0,0,0,-8000,0,0,1445000,1445000,None,USD,179085000,2970000,None,7227000,57944000,121141000,0,834000,46000,-143588000,3533000,56118000,67415000,50367000,54411000,None,None,-454000,5181000,106489000,None,62053000,0,48895000,0,0,53577000,0,0,46000,0,-143588000,0,None,8327000,None,72596000,None,None,3533000,3533000,None,None,None,265137000,179085000,50367000,None,45713248,USD,None,1729000,-667000,-543000,None,-851000,-726000,-966000,1445000,806000,2324000,-573000,2261000,0,-125000,0,4975000,2437000,124000,-4975000,-10000,796000,7.35,8.38
16,2017-06-30,USD,81532000,9335000,70606000,10926000,-1038000,-1368000,3061000,0,-1062000,0,6274000,-2629000,1591000,0,24000,None,None,None,0,-31239000,0,306000,-5065000,0,-1368000,-1368000,None,USD,174308000,4105000,None,6225000,56226000,118082000,7300000,1126000,45000,-145033000,3619000,56118000,68840000,49571000,52554000,None,None,-463000,5613000,99855000,None,57859000,0,44059000,0,0,51428000,0,0,45000,0,-145033000,0,None,8617000,None,74453000,None,None,3672000,3672000,None,None,None,263533000,174308000,49571000,None,45435836,USD,None,4351000,-1446000,-1264000,-15000000,-974000,-253000,36000,-1368000,7840000,10260000,1320000,2394000,0,-721000,0,2868000,4697000,182000,-1134000,-13000,7827000,4.17,7.35
17,2017-03-31,USD,79205000,9451000,69338000,9867000,600000,579000,3147000,0,569000,0,6266000,184000,416000,0,31000,None,None,None,0,38000,0,-10000,0,0,579000,579000,None,USD,170150000,5300000,None,7130000,51832000,118318000,0,1040000,45000,-143665000,3733000,56118000,71892000,41744000,48099000,None,None,-453000,6277000,91981000,None,56900000,0,43107000,0,0,47059000,0,0,45000,0,-143665000,0,None,10474000,None,78169000,None,None,3733000,3733000,None,None,None,262391000,170150000,41744000,None,45525436,USD,None,3360000,-951000,-577000,None,-952000,-229000,-487000,579000,4283000,6186000,-79000,2660000,0,-723000,0,4002000,1553000,374000,-1887000,-35000,4248000,3.9,4.17
18,2016-12-31,USD,65610000,11679000,61657000,3953000,-7715000,-7850000,3314000,0,-7850000,0,5962000,11000,-7726000,0,135000,None,None,None,0,2403000,0,2752000,0,0,-7850000,-7850000,None,USD,165972000,6674000,None,6823000,49358000,116614000,0,1249000,46000,-144244000,4381000,56118000,73605000,37496000,44977000,None,None,-412000,6930000,85437000,None,53822000,0,41118000,0,0,43728000,0,0,46000,0,-144244000,0,None,10813000,None,80535000,None,None,4381000,4381000,None,None,None,261224000,165972000,37496000,None,45606272,USD,None,-687000,-734000,-531000,-15000000,-16232000,-189000,1134000,-7850000,-16083000,883000,1250000,2950000,0,-1043000,0,5889000,2151000,203000,3069000,13000,-16070000,3.76,3.9
