,fiscalDateEnding,reportedCurrency_x,totalRevenue,totalOperatingExpense,costOfRevenue,grossProfit,ebit,netIncome_x,researchAndDevelopment,effectOfAccountingCharges,incomeBeforeTax,minorityInterest,sellingGeneralAdministrative,otherNonOperatingIncome,operatingIncome,otherOperatingExpense,interestExpense,taxProvision,interestIncome,netInterestIncome,extraordinaryItems,nonRecurring,otherItems,incomeTaxExpense,totalOtherIncomeExpense,discontinuedOperations,netIncomeFromContinuingOperations,netIncomeApplicableToCommonShares,preferredStockAndOtherAdjustments,reportedCurrency_y,totalAssets,intangibleAssets,earningAssets,otherCurrentAssets,totalLiabilities,totalShareholderEquity,deferredLongTermLiabilities,otherCurrentLiabilities,commonStock,retainedEarnings,otherLiabilities,goodwill,otherAssets,cash,totalCurrentLiabilities,shortTermDebt,currentLongTermDebt,otherShareholderEquity,propertyPlantEquipment,totalCurrentAssets,longTermInvestments,netTangibleAssets,shortTermInvestments,netReceivables,longTermDebt,inventory,accountsPayable,totalPermanentEquity,additionalPaidInCapital,commonStockTotalEquity,preferredStockTotalEquity,retainedEarningsTotalEquity,treasuryStock,accumulatedAmortization,otherNonCurrrentAssets,deferredLongTermAssetCharges,totalNonCurrentAssets,capitalLeaseObligations,totalLongTermDebt,otherNonCurrentLiabilities,totalNonCurrentLiabilities,negativeGoodwill,warrants,preferredStockRedeemable,capitalSurplus,liabilitiesAndShareholderEquity,cashAndShortTermInvestments,accumulatedDepreciation,commonStockSharesOutstanding,reportedCurrency,investments,changeInLiabilities,cashflowFromInvestment,otherCashflowFromInvestment,netBorrowings,cashflowFromFinancing,otherCashflowFromFinancing,changeInOperatingActivities,netIncome_y,changeInCash,operatingCashflow,otherOperatingCashflow,depreciation,dividendPayout,stockSaleAndPurchase,changeInInventory,changeInAccountReceivables,changeInNetIncome,capitalExpenditures,changeInReceivables,changeInExchangeRate,changeInCashAndCashEquivalents,clossingVal,nextClossingVal
0,2020-06-30,USD,787451000,233077000,461662000,325789000,115849000,96922000,130071000,None,97000000,None,86604000,23137000,92712000,16402000,18849000,78000,1190000,-17659000,None,None,None,78000,21947000,None,96922000,96922000,None,USD,6882686000,738346000,None,81975000,2531441000,4351245000,None,84487000,4293621000,49230000,152607000,2615178000,177236000,1136302000,509332000,6587000,6587000,8394000,1235676000,2079329000,36921000,997721000,None,337362000,1869502000,523690000,418258000,None,None,4293621000,None,49230000,None,None,177236000,None,4803357000,None,1869502000,152607000,2022109000,None,None,None,None,6882686000,1136302000,None,114354000,USD,-23347000,-35438000,-23347000,6485000,305500000,229841000,-11084000,-8027000,96922000,420775000,214281000,-330000,122115000,None,-64575000,-7443000,41029000,-2574000,29832000,41029000,507000,421282000,110.53,
1,2020-03-31,USD,787772000,233627000,451991000,335781000,127718000,50390000,127029000,None,74983000,None,155675000,25564000,102154000,-3071000,52735000,14245000,3954000,-14981000,None,None,None,14245000,-22538000,None,60738000,50390000,None,USD,6560682000,808892000,None,76177000,2268017000,4292665000,None,67355000,4290377000,0,103706000,2614274000,100189000,714939000,539003000,6893000,6893000,2288000,1259203000,1690502000,22515000,869499000,None,382188000,1567231000,517198000,464755000,None,None,4290377000,None,None,None,None,165296000,None,4870180000,None,1567231000,161783000,1729014000,None,None,None,None,6560682000,714939000,None,114625000,USD,-482642000,27132000,-482642000,-447542000,305500000,-113589000,-1243000,26957000,50390000,-381836000,214395000,-17455000,118687000,None,-112346000,-34611000,46195000,-17894000,35100000,46195000,-732000,-382568000,80.63,110.53
2,2019-12-31,USD,869073000,215042000,500962000,368111000,155943000,161356000,122851000,None,172843000,None,81205000,2874000,153069000,10986000,-16900000,21835000,2874000,-14026000,None,None,None,21835000,44148000,None,151008000,161356000,None,USD,6519503000,595307000,None,63608000,2180126000,4339377000,None,59706000,4383368000,-37148000,65363000,2415802000,61873000,1097724000,491205000,5302000,5302000,-6843000,1278988000,2067672000,40896000,1328268000,None,426455000,1568554000,479885000,426197000,None,None,4383368000,None,-37148000,None,None,120838000,None,4451831000,None,1568554000,120367000,1688921000,None,None,None,None,6519503000,1097724000,None,115738000,USD,-235797000,44582000,-235797000,-195131000,559000000,445425000,-5888000,-5625000,161356000,510349000,300721000,-5438000,116785000,None,-107687000,2989000,-4176000,26574000,40666000,-4176000,590000,510939000,116.23,80.63
3,2019-09-30,USD,806698000,210815000,483116000,323582000,114759000,83038000,115614000,None,102066000,None,88274000,1992000,112767000,6927000,12693000,19028000,2292000,-10401000,None,None,None,19028000,-300000,None,83038000,83038000,None,USD,5848571000,451788000,None,60491000,1583077000,4265494000,None,59115000,4471656000,-198504000,60462000,2305136000,84488000,586794000,449629000,4233000,4233000,-7658000,1296103000,1551814000,97549000,1508570000,None,419245000,1016063000,485284000,386281000,None,None,4471656000,None,-198504000,None,None,146181000,None,4296757000,None,1016063000,117385000,1133448000,None,None,None,None,5848571000,586794000,None,116294000,USD,-45171000,-8956000,-45171000,-7128000,559000000,-170143000,-15937000,7404000,83038000,-41902000,173412000,7799000,111189000,None,-154206000,35503000,-78288000,23127000,38043000,-78288000,-807000,-42709000,74.14,116.23
4,2019-06-30,USD,775598000,239063000,481309000,294289000,57061000,39541000,118920000,None,45197000,None,88979000,1835000,55226000,31164000,11864000,5656000,2946000,-8918000,None,None,None,5656000,-1111000,None,39541000,39541000,None,USD,5926381000,508159000,None,66259000,1589038000,4337343000,None,57036000,4625566000,-281542000,58217000,2300912000,86784000,629599000,452146000,1732000,1732000,-6681000,1309471000,1556833000,97990000,1528272000,None,343220000,1018614000,517755000,393378000,None,None,4625566000,None,-281542000,None,None,153016000,None,4369548000,None,1018614000,118278000,1136892000,None,None,None,None,5926381000,629599000,None,117943000,USD,1950000,12719000,-342132000,-293787000,100000000,3866000,-5440000,3868000,39541000,-81148000,257118000,581000,122270000,None,-90694000,6371000,57298000,18338000,50295000,57298000,-284000,-81432000,66.61,74.14
5,2019-03-31,USD,680882000,202526000,414309000,266573000,60555000,61517000,112846000,None,50196000,None,75033000,-3492000,64047000,14647000,10359000,-11321000,3183000,-7176000,-700000,None,None,-11321000,-6675000,None,61517000,61517000,None,USD,5808024000,408210000,None,61907000,1448345000,4359679000,333000,41791000,4687455000,-321152000,93461000,2173900000,76785000,711035000,435614000,None,None,-6624000,1366513000,1684841000,97786000,1777569000,None,400106000,919270000,511793000,393823000,None,None,4687455000,None,-321152000,None,None,76785000,None,4123194000,None,919270000,93128000,1012731000,None,None,None,None,5808024000,711035000,None,119063000,USD,-3000,3691000,-42092000,-6779000,200868000,-85138000,-2444000,-11225000,61517000,60115000,187345000,-1571000,120938000,None,354512000,-47064000,42725000,7158000,35310000,42725000,1203000,61318000,71.73,66.61
6,2018-12-31,USD,832330000,257206000,493967000,338363000,80451000,69517000,109985000,None,70889000,None,125604000,-706000,81157000,21617000,9562000,None,None,None,1800000,None,None,1372000,-28262000,None,69517000,69517000,None,USD,5806291000,463400000,None,58074000,1228971000,4577320000,6978000,47093000,4966059000,-382669000,100637000,2173889000,65222000,649711000,413932000,None,None,-6070000,1397589000,1615536000,90696000,1940031000,None,442802000,714402000,464949000,366839000,None,None,4966059000,None,-382669000,None,None,65222000,None,4190796000,None,714402000,93659000,815039000,None,None,None,None,5806291000,649711000,None,123001000,USD,-3000,-38193000,-72707000,-746000,-22753000,-168567000,-867000,14531000,69517000,91949000,333223000,13406000,102747000,None,-144947000,6918000,71030000,107798000,71961000,71030000,-153000,91796000,60.73,71.73
7,2018-09-30,USD,884443000,263037000,530929000,353514000,42525000,32084000,116748000,None,32836000,None,139507000,-47952000,90477000,6782000,9689000,None,None,None,None,None,None,752000,-59249000,None,32084000,32084000,None,USD,5947061000,595900000,None,57158000,1314924000,4632137000,21932000,51869000,5089331000,-452186000,117443000,2173889000,64782000,557924000,462383000,None,None,-5008000,1401865000,1619770000,90903000,1862348000,0,530156000,735098000,474532000,410514000,0,0,5089331000,0,-452186000,0,None,64782000,None,4327339000,None,735098000,95511000,852541000,None,None,None,None,5947061000,557924000,None,125046000,USD,58132000,35605000,-22795000,-10825000,134727000,32344000,-24222000,8486000,32084000,224086000,214537000,12641000,229836000,0,-78161000,30143000,-131025000,5253000,70102000,-131025000,-202000,223884000,76.89,60.73
8,2018-06-30,USD,692670000,255948000,455937000,236733000,-47776000,-29993000,110903000,None,-62129000,None,135930000,-28561000,-19215000,9115000,14353000,None,None,None,None,None,None,-32136000,-46798000,None,-29993000,-29993000,None,USD,5782332000,729238000,None,59423000,1104227000,4678105000,37155000,50616000,5167311000,-484270000,142583000,2173889000,63396000,334039000,403364000,558280000,558280000,-4936000,1368588000,1367706000,79515000,1774978000,58010000,414656000,558280000,501578000,352748000,0,0,5167311000,0,-484270000,0,None,63396000,None,4414626000,None,558280000,105428000,700863000,None,None,None,None,5782332000,392049000,None,125598000,USD,-57729000,-38819000,-109960000,-8667000,-458172000,-555303000,-7016000,-13126000,-29993000,-590004000,75259000,-11133000,209625000,0,-90115000,-29587000,-14849000,-9985000,43564000,-14849000,-2014000,-592018000,80.17,76.89
9,2018-03-31,USD,665383000,284413000,412743000,252640000,-27518000,-12501000,110795000,0,-43679000,0,122898000,4255000,-31773000,50720000,16161000,None,None,None,0,0,0,-31178000,-52993000,0,-12501000,-12501000,None,USD,6381519000,860336000,None,54724000,1605955000,4775564000,63084000,60904000,5237085000,-458769000,181386000,2173889000,65612000,926037000,441279000,983290000,983290000,-2752000,1374112000,1843805000,63765000,1741339000,0,390752000,983290000,472292000,380375000,0,0,5237085000,0,-458769000,0,None,65612000,None,4537714000,None,983290000,118302000,1164676000,None,None,None,None,6381519000,926037000,None,126322000,USD,-57729000,-11514000,-31038000,1139000,-107742000,-143788000,-365000,-4859000,-12501000,84132000,258958000,40746000,175164000,0,-35681000,-48861000,103957000,12019000,32177000,103957000,589000,84721000,70.45,80.17
10,2017-12-31,USD,845739000,256607000,508812000,336927000,81778000,-33082000,106411000,0,65440000,0,126555000,1458000,80320000,23641000,16338000,None,None,None,0,0,0,98522000,-32503000,0,-33082000,-33082000,None,USD,6526647000,993629000,None,57064000,1705569000,4821078000,58879000,52077000,5270428000,-446268000,173442000,2173889000,3295340000,841326000,384518000,1088730000,1088730000,-3082000,1417141000,1814166000,62756000,1653560000,400000,492869000,1088730000,422907000,332441000,0,0,5270428000,0,-446268000,0,None,65066000,None,4712481000,None,1088730000,173442000,1321051000,None,None,None,None,6526647000,841326000,None,127137000,USD,-57729000,54530000,-31124000,14315000,98097000,27003000,-338000,25634000,-33082000,265947000,270068000,21011000,183642000,0,-70756000,36760000,11168000,-3961000,45439000,11168000,511000,266458000,66.6,70.45
11,2017-09-30,USD,821583000,271458000,500561000,321022000,50430000,35919000,111398000,0,35652000,0,138867000,866000,49564000,21193000,14778000,None,None,None,0,0,0,-267000,0,0,35919000,35919000,None,USD,6478080000,1130036000,None,62093000,1573504000,4904576000,74168000,26067000,5321741000,-413186000,86642000,2173889000,3426480000,574873000,423002000,989692000,989692000,-3979000,1443392000,1608208000,66085000,1600651000,0,510237000,989692000,461005000,396935000,0,0,5321741000,0,-413186000,0,None,56470000,None,4869872000,None,989692000,86642000,1150502000,None,None,None,None,6478080000,574873000,None,127137000,USD,-57729000,70230000,-97855000,-30064000,100000000,-60237000,-15578000,-9111000,35919000,61766000,219858000,-255000,180060000,0,-44659000,10250000,102219000,9972000,67791000,-86318000,510000,62276000,70.68,66.6
12,2017-06-30,USD,640831000,264206000,404454000,236377000,-27997000,-30624000,116499000,0,-40268000,0,139431000,-168000,-27829000,8276000,12271000,None,None,None,0,0,0,-9644000,0,0,-30624000,-30624000,None,USD,6442696000,1265876000,None,68252000,1530015000,4912681000,89279000,16046000,5365373000,-449105000,89398000,2173889000,3535375000,512631000,361918000,989420000,989420000,-3587000,1440105000,1467216000,36248000,1472916000,0,415453000,989420000,470880000,345872000,0,0,5365373000,0,-449105000,0,None,59362000,None,4975480000,None,989420000,89398000,1168097000,None,None,None,None,6442696000,512631000,None,127225000,USD,None,-21880000,-117392000,7036000,100000000,-19826000,-8427000,18259000,-30624000,-33582000,103636000,15985000,177217000,0,-11399000,-40036000,15901000,18875000,124428000,-15901000,750000,-32832000,63.32,70.68
13,2017-03-31,USD,642992000,256052000,411396000,231596000,-23614000,55908000,115670000,0,-37288000,0,132738000,842000,-24456000,7644000,13674000,None,None,None,0,0,0,-93189000,-79754000,0,55901000,55908000,None,USD,6522323000,1400563000,None,62493000,1625601000,4896722000,131511000,31998000,5357394000,-456366000,86108000,2173914000,3668786000,545463000,418828000,989154000,989154000,-4306000,1391932000,1461605000,35494000,1322245000,0,423195000,989154000,430454000,386830000,0,0,5357394000,0,-456366000,0,None,58815000,None,5060718000,None,989154000,86108000,1206773000,None,None,None,None,6522323000,545463000,None,126464000,USD,186324000,-64830000,-167102000,-1355000,-7729000,-30570000,-435000,51833000,55908000,49399000,247071000,27464000,187068000,0,-30135000,-25593000,-36873000,3508000,165747000,63501000,253000,49652000,68.56,63.32
14,2016-12-31,USD,826347000,249261000,515705000,310642000,59005000,-78638000,111951000,0,44541000,0,130672000,-2376000,61381000,6638000,14464000,None,None,None,0,0,0,123179000,0,0,-78638000,-78638000,None,USD,6624911000,1534098000,None,84123000,1761795000,4863116000,139253000,123644000,5378944000,-512274000,85060000,2173914000,3801227000,495811000,548596000,None,None,-3554000,1335767000,1487917000,34733000,1155104000,0,503366000,988886000,404617000,424952000,0,0,5378944000,0,-512274000,0,None,58482000,None,5136994000,None,988886000,85060000,1213199000,None,None,None,None,6624911000,495811000,None,126331000,USD,-469000,-15877000,-136407000,129000,None,-56043000,-292000,21472000,-78638000,27912000,220362000,22081000,178644000,0,-55751000,30840000,100374000,12766000,136536000,70546000,-1320000,26592000,52.73,68.56
15,2016-09-30,USD,864698000,271406000,547899000,316799000,45274000,11847000,126078000,0,29720000,0,138583000,-119000,45393000,6745000,15554000,None,None,None,0,0,0,17873000,0,0,11847000,11847000,None,USD,6751622000,1656158000,None,106671000,1775246000,4976376000,146927000,21529000,5413742000,-433636000,82249000,2174918000,3929036000,469219000,557445000,None,None,-3730000,1240050000,1582536000,34902000,1145300000,0,569511000,988625000,437135000,535916000,0,0,5413742000,0,-433636000,0,None,63058000,None,5169086000,None,988625000,82249000,1217801000,None,None,None,None,6751622000,469219000,None,132000000,USD,13404000,118934000,-111977000,-5402000,-4000,-102187000,-11958000,4961000,11847000,36185000,249998000,4628000,174487000,0,-90285000,18581000,170920000,12607000,119979000,-91419000,351000,36185000,55.74,52.73
16,2016-06-30,USD,698537000,270734000,422062000,276475000,5519000,-5675000,117137000,0,-9668000,0,143595000,-222000,5741000,10002000,15187000,None,None,None,0,0,0,-3993000,0,0,-5675000,-5675000,None,USD,6687987000,1775937000,None,112192000,1654411000,5033576000,163644000,14346000,5483200000,-445483000,82062000,2174639000,4041614000,433034000,420333000,None,None,-4141000,1160953000,1485420000,26000000,1083000000,13873000,470550000,988372000,455771000,405987000,0,0,5483200000,0,-445483000,0,None,65038000,None,5202567000,None,988372000,82062000,1234078000,None,None,None,None,6687987000,446907000,None,None,USD,172920000,5700000,-75001000,-117481000,2000,23154000,-2810000,-28578000,-5675000,7153000,59389000,-28410000,166087000,0,25962000,-30270000,79501000,31626000,130440000,-79501000,-389000,7153000,55.26,55.74
17,2016-03-31,USD,608069000,245723000,353869000,254200000,11719000,-24202000,107268000,0,-2721000,0,127083000,3242000,8477000,11372000,14440000,None,None,None,0,0,0,21481000,-51530000,0,-24202000,-24202000,None,USD,6596819000,1812515000,None,105234000,1597147000,4999672000,152160000,30548000,5442613000,-439808000,83056000,2135697000,4040721000,425881000,373801000,988130000,988130000,-3133000,1046888000,1509210000,26050000,1051460000,186808000,363736000,988130000,427551000,343253000,0,0,5442613000,0,-439808000,0,None,66459000,None,5087609000,None,988130000,83056000,1223346000,None,None,None,None,6596819000,612689000,-751898000,127386000,USD,-11999000,53672000,-96284000,185000,-654000,-489550000,-297000,-38088000,-24202000,-426140000,159694000,-25315000,158167000,0,-488599000,-19119000,36682000,36671000,84470000,-20185000,424000,-425716000,50.41,55.26
18,2015-12-31,USD,620681000,244201000,389693000,230988000,-13333000,-11127000,105992000,0,-21001000,0,126294000,-120000,-13213000,11915000,7668000,None,None,None,0,0,0,-9874000,0,0,-11127000,-11127000,None,USD,7011110000,1927366000,None,84264000,1517038000,5494072000,143103000,715000,5911031000,-415606000,85362000,2135697000,4154557000,851597000,300685000,None,None,-1353000,1012836000,1843717000,29287000,1431009000,173569000,327595000,987888000,406692000,299970000,0,0,5911031000,0,-415606000,0,None,62207000,None,5167393000,None,987888000,85362000,1216353000,None,None,None,None,7011110000,1025166000,None,137051000,USD,-146907000,-81240000,-207962000,413000,913453000,672616000,-1534000,None,-11127000,682660000,218006000,-3664000,177169000,0,-239303000,-13194000,56867000,8699000,61468000,141363000,-660000,682000000,50.9,50.41
19,2015-09-30,USD,708335000,266809000,423487000,284848000,18892000,4448000,118293000,0,18232000,0,134994000,853000,18039000,13522000,660000,None,None,None,0,0,0,13784000,0,0,4448000,4448000,None,USD,6532097000,2055228000,None,78082000,819999000,5712098000,303183000,3291000,6117858000,-404479000,86342000,2135697000,4283787000,169597000,355474000,None,None,-1281000,972328000,1275982000,28761000,1521173000,25960000,608583000,75000000,393760000,352183000,0,0,6117858000,0,-404479000,0,None,64101000,None,5256115000,None,75000000,86342000,464525000,None,None,None,None,6532097000,195557000,None,140976000,USD,180845000,11737000,100669000,115000,75090000,-425445000,-11926000,None,4448000,-155981000,168795000,4529000,173888000,0,-488609000,-30197000,0,34641000,80291000,-30251000,-24000,-156005000,45.05,50.9
