,fiscalDateEnding,reportedCurrency_x,totalRevenue,totalOperatingExpense,costOfRevenue,grossProfit,ebit,netIncome_x,researchAndDevelopment,effectOfAccountingCharges,incomeBeforeTax,minorityInterest,sellingGeneralAdministrative,otherNonOperatingIncome,operatingIncome,otherOperatingExpense,interestExpense,taxProvision,interestIncome,netInterestIncome,extraordinaryItems,nonRecurring,otherItems,incomeTaxExpense,totalOtherIncomeExpense,discontinuedOperations,netIncomeFromContinuingOperations,netIncomeApplicableToCommonShares,preferredStockAndOtherAdjustments,reportedCurrency_y,totalAssets,intangibleAssets,earningAssets,otherCurrentAssets,totalLiabilities,totalShareholderEquity,deferredLongTermLiabilities,otherCurrentLiabilities,commonStock,retainedEarnings,otherLiabilities,goodwill,otherAssets,cash,totalCurrentLiabilities,shortTermDebt,currentLongTermDebt,otherShareholderEquity,propertyPlantEquipment,totalCurrentAssets,longTermInvestments,netTangibleAssets,shortTermInvestments,netReceivables,longTermDebt,inventory,accountsPayable,totalPermanentEquity,additionalPaidInCapital,commonStockTotalEquity,preferredStockTotalEquity,retainedEarningsTotalEquity,treasuryStock,accumulatedAmortization,otherNonCurrrentAssets,deferredLongTermAssetCharges,totalNonCurrentAssets,capitalLeaseObligations,totalLongTermDebt,otherNonCurrentLiabilities,totalNonCurrentLiabilities,negativeGoodwill,warrants,preferredStockRedeemable,capitalSurplus,liabilitiesAndShareholderEquity,cashAndShortTermInvestments,accumulatedDepreciation,commonStockSharesOutstanding,reportedCurrency,investments,changeInLiabilities,cashflowFromInvestment,otherCashflowFromInvestment,netBorrowings,cashflowFromFinancing,otherCashflowFromFinancing,changeInOperatingActivities,netIncome_y,changeInCash,operatingCashflow,otherOperatingCashflow,depreciation,dividendPayout,stockSaleAndPurchase,changeInInventory,changeInAccountReceivables,changeInNetIncome,capitalExpenditures,changeInReceivables,changeInExchangeRate,changeInCashAndCashEquivalents,clossingVal,nextClossingVal
0,2020-06-30,USD,2196000,3899000,1192000,1004000,-2823000,-2979000,2200000,None,-3006000,None,1665000,72000,-2895000,None,183000,-27000,72000,-111000,None,34000,None,-27000,-34000,None,-2979000,-2979000,None,USD,36621000,1606000,None,27560000,20999000,15622000,None,1269000,11000,-289402000,None,185000,291000,26398000,18803000,15000000,15000000,None,591000,31736000,None,13831000,None,1124000,730000,3052000,2534000,None,None,11000,None,-289402000,None,None,2503000,None,4885000,2218000,None,2196000,2196000,None,None,None,305013000,36621000,None,None,10912000,USD,-146000,573000,-146000,-143000,1191000,8949000,268000,-248000,-2979000,7400000,-1403000,-248000,225000,None,7490000,7000,252000,767000,3000,252000,None,7400000,3.08,
1,2020-03-31,USD,2158000,4177000,1043000,1115000,-3067000,-3165000,1819000,None,-3147000,None,1879000,-5000,-3062000,None,80000,18000,None,-85000,None,479000,None,18000,-479000,None,-3165000,-3165000,None,USD,29911000,1532000,None,1285000,19676000,10235000,None,870000,8000,-286423000,None,185000,293000,18998000,18037000,15000000,15000000,None,713000,24744000,None,8518000,None,1376000,None,3085000,2167000,None,None,8000,None,-286423000,None,None,2737000,None,5167000,2414000,1639000,1639000,1639000,None,None,None,296650000,29911000,18998000,None,8383000,USD,-290000,1000,-290000,-253000,-60000,-85000,-442000,328000,-3165000,-2550000,-2175000,328000,265000,None,357000,158000,615000,-377000,37000,615000,None,-2550000,2.84,3.08
2,2019-12-31,USD,2871000,4791000,1008000,1863000,-2892000,-3063000,2754000,None,-2972000,None,2037000,36000,-2928000,None,80000,91000,36000,-44000,None,None,None,91000,-44000,None,-3063000,-3063000,None,USD,33404000,1341000,None,1565000,19581000,13823000,None,862000,8000,-283258000,None,185000,314000,21548000,17998000,15000000,15000000,None,830000,28364000,None,12297000,None,1991000,None,3260000,2136000,None,None,8000,None,-283258000,None,None,2684000,None,5040000,2287000,None,1583000,1583000,None,None,None,297073000,33404000,21548000,None,8331000,USD,-342000,-988000,-342000,-365000,-82000,-88000,-86000,-416000,-3063000,-3274000,-2844000,863000,301000,None,-2000,105000,-732000,670000,23000,-732000,None,-3274000,6.0,2.84
3,2019-09-30,USD,2158000,6351000,1117000,1041000,-3830000,-4271000,3139000,None,-4201000,None,2095000,55000,-4193000,None,63000,70000,55000,-8000,None,None,None,70000,-8000,None,-4271000,-4271000,None,USD,35801000,1045000,None,1506000,19563000,16238000,None,662000,116000,-280195000,None,282000,306000,24722000,18140000,15000000,15000000,None,3203000,30965000,None,14911000,None,1259000,None,3378000,1004000,None,None,116000,None,-280195000,None,None,306000,None,4836000,2085000,None,1423000,1423000,None,None,None,296317000,35801000,24822000,None,116556000,USD,-76000,-569000,-76000,20000,-89000,-473000,-290000,621000,-4271000,-3329000,-2780000,-229000,308000,None,-290000,131000,260000,740000,76000,260000,None,-3329000,0.3515,6.0
4,2019-06-30,USD,2087000,6620000,1065000,1022000,-4183000,-4634000,3215000,None,-4607000,None,2340000,50000,-4533000,None,124000,27000,50000,-74000,None,None,None,27000,-76000,None,-4634000,-4634000,None,USD,40131000,1082000,None,357000,20269000,19862000,None,777000,116000,-275924000,None,282000,351000,28051000,18716000,15000000,15000000,None,1110000,34889000,None,18498000,None,1519000,None,3502000,1632000,None,None,116000,None,-275924000,None,None,351000,None,5242000,2330000,None,1553000,1553000,None,None,None,295670000,40131000,28151000,None,116121000,USD,-412000,-709000,-412000,20000,-120000,8398000,-146000,-265000,-4634000,4932000,-3054000,194000,300000,None,8544000,62000,932000,801000,412000,932000,None,4932000,0.5755,0.3515
5,2019-03-31,USD,3194000,5688000,1215000,1979000,-3661000,-3476000,3242000,None,-3744000,None,2446000,48000,-3709000,None,83000,-268000,-83000,-35000,None,None,None,-268000,-139000,None,-3476000,-3476000,None,USD,34674000,1118000,None,1784000,19204000,15470000,None,646000,97000,-271290000,None,282000,400000,23219000,18911000,15000000,15000000,None,873000,31026000,None,14070000,None,2452000,293000,3571000,3265000,None,None,97000,None,-271290000,None,None,1375000,None,3648000,939000,None,293000,293000,None,None,None,286663000,34674000,23219000,None,97189000,USD,-91000,-80000,-91000,20000,-74000,-237000,-241000,-751000,-3476000,-3244000,-2916000,-626000,292000,None,4000,185000,-242000,1031000,111000,-242000,None,-3244000,0.6106,0.5755
6,2018-12-31,USD,3233000,4724000,1561000,1672000,-3001000,-3065000,2422000,0,-3032000,0,2302000,51000,-3052000,0,31000,33000,None,None,0,0,0,33000,20000,0,-3065000,-3065000,None,USD,36086000,None,None,1775000,18831000,17255000,None,None,95000,-267814000,16000,None,354000,26463000,18707000,15316000,15000000,None,1449000,34283000,None,17255000,None,2209000,None,3836000,3391000,None,None,95000,None,-267814000,None,None,354000,None,1803000,108000,108000,16000,124000,None,None,None,284974000,36086000,26463000,None,95513000,USD,None,97000,-176000,63000,5922000,6229000,-49000,-1178000,-3065000,2244000,-3809000,-820000,296000,None,356000,74000,-983000,592000,239000,-983000,None,2244000,0.734,0.6106
7,2018-09-30,USD,3510000,4970000,1767000,1743000,-3210000,-3260000,2461000,0,-3231000,0,2509000,17000,-3227000,0,21000,None,None,None,0,0,0,29000,-4000,0,-3260000,-3260000,None,USD,32532000,0,None,1087000,12981000,19551000,0,2218000,95000,-264749000,47000,0,222000,24219000,12792000,9360000,9000000,None,1688000,30622000,None,19551000,0,1226000,142000,4090000,3432000,0,0,95000,0,-264749000,0,None,222000,None,1910000,142000,142000,47000,189000,None,None,None,284205000,32532000,24219000,None,94922000,USD,None,-119000,-17000,0,2907000,2777000,-134000,412000,-3260000,1404000,-1356000,36000,305000,0,4000,121000,965000,596000,17000,965000,None,1404000,1.0,0.734
8,2018-06-30,USD,3122000,4976000,1592000,1530000,-3423000,-3484000,2366000,0,-3455000,0,2610000,23000,-3446000,0,32000,None,None,None,0,0,0,29000,-9000,0,-3484000,-3484000,None,USD,32431000,0,None,1099000,10007000,22424000,0,1828000,95000,-261490000,61000,0,246000,22815000,9831000,6303000,6000000,None,1790000,30395000,None,22424000,0,2191000,115000,4290000,3528000,0,0,95000,0,-261490000,0,None,246000,None,2036000,115000,115000,61000,176000,None,None,None,283819000,32431000,22815000,None,94575000,USD,None,113000,-47000,0,-113000,14020000,-84000,358000,-3484000,10254000,-3719000,514000,336000,0,14217000,-824000,-937000,563000,47000,-937000,None,10254000,1.15,1.0
9,2018-03-31,USD,2764000,5260000,1375000,1389000,-3885000,-3970000,2699000,0,-3909000,0,2561000,-14000,-3871000,0,24000,None,None,None,0,0,0,61000,-38000,0,-3970000,-3970000,None,USD,21163000,0,None,1426000,9870000,11293000,0,1982000,80000,-258005000,65000,0,255000,12561000,9570000,6296000,6000000,None,2117000,18791000,None,11293000,0,1254000,235000,3550000,3274000,0,0,80000,0,-258005000,0,None,255000,None,2372000,235000,235000,65000,300000,None,None,None,269218000,21163000,12561000,None,80628000,USD,None,369000,-48000,0,-123000,-164000,-41000,-234000,-3970000,-3966000,-3754000,-609000,339000,0,0,-33000,-329000,479000,48000,-329000,None,-3966000,1.52,1.15
10,2017-12-31,USD,2981000,4977000,1478000,1503000,-3451000,-3409000,2458000,0,-3469000,0,2519000,23000,-3474000,0,18000,None,None,None,0,0,0,-60000,-94000,0,-3409000,-3409000,None,USD,24636000,0,None,997000,9758000,14878000,0,1653000,80000,-254035000,14000,0,253000,16527000,9389000,6299000,6000000,None,2375000,22008000,None,14878000,0,925000,355000,3559000,3090000,0,0,80000,0,-254035000,0,None,253000,None,2628000,355000,355000,14000,369000,None,None,None,268833000,24636000,16527000,None,80536000,USD,None,214000,-496000,0,-220000,101000,-1771000,140000,-3409000,-2502000,-2107000,-103000,332000,0,234000,-358000,-86000,488000,496000,729000,None,-2502000,1.74,1.52
11,2017-09-30,USD,2972000,4721000,1706000,1266000,-3458000,-3550000,2368000,0,-3473000,0,2353000,-3000,-3455000,0,15000,None,None,None,0,0,0,77000,0,0,-3550000,-3550000,None,USD,27521000,0,None,1031000,9727000,17794000,0,1781000,80000,-250626000,25000,0,253000,19029000,9573000,6145000,6000000,None,2247000,25021000,None,17794000,0,1654000,129000,3307000,3428000,0,0,80000,0,-250626000,0,None,253000,None,2500000,129000,129000,25000,154000,None,None,None,268340000,27521000,19029000,None,80171000,USD,None,386000,-98000,0,-23000,-34000,-23000,69000,-3550000,-3205000,-3073000,-59000,332000,0,12000,-7000,815000,428000,98000,-603000,None,-3205000,1.68,1.74
12,2017-06-30,USD,3026000,4933000,1646000,1380000,-3552000,-3607000,2319000,0,-3573000,0,2614000,1000,-3553000,0,21000,None,None,None,0,0,0,34000,0,0,-3607000,-3607000,None,USD,30240000,0,None,868000,9285000,20955000,0,79000,80000,-247076000,35000,0,236000,22234000,9121000,6167000,6296000,None,2529000,27475000,None,20955000,0,1051000,129000,3322000,2875000,0,0,80000,0,-247076000,0,None,236000,None,2765000,129000,129000,35000,164000,None,None,None,267951000,30240000,22234000,None,80103000,USD,None,-1363000,-33000,0,-177000,-515000,-44000,70000,-3607000,-4440000,-3892000,82000,354000,0,-294000,-461000,212000,347000,33000,756000,None,-4440000,1.46,1.68
13,2017-03-31,USD,3170000,4841000,1797000,1373000,-3468000,-3565000,2427000,0,-3529000,0,2414000,None,-3468000,0,61000,None,None,None,0,0,0,36000,0,0,-3565000,-3565000,None,USD,35118000,0,None,977000,11089000,24029000,0,317000,79000,-243469000,45000,0,233000,26674000,11002000,6171000,6171000,None,2566000,32319000,None,24029000,0,1807000,42000,2861000,4514000,0,0,79000,0,-243469000,0,None,233000,None,2799000,42000,42000,45000,87000,None,None,None,267419000,35118000,26674000,None,79561000,USD,None,655000,-15000,0,-122000,15685000,-20000,183000,-3565000,11804000,-3866000,183000,355000,0,15827000,-948000,968000,422000,15000,-968000,None,11804000,1.78,1.46
14,2016-12-31,USD,2945000,4702000,1995000,950000,-3795000,-3858000,2380000,0,-3861000,0,2322000,-43000,-3752000,0,66000,None,None,None,0,0,0,-3000,-281000,0,-3858000,-3858000,None,USD,21844000,0,None,1123000,9856000,11988000,0,1580000,68000,-239904000,49000,0,230000,14870000,9807000,6209000,6000000,None,2765000,18849000,None,11988000,0,839000,0,2017000,3598000,0,0,68000,0,-239904000,0,None,230000,None,2995000,355000,355000,49000,49000,None,None,None,251824000,21844000,14870000,None,68134000,USD,None,284000,-392000,0,276000,1066000,-1197000,345000,-3858000,-2891000,-3565000,-103000,360000,0,790000,-634000,762000,203000,3516000,183000,None,-2891000,1.39,1.78
15,2016-09-30,USD,2809000,5459000,1918000,891000,-4609000,-4623000,2755000,0,-4646000,0,2704000,-41000,-4568000,0,37000,None,None,None,0,0,0,-23000,0,0,-4623000,-4623000,None,USD,24627000,0,None,1081000,8986000,15641000,0,2075000,68000,-236046000,57000,0,247000,17761000,8907000,5208000,5208000,None,3073000,21307000,None,15641000,0,1022000,22000,1443000,3699000,0,0,68000,0,-236046000,0,None,247000,None,3320000,22000,22000,57000,79000,None,None,None,251619000,24627000,17761000,None,None,USD,None,265000,-49000,0,979000,972000,103000,51000,-4623000,-1209000,-2132000,51000,341000,0,-7000,874000,579000,497000,49000,463000,None,-1209000,0.76,1.39
16,2016-06-30,USD,2717000,6274000,1941000,776000,-5513000,-5574000,3683000,0,-5547000,0,2591000,-15000,-5498000,0,34000,None,None,None,0,0,0,27000,0,0,-5574000,-5574000,None,USD,27153000,0,None,983000,7342000,19811000,0,1434000,68000,-231423000,120000,0,307000,18970000,3113000,142000,142000,None,3090000,23756000,None,19811000,0,1485000,4000000,2318000,2971000,0,0,68000,0,-231423000,0,None,307000,None,3397000,109000,4109000,120000,4229000,None,None,None,251166000,27153000,18970000,None,67768000,USD,None,-1800000,-462000,0,837000,1235000,-703000,117000,-5574000,-4332000,-5105000,117000,319000,0,347000,780000,116000,983000,462000,70000,None,-4332000,0.97,0.76
17,2016-03-31,USD,2950000,6140000,1794000,1156000,-4991000,-5093000,3447000,0,-5029000,0,2693000,-7000,-4984000,0,38000,None,None,None,0,0,0,64000,0,0,-5093000,-5093000,None,USD,33232000,0,None,1180000,8686000,24546000,0,1828000,67000,-225849000,127000,0,229000,23302000,5428000,283000,283000,None,3636000,29367000,None,24546000,0,1555000,3000000,3330000,5145000,0,0,67000,0,-225849000,0,None,229000,None,3865000,131000,3131000,127000,3258000,None,None,None,250328000,33232000,23302000,None,67000000,USD,None,-72000,-1051000,0,925000,9674000,-51000,240000,-5093000,4166000,-4457000,240000,312000,0,8800000,-455000,46000,565000,1051000,46000,None,4166000,1.06,0.97
18,2015-12-31,USD,3630000,6000000,2349000,1281000,-4728000,-4846000,3490000,0,-4746000,0,2461000,-9000,-4719000,0,18000,None,None,None,0,49000,0,100000,-484000,0,-4846000,-4846000,None,USD,28461000,0,None,1312000,8136000,20325000,0,1482000,57000,-220756000,133000,0,219000,19136000,5795000,281000,2489000,None,3315000,24927000,None,20325000,0,1601000,2000000,2878000,5514000,0,0,57000,0,-220756000,0,None,219000,None,3534000,208000,2208000,133000,2341000,None,None,None,241024000,28461000,19136000,None,56904000,USD,None,-746000,-109000,0,965000,1125000,-1197000,263000,-4846000,-4305000,-5321000,-121000,334000,0,160000,-721000,-49000,747000,109000,32000,None,-4305000,1.13,1.06
19,2015-09-30,USD,4194000,6269000,2952000,1242000,-5066000,-5086000,3684000,0,-5101000,0,2508000,-39000,-5027000,0,35000,None,None,None,0,77000,0,-15000,0,0,-5086000,-5086000,None,USD,31073000,0,None,833000,6607000,24466000,0,82000,57000,-215910000,127000,0,231000,23441000,5360000,229000,None,None,2563000,28279000,None,24466000,0,1633000,1000000,2372000,5049000,0,0,57000,0,-215910000,0,None,231000,None,2794000,120000,1120000,127000,1247000,None,None,None,240319000,31073000,23441000,None,56600000,USD,None,832000,-74000,0,-100000,-115000,None,None,-5086000,-2974000,-2785000,12000,348000,0,-15000,628000,81000,517000,74000,-36000,None,-2974000,1.59,1.13
