,fiscalDateEnding,reportedCurrency_x,totalRevenue,totalOperatingExpense,costOfRevenue,grossProfit,ebit,netIncome_x,researchAndDevelopment,effectOfAccountingCharges,incomeBeforeTax,minorityInterest,sellingGeneralAdministrative,otherNonOperatingIncome,operatingIncome,otherOperatingExpense,interestExpense,taxProvision,interestIncome,netInterestIncome,extraordinaryItems,nonRecurring,otherItems,incomeTaxExpense,totalOtherIncomeExpense,discontinuedOperations,netIncomeFromContinuingOperations,netIncomeApplicableToCommonShares,preferredStockAndOtherAdjustments,reportedCurrency_y,totalAssets,intangibleAssets,earningAssets,otherCurrentAssets,totalLiabilities,totalShareholderEquity,deferredLongTermLiabilities,otherCurrentLiabilities,commonStock,retainedEarnings,otherLiabilities,goodwill,otherAssets,cash,totalCurrentLiabilities,shortTermDebt,currentLongTermDebt,otherShareholderEquity,propertyPlantEquipment,totalCurrentAssets,longTermInvestments,netTangibleAssets,shortTermInvestments,netReceivables,longTermDebt,inventory,accountsPayable,totalPermanentEquity,additionalPaidInCapital,commonStockTotalEquity,preferredStockTotalEquity,retainedEarningsTotalEquity,treasuryStock,accumulatedAmortization,otherNonCurrrentAssets,deferredLongTermAssetCharges,totalNonCurrentAssets,capitalLeaseObligations,totalLongTermDebt,otherNonCurrentLiabilities,totalNonCurrentLiabilities,negativeGoodwill,warrants,preferredStockRedeemable,capitalSurplus,liabilitiesAndShareholderEquity,cashAndShortTermInvestments,accumulatedDepreciation,commonStockSharesOutstanding,reportedCurrency,investments,changeInLiabilities,cashflowFromInvestment,otherCashflowFromInvestment,netBorrowings,cashflowFromFinancing,otherCashflowFromFinancing,changeInOperatingActivities,netIncome_y,changeInCash,operatingCashflow,otherOperatingCashflow,depreciation,dividendPayout,stockSaleAndPurchase,changeInInventory,changeInAccountReceivables,changeInNetIncome,capitalExpenditures,changeInReceivables,changeInExchangeRate,changeInCashAndCashEquivalents,clossingVal,nextClossingVal
0,2020-06-30,USD,669000,38877000,None,669000,-41581000,-42551000,28401000,None,-42551000,None,12011000,-3373000,-38208000,-1535000,970000,None,81000,-889000,None,None,None,None,-3454000,None,-42551000,-42551000,None,USD,385341000,7087000,None,5148000,119836000,265505000,None,11648000,2692000,-730257000,24344000,496000,2683000,314265000,29840000,None,None,-7319000,29301000,319635000,None,265505000,None,222000,35373000,None,18192000,None,None,2692000,None,-730257000,None,None,36405000,None,65706000,35774000,None,89996000,89996000,None,None,None,1000389000,385341000,314265000,None,44444405,USD,-1716000,878000,-1716000,-1000,None,2539000,None,1313000,-42551000,-29168000,-29991000,271000,1772000,None,2539000,None,None,9639000,1715000,None,None,-29168000,45.06,
1,2020-03-31,USD,857000,35320000,None,857000,-27024000,-27999000,26013000,None,-27999000,None,9411000,7439000,-34463000,-104000,975000,None,822000,-153000,None,None,None,None,6617000,None,-27999000,-27999000,None,USD,414243000,7211000,None,7314000,119096000,295147000,None,12632000,2683000,-687706000,25241000,486000,2921000,342029000,27128000,None,None,-11966000,27736000,349601000,None,295147000,None,258000,36209000,None,14496000,None,None,2683000,None,-687706000,None,None,36906000,None,64642000,36418000,36209000,91968000,91968000,None,None,None,992136000,414243000,342029000,None,44299596,USD,-2890000,-3191000,-2890000,-2213000,None,1010000,None,-2645000,-27999000,-34833000,-32953000,-3027000,1733000,None,1010000,None,None,-469000,677000,None,None,-34833000,47.45,45.06
2,2019-12-31,USD,869000,32748000,26492000,869000,-40470000,-41426000,26492000,None,-41426000,None,10017000,-7491000,-32979000,-2661000,956000,0,1509000,553000,None,None,None,None,-9000000,None,-41426000,-41426000,None,USD,448630000,5427000,None,5466000,125572000,323058000,None,13492000,2651000,-659707000,26747000,496000,2933000,377793000,31630000,None,None,-6689000,28771000,384206000,None,323058000,None,947000,36062000,None,18138000,None,None,2651000,None,-659707000,None,None,35653000,None,64424000,36998000,36062000,93942000,93942000,None,None,None,986803000,448630000,377793000,None,43711954,USD,-1963000,3146000,-1963000,None,None,1310000,None,1076000,-41426000,-26660000,-26007000,-1818000,1737000,None,1310000,None,-1890000,12354000,1963000,None,None,-26660000,71.66,47.45
3,2019-09-30,USD,453000,31779000,23554000,453000,-22644000,-23604000,23554000,None,-23604000,None,9271000,8682000,-31326000,-1046000,960000,0,868000,-92000,None,None,None,None,7814000,None,-23604000,-23604000,None,USD,471592000,5424000,None,4378000,121360000,350232000,None,11963000,2646000,-618281000,25743000,482000,2914000,403163000,28447000,None,None,-14682000,28278000,407642000,None,350232000,None,101000,35928000,None,16484000,None,None,2646000,None,-618281000,None,None,35672000,None,63950000,35678000,35928000,92913000,92913000,None,None,None,980549000,471592000,403163000,None,43612417,USD,-2256000,4891000,-2256000,None,None,244290000,None,5592000,-23604000,220014000,-22020000,-2592000,1715000,None,244290000,None,-100000,-2430000,2256000,None,None,220014000,39.36,71.66
4,2019-06-30,USD,566000,29897000,24154000,566000,-30462000,-31399000,24154000,None,-31399000,None,8217000,-1131000,-29331000,-2474000,937000,0,728000,-209000,None,None,None,None,-1859000,None,-31399000,-31399000,None,USD,253078000,5864000,None,4091000,121022000,132056000,None,11479000,2327000,-594677000,30000000,503000,2940000,184095000,23368000,4256000,4256000,-8518000,28057000,188541000,None,132056000,None,355000,35784000,None,11889000,None,None,2327000,None,-594677000,None,None,36480000,None,64537000,36126000,35784000,97654000,97654000,None,None,None,732924000,253078000,184095000,None,37839833,USD,-1198000,1061000,-1198000,None,None,543000,None,532000,-31399000,-24874000,-24219000,-1555000,1648000,None,543000,None,-16000,6026000,1198000,None,None,-24874000,78.15,39.36
5,2019-03-31,USD,1136000,28604000,20537000,-19401000,-26815000,-27772000,20537000,None,-27772000,None,8067000,689000,-27504000,-1100000,957000,0,1759000,-515000,None,None,None,None,247000,None,-27772000,-27772000,None,USD,268994000,5917000,None,3947000,111882000,157112000,None,11580000,2322000,-563278000,30490000,496000,2930000,208787000,22418000,3808000,3808000,-9727000,27778000,213195000,None,157112000,None,461000,35630000,None,10838000,None,None,2322000,None,-563278000,None,None,28021000,None,55799000,27152000,35630000,89464000,89464000,None,None,None,727795000,268994000,208787000,None,37763842,USD,-1230000,-1436000,-1230000,-996000,None,2678000,None,-1190000,-27772000,-24990000,-26438000,-1273000,1569000,None,2678000,None,-2763000,2474000,234000,None,None,-24990000,59.65,78.15
6,2018-12-31,USD,1608000,25927000,19898000,-18290000,-21230000,-21888000,18717000,0,-21894000,0,7210000,2976000,-24206000,-11397000,664000,None,None,None,0,0,0,-6000,2133000,0,-21888000,-21888000,None,USD,273906000,5201000,None,1445000,94300000,179606000,None,7945000,2299000,-535506000,38860000,506000,2444000,234898000,19969000,None,None,-7259000,29179000,236576000,None,179606000,None,233000,35010000,None,12024000,None,None,2299000,None,-535506000,None,None,8151000,None,37330000,None,35471000,74331000,74331000,None,None,None,720072000,273906000,234898000,None,37351653,USD,None,953000,-742000,-163000,14775000,14844000,-9353000,4210000,-21888000,-3901000,-18003000,874000,1947000,None,69000,None,-1883000,2058000,579000,None,None,-3901000,28.82,59.65
7,2018-09-30,USD,3148000,26439000,18941000,3148000,-21552000,-22035000,20541000,0,-22067000,0,5898000,1672000,-23224000,-67000,515000,None,None,None,0,0,0,-32000,-443000,0,-22035000,-22035000,None,USD,281060000,5211000,None,1982000,81208000,199852000,0,9687000,2294000,-513618000,39600000,513000,2454000,239546000,32011000,11111000,11111000,-5487000,30802000,242080000,None,199852000,0,552000,9597000,0,11213000,0,0,2294000,0,-513618000,0,None,8178000,None,38980000,None,None,49197000,49197000,None,None,None,716663000,281060000,239546000,None,37275199,USD,None,-1195000,-861000,-253000,15000000,1639000,-9353000,-1767000,-22035000,-19279000,-20057000,4589000,1836000,0,1639000,0,970000,1795000,608000,None,None,-19279000,36.39,28.82
8,2018-06-30,USD,3050000,24389000,18493000,3050000,-19666000,-20592000,18493000,0,-20231000,0,5896000,1537000,-21203000,-136000,565000,None,None,None,0,0,0,361000,972000,0,-20592000,-20592000,None,USD,308539000,10733000,None,2489000,90123000,218416000,0,10626000,2288000,-491583000,45843000,516000,2458000,259180000,31440000,8028000,8028000,-4688000,32126000,262706000,None,218416000,0,1037000,12840000,0,12786000,0,0,2288000,0,-491583000,0,None,13707000,None,45833000,None,None,58683000,58683000,None,None,None,712399000,308539000,259180000,None,31771816,USD,None,2900000,-1994000,-1445000,15000000,139916000,-9353000,2864000,-20592000,121385000,-16537000,214000,1661000,0,139916000,0,940000,-720000,549000,None,None,121385000,37.8,36.39
9,2018-03-31,USD,3478000,23359000,17059000,3478000,-18465000,-18789000,17058000,0,-18881000,0,6301000,1134000,-19599000,-282000,416000,None,None,None,0,0,0,-92000,719000,0,-18789000,-18789000,None,USD,192238000,9884000,None,3591000,91975000,100263000,0,11927000,1971000,-470991000,49049000,545000,2500000,140822000,26557000,4444000,4444000,-1312000,33839000,145470000,None,100263000,0,1057000,16369000,0,10186000,0,0,1971000,0,-470991000,0,None,12929000,None,46768000,None,None,65418000,65418000,None,None,None,570595000,192238000,140822000,None,31771816,USD,None,-1975000,-648000,400000,14775000,1562000,None,-2656000,-18789000,-20526000,-21440000,-4530000,1550000,0,1562000,0,-1142000,2304000,648000,None,None,-20526000,23.5,37.8
10,2017-12-31,USD,2584000,132463000,23644000,-54263000,11818000,-79260000,18209000,0,-79459000,0,19051000,None,-67966000,-87000,892000,None,None,None,0,0,0,79000,-2218000,0,-11190000,-11190000,None,USD,209644000,10100000,None,1826000,120285000,89359000,0,15272000,1947000,-475318000,81314000,530000,12580000,159371000,19230000,1050000,1050000,-3800000,34281000,162783000,None,79259000,0,1586000,19741000,0,2908000,0,0,0,0,0,0,None,None,None,None,None,None,None,None,None,None,None,None,None,None,None,27000000,USD,None,-22748000,-5583000,2200000,14775000,90074000,-582000,-1640000,-79260000,27527000,-64270000,None,7543000,0,4044000,0,9715000,22120000,4461000,None,None,None,19.59,23.5
11,2017-09-30,USD,2260000,-63565000,20839000,0,-151623000,0,20103000,0,0,0,174000,None,10433000,-2608000,577000,None,None,None,0,0,0,-278000,0,0,-127889000,-127889000,None,USD,138986000,9549000,None,1436000,119379000,19607000,0,16155000,1612000,0,79652000,522000,12018000,88934000,25374000,6232000,6232000,-5809000,34653000,0,None,10058000,0,1945000,14353000,0,2987000,0,0,0,0,0,0,None,None,None,None,None,None,None,None,None,None,None,None,None,None,None,26000000,USD,None,-16411000,-4935000,1600000,None,1036000,-582000,-635000,0,-15153000,-46223000,None,0,0,1036000,0,0,5747000,3244000,None,None,None,9.6,19.59
12,2017-06-30,USD,4942000,22276000,19146000,4942000,-20767000,-21269000,16866000,0,-21269000,0,5144000,-1059000,-19708000,2640000,502000,None,None,None,0,0,0,0,0,0,-21269000,-21269000,None,USD,157965000,9251000,None,1521000,130679000,27286000,0,5913000,1612000,-437599000,91396000,505000,11130000,104087000,23130000,4319000,20472000,-5831000,35410000,111425000,None,27286000,0,5817000,16153000,0,12898000,0,0,1612000,0,-437599000,0,None,11130000,None,46540000,None,None,107549000,107549000,None,None,None,469104000,157965000,104087000,None,25620073,USD,None,-810000,-1439000,-578000,None,498000,-582000,1888000,0,-20074000,-19133000,-23706000,2463000,0,498000,0,0,2920000,861000,None,3890000,-16184000,6.19,9.6
13,2017-03-31,USD,3321000,23352000,21317000,3321000,-19768000,-20272000,16994000,0,-20272000,0,6042000,-53000,-19715000,-316000,504000,None,None,None,0,0,0,0,0,0,-20272000,-20272000,None,USD,169635000,8828000,None,1708000,123908000,45727000,0,6922000,1604000,-416330000,85515000,471000,10665000,120271000,20473000,2443000,2443000,-6235000,35241000,123729000,None,45727000,0,1750000,17920000,0,11108000,0,0,1604000,0,-416330000,0,None,10665000,None,45906000,None,None,103435000,103435000,None,None,None,466688000,169635000,120271000,None,25475894,USD,None,-4535000,-1969000,500000,None,441000,-582000,-2584000,0,-13198000,-11670000,-10708000,1794000,0,441000,0,0,1779000,1969000,None,973000,-12225000,5.78,6.19
14,2016-12-31,USD,9018000,164243000,20609000,-95969000,-72826000,-78272000,18855000,0,-16399000,0,-11713000,None,-72382000,-1465000,480000,None,None,None,0,0,0,1145000,-1659000,0,-17544000,-17544000,None,USD,190265000,8789000,None,2270000,126634000,63631000,0,6826000,1593000,-396058000,84282000,465000,10617000,132496000,22721000,605000,605000,-6557000,35702000,143946000,None,63631000,0,9180000,19631000,0,15290000,0,0,1593000,0,-396058000,0,None,10617000,None,46319000,None,None,103913000,103913000,None,None,None,464653000,190265000,132496000,None,25257420,USD,None,-5354000,-17172000,0,-148000,2445000,-582000,499000,-73374000,-88545000,-72189000,None,5800000,0,2593000,480000,-5917000,5388000,15288000,None,None,None,5.6,5.78
15,2016-09-30,USD,7428000,-91119000,22938000,66417000,-17560000,-13322000,17842000,0,-93050000,0,61020000,None,-18300000,0,527000,None,None,None,0,0,0,177000,760000,0,-93050000,-93050000,None,USD,214354000,10354000,None,6902000,133011000,81343000,395661,9882000,1413000,-343943124,89501000,497000,12223000,157704000,23005000,20555275,20555275,None,33410000,168756252,None,None,None,10940257,20505000,79000,13123000,None,None,None,None,None,None,None,None,None,None,None,None,None,None,None,None,None,None,None,None,None,25000000,USD,None,None,-9378000,None,None,2077000,-1897000,-953000,-15272000,-26381000,-18046000,None,1500000,None,None,410000,-3378000,None,10678000,None,None,None,7.65,5.6
16,2016-06-30,USD,4208000,23000000,22800000,-18040000,19360000,18220000,18582000,0,37220000,0,-24408000,None,19656000,0,558000,None,None,None,0,0,0,0,-304000,0,37220000,37220000,None,USD,229267000,10368000,None,5731000,135157000,94110000,None,10197000,1387000,-292000000,90845000,488000,12216000,182741000,24062000,18000000,18000000,None,26522000,173000000,None,None,None,7000000,20250000,400000,13865000,None,None,None,None,None,None,None,None,None,None,None,None,None,None,None,None,None,None,None,None,None,25000000,USD,None,None,-1000000,None,None,2076000,-2000000,1000000,-19000000,-19000000,-20000000,None,1000000,None,None,79000,-2000000,None,3062000,None,None,None,7.37,7.65
17,2016-03-31,USD,4444000,0,23153000,0,0,0,17231000,0,0,0,0,None,0,0,607000,None,None,None,0,0,0,0,0,0,0,0,None,USD,253865000,8510000,None,4107000,138522000,115343000,None,9870000,1413000,None,94811000,503000,10389000,210308000,30202000,None,None,None,26884000,None,None,None,None,None,13509000,464000,13514000,None,None,None,None,None,None,None,None,None,None,None,None,None,None,None,None,None,None,None,None,None,25000000,USD,None,None,None,None,None,806000,None,None,None,None,None,None,None,None,None,32000,469000,None,1462000,None,None,None,11.88,7.37
18,2015-12-31,USD,3681000,79090000,18442000,-45908000,-68512000,-82083000,14353000,0,-83262000,0,23383000,None,-68512000,-779000,-2572000,None,None,None,0,0,0,-1179000,-14750000,0,-82083000,-82083000,None,USD,262899000,8308000,None,688000,133151000,129748000,89692000,16743000,1320000,-322684000,92091000,480000,9549000,221015000,26472000,5579000,5579000,-6828000,25866000,228113000,None,120631000,None,4129000,14588000,472000,4164000,None,None,None,None,None,None,None,None,None,None,None,None,None,None,None,None,None,None,None,None,None,22000000,USD,None,62395000,-8022000,-415000,-186000,149379000,-582000,4929000,-82083000,156939000,18649000,None,4800000,None,160877000,-260000,-1680000,19143000,6158000,None,None,None,16.54,11.88
19,2015-09-30,USD,3518000,0,17693000,0,0,0,13336000,0,0,0,0,None,0,0,0,None,None,None,0,0,0,0,0,0,0,0,None,USD,284243000,9716000,None,1405000,138629000,145614000,None,16045000,1352000,None,95497000,1498000,10953000,239418000,26766000,None,None,None,25256000,None,None,None,None,None,14860000,459000,5546000,None,None,None,None,None,None,None,None,None,None,None,None,None,None,None,None,None,None,None,None,None,21000000,USD,None,None,None,None,None,153111000,None,None,None,None,31811000,None,None,None,None,None,None,None,3671000,None,None,None,20.45,16.54
