,fiscalDateEnding,reportedCurrency_x,totalRevenue,totalOperatingExpense,costOfRevenue,grossProfit,ebit,netIncome_x,researchAndDevelopment,effectOfAccountingCharges,incomeBeforeTax,minorityInterest,sellingGeneralAdministrative,otherNonOperatingIncome,operatingIncome,otherOperatingExpense,interestExpense,taxProvision,interestIncome,netInterestIncome,extraordinaryItems,nonRecurring,otherItems,incomeTaxExpense,totalOtherIncomeExpense,discontinuedOperations,netIncomeFromContinuingOperations,netIncomeApplicableToCommonShares,preferredStockAndOtherAdjustments,reportedCurrency_y,totalAssets,intangibleAssets,earningAssets,otherCurrentAssets,totalLiabilities,totalShareholderEquity,deferredLongTermLiabilities,otherCurrentLiabilities,commonStock,retainedEarnings,otherLiabilities,goodwill,otherAssets,cash,totalCurrentLiabilities,shortTermDebt,currentLongTermDebt,otherShareholderEquity,propertyPlantEquipment,totalCurrentAssets,longTermInvestments,netTangibleAssets,shortTermInvestments,netReceivables,longTermDebt,inventory,accountsPayable,totalPermanentEquity,additionalPaidInCapital,commonStockTotalEquity,preferredStockTotalEquity,retainedEarningsTotalEquity,treasuryStock,accumulatedAmortization,otherNonCurrrentAssets,deferredLongTermAssetCharges,totalNonCurrentAssets,capitalLeaseObligations,totalLongTermDebt,otherNonCurrentLiabilities,totalNonCurrentLiabilities,negativeGoodwill,warrants,preferredStockRedeemable,capitalSurplus,liabilitiesAndShareholderEquity,cashAndShortTermInvestments,accumulatedDepreciation,commonStockSharesOutstanding,reportedCurrency,investments,changeInLiabilities,cashflowFromInvestment,otherCashflowFromInvestment,netBorrowings,cashflowFromFinancing,otherCashflowFromFinancing,changeInOperatingActivities,netIncome_y,changeInCash,operatingCashflow,otherOperatingCashflow,depreciation,dividendPayout,stockSaleAndPurchase,changeInInventory,changeInAccountReceivables,changeInNetIncome,capitalExpenditures,changeInReceivables,changeInExchangeRate,changeInCashAndCashEquivalents,clossingVal,nextClossingVal
0,2020-06-30,USD,27237000,None,None,None,None,6513000,None,None,9414000,72000,10024000,None,None,1665000,9069000,2901000,33916000,24847000,None,None,None,2901000,None,None,6513000,6503000,None,USD,3136181000,5876000,316827000,None,2722156000,413953000,None,None,286350000,121478000,1686000,69209000,2606536000,95444000,None,None,None,1126000,23965000,None,193371000,338868000,185756000,37772000,268394000,None,15556000,None,None,None,None,None,None,None,None,None,None,None,118394000,None,None,None,None,None,None,None,None,None,None,USD,-200457000,0,-200457000,595000,None,-567000,617000,-191000,6513000,-209123000,-8099000,None,1803000,-1184000,0,None,None,-16224000,0,None,None,None,13.65,
1,2020-03-31,USD,28166000,None,None,None,None,6748000,None,None,10000000,72000,11718000,None,None,1477000,10435000,3252000,34026000,23591000,None,None,None,3252000,None,None,6748000,6738000,None,USD,3128653000,6234000,312289000,None,2720660000,407921000,None,None,286350000,116149000,1291000,69790000,2414396000,286267000,None,None,None,589000,24472000,None,134119000,331897000,126294000,33230000,268255000,None,15133000,None,None,None,None,None,None,None,None,None,None,None,118255000,None,None,None,None,None,4833000,None,None,None,20000000,USD,-40750000,0,-40750000,-621000,150000000,141754000,-1290000,-191000,6748000,179204000,78200000,None,1963000,-2414000,-5254000,None,None,69680000,135000,None,None,None,13.72,13.65
2,2019-12-31,USD,28876000,12910000,None,28287000,None,10675000,None,None,14824000,72000,9482000,None,15377000,1212000,10784000,4149000,33643000,22859000,-21000,None,None,4149000,-553000,None,10675000,10675000,None,USD,2788535000,6100000,359548000,163650000,2380845000,407618000,None,None,290395000,112046000,826000,58563000,2214797000,115363000,2266297000,None,None,239000,16813000,316806000,134401000,342955000,126069000,34928000,113722000,293000,17359000,None,None,None,None,None,None,None,None,None,None,None,113722000,None,None,None,None,None,4938000,None,None,None,20000000,USD,-170923000,0,-170923000,-43000,-35000000,-39877000,-2997000,-195000,10675000,-1313000,209487000,None,1682000,-2003000,0,None,None,197325000,396000,None,None,None,21.17,13.72
3,2019-09-30,USD,26299000,13461000,None,25487000,None,8012000,None,None,11701000,72000,9914000,None,12026000,1234000,11157000,3689000,34431000,23274000,None,None,None,3689000,-325000,None,8012000,8012000,None,USD,2820302000,6444000,438093000,284020000,2421461000,398769000,None,None,288862000,103374000,618000,58383000,2145295000,137025000,2307247000,None,None,331000,16871000,470210000,81647000,333942000,72923000,33953000,148596000,1267000,20324000,None,None,None,None,None,None,None,None,None,None,None,113596000,None,None,None,None,None,6202000,None,None,None,20000000,USD,-42443000,0,-42443000,-493000,-5000000,8106000,16585000,-195000,8012000,-22567000,11770000,None,1775000,-2016000,-496000,None,None,2178000,123000,None,None,None,19.69,21.17
4,2019-06-30,USD,29752000,14134000,None,29456000,None,10142000,None,None,14557000,72000,10282000,None,15322000,806000,11626000,4415000,35564000,23938000,None,None,None,4415000,-765000,None,10142000,10142000,None,USD,2801956000,6828000,400117000,273037000,2408136000,393748000,None,1610000,289577000,98126000,621000,58383000,4318000,186839000,2294047000,40000000,40000000,-10000,17214000,484952000,80362000,328537000,71629000,32913000,153468000,2075000,17103000,None,None,None,None,None,None,None,None,None,None,None,113468000,None,None,None,None,None,6055000,None,None,None,20000000,USD,-1898000,0,-5987000,-5156000,-235000000,-185965000,-188219000,-194000,10142000,-44436000,143427000,None,2443000,-2007000,967000,None,None,131036000,347000,None,None,None,19.34,19.69
5,2019-03-31,USD,30108000,14487000,None,29564000,None,10380000,None,None,14239000,72000,11123000,None,15077000,985000,11294000,3859000,37008000,25714000,None,None,None,3859000,-838000,None,10380000,10380000,None,USD,2978118000,7212000,487280000,397670000,2593315000,384731000,None,3009000,289514000,89991000,639000,58383000,2140335000,251275000,2479335000,None,None,-664000,17342000,651001000,67986000,319136000,58537000,31912000,388341000,2056000,16986000,None,None,None,None,None,None,None,None,None,None,None,113341000,None,None,None,None,None,5890000,None,None,None,20000000,USD,-4089000,0,-4089000,744000,-44500000,-5301000,40302000,-191000,10380000,102394000,111784000,None,870000,-2007000,904000,None,None,100725000,484000,None,None,None,18.8,19.34
6,2018-12-31,USD,29182000,13746000,11489000,29182000,0,9491000,0,0,13679000,72000,12788000,None,15436000,958000,9601000,None,None,None,479000,0,0,4188000,-1757000,0,9491000,9491000,None,USD,2974002000,24971000,None,481839000,2599381000,374549000,None,None,288610000,81618000,688000,58383000,2162658000,123185000,2485479000,None,None,-1338000,17307000,607381000,103302000,308565000,600000,656000,113214000,1101000,2144041000,None,None,None,None,None,None,None,None,None,None,None,113214000,None,None,None,None,None,5659000,None,None,None,18000000,USD,60764000,0,-71342000,-3069000,39018000,-11843000,-50902000,-199000,9491000,-23868000,59317000,None,759000,-1519000,9629000,None,None,49266000,383000,None,None,None,17.57,18.8
7,2018-09-30,USD,19026000,7971000,7551000,19026000,0,8331000,0,0,10372000,72000,7337000,None,11055000,634000,5856000,None,None,None,0,0,0,2041000,-683000,0,8331000,8331000,None,USD,2136839000,7451000,None,396665000,1841841000,294998000,0,None,216675000,73646000,550000,29940000,1405740000,171553000,1788162000,None,None,-1516000,8119000,570956000,114633000,263855000,600000,1845000,53129000,293000,1564964000,0,0,0,0,0,0,None,None,None,None,None,None,None,None,None,None,None,None,None,None,None,17000000,USD,-26108000,0,-131839000,2000,170000000,311048000,140558000,-200000,8331000,98765000,-80444000,None,505000,-1489000,0,0,0,-89080000,1002000,None,None,None,24.5,17.57
8,2018-06-30,USD,19920000,7718000,5157000,19920000,0,9437000,0,0,11729000,72000,6907000,None,12202000,811000,4457000,None,None,None,0,-258000,0,2292000,-473000,0,9437000,9437000,None,USD,1816872000,7414000,None,297493000,1530670000,286202000,0,None,214025000,66804000,483000,29940000,1309694000,72788000,1477116000,93071000,93071000,-1307000,7502000,373344000,88978000,254982000,600000,2170000,53071000,293000,1424406000,0,0,0,0,0,0,None,None,None,None,None,None,None,None,None,None,None,None,None,None,None,17000000,USD,19155000,0,-55712000,-3461000,40000000,91983000,50903000,-200000,9437000,-5747000,-42018000,None,122000,-1470000,0,0,0,-51376000,826000,None,None,None,32.12,24.5
9,2018-03-31,USD,18716000,7991000,3916000,18716000,0,8847000,0,0,10427000,72000,5742000,None,12679000,1144000,3732000,None,None,None,0,258000,0,1580000,-298000,0,8847000,8847000,None,USD,1715104000,37276000,None,196228000,1439282000,275822000,0,1563000,210595000,57798000,12767000,29940000,197627000,78535000,1385696000,53011000,53011000,-1040000,6687000,275928000,107802000,244525000,600000,272000,53011000,183684000,1373504000,0,0,0,0,0,0,None,None,None,None,None,None,None,None,None,None,None,None,None,None,None,17000000,USD,-18794000,0,-63497000,-4549000,-25000000,13487000,36222000,-198000,8847000,-71513000,-21503000,None,295000,-1275000,0,0,0,-30447000,277000,None,None,None,26.37,32.12
10,2017-12-31,USD,74420000,32806000,6023000,74420000,-10290000,4888000,0,0,12368000,72000,4981000,None,13970000,3464000,10320000,None,None,None,0,992000,0,7480000,-1219000,0,30496000,4888000,None,USD,1691059000,37335000,None,154023000,1425883000,265176000,0,1337281000,205927000,50823000,10650000,29940000,172387000,130348000,1372649000,77952000,77952000,-443000,6583000,285536000,87436000,233798000,600000,272000,52952000,126140000,1337281000,0,0,0,0,0,0,None,None,None,None,None,None,None,None,None,None,None,None,None,None,None,15000000,USD,-34285000,0,-264446000,-10837000,25000000,266998000,184610000,-824000,4888000,31335000,28783000,None,1273000,-5118000,60210000,10868000,0,2806000,684000,None,None,None,27.37,26.37
11,2017-09-30,USD,19191000,-13056000,4318000,0,30870000,6611000,0,0,10624000,0,4883000,None,12634000,-716000,-2192000,None,None,None,0,-1731000,0,4013000,0,0,-2518000,6611000,None,USD,1642714000,36835000,None,132356000,1382383000,260331000,0,1318292000,204206000,47439000,11197000,29940000,159163000,0,0,52894000,52894000,-137000,6300000,0,None,228866000,0,12575000,52894000,125997000,1318292000,0,0,0,0,0,0,None,None,None,None,None,None,None,None,None,None,None,None,None,None,None,16000000,USD,-15626000,0,-156534000,0,25000000,223003000,165619000,-219000,6611000,3186000,-19130000,None,0,-3848000,60217000,0,0,-15446000,229000,None,None,None,22.89,27.37
12,2017-06-30,USD,38382000,6654000,-5568000,0,-30870000,8536000,0,0,14437000,0,4970000,None,16101000,332000,4888000,None,None,None,0,1457000,0,5901000,0,0,-7943000,8536000,None,USD,1533599000,36213000,None,89964000,1341262000,192337000,0,1278448000,142651000,40874000,9979000,29940000,144718000,0,0,52835000,52835000,-90000,6441000,0,None,160785000,0,12723000,52835000,84096000,1278448000,0,0,0,0,0,0,None,None,None,None,None,None,None,None,None,None,None,None,None,None,None,14000000,USD,15000,0,-67386000,0,-10000000,121922000,125771000,-216000,8536000,-4681000,-10383000,None,0,-3849000,0,0,0,-6586000,200000,None,None,None,nan,22.89
13,2017-03-31,USD,19191000,0,3245000,0,10290000,5493000,0,0,9368000,0,4927000,None,10681000,94000,922000,None,None,None,0,-387000,0,3875000,0,0,5493000,5493000,None,USD,1505748000,35862000,None,None,1322252000,183496000,None,1248257000,142651000,32230000,11219000,29940000,138798000,219778000,None,10000000,10000000,-199000,6538000,None,1241516000,151857000,None,7595000,52776000,67388000,1248257000,None,None,None,None,None,None,None,None,None,None,None,None,None,None,None,None,None,None,None,None,None,14000000,USD,-30315000,None,-40444000,-10000000,10000000,101721000,95569000,2950000,5493000,48834000,-12443000,None,-682000,-3848000,61232000,None,None,-20886000,124000,None,None,None,nan,nan
14,2016-12-31,USD,60474000,26623000,9092000,60474000,0,5386000,0,0,9266000,72000,3947000,None,10587000,5018000,11707000,None,None,None,0,1565000,0,3880000,-1283000,0,19079000,5386000,None,USD,1395551000,35437000,None,61849000,1213966000,181585000,None,793000,142651000,30517000,8486000,29940000,128446000,108902000,1160645000,52717000,52717000,-267000,6585000,171929000,52261000,149852000,345000,7693000,52717000,45178000,1152763000,None,None,None,None,None,None,None,None,None,None,None,None,None,None,None,None,None,None,None,None,None,None,USD,5438000,0,8202000,-3265000,49274000,-58599000,-105914000,-560000,5386000,4822000,55219000,None,1360000,-2554000,595000,37298000,None,36340000,210000,None,None,None,nan,nan
15,2016-09-30,USD,0,0,-4527000,0,0,5697000,0,0,9767000,0,4247000,None,12180000,0,0,None,None,None,0,0,0,4070000,0,0,0,5697000,None,USD,None,None,None,None,None,None,None,None,None,None,None,None,None,None,None,None,None,None,None,None,None,None,None,None,None,None,None,None,None,None,None,None,None,None,None,None,None,None,None,None,None,None,None,None,None,None,None,None,14000000,USD,None,None,None,None,None,None,None,None,5697000,None,None,None,None,None,None,None,None,None,0,None,None,None,nan,nan
16,2016-06-30,USD,0,0,4527000,0,0,5156000,0,0,8829000,0,4421000,None,11701000,0,0,None,None,None,0,0,0,3673000,0,0,0,5156000,None,USD,None,None,None,None,None,None,None,None,None,None,None,None,None,None,None,None,None,None,None,None,None,None,None,None,None,None,None,None,None,None,None,None,None,None,None,None,None,None,None,None,None,None,None,None,None,None,None,None,14000000,USD,None,None,None,None,None,None,None,None,5156000,None,None,None,None,None,None,None,None,None,0,None,None,None,nan,nan
17,2016-03-31,USD,0,0,3062000,0,0,2840000,0,0,4706000,0,4267000,None,7764000,0,0,None,None,None,0,0,0,1866000,0,0,0,2840000,None,USD,None,None,None,None,None,None,None,None,None,None,None,None,None,None,None,None,None,None,None,None,None,None,None,None,None,None,None,None,None,None,None,None,None,None,None,None,None,None,None,None,None,None,None,None,None,None,None,None,None,USD,None,None,None,None,None,None,None,None,2840000,None,None,None,None,None,None,None,None,None,0,None,None,None,nan,nan
18,2015-12-31,USD,42053000,19224000,8322000,42053000,0,12973000,0,0,21969000,72000,13481000,None,27552000,2429000,6936000,None,None,None,0,954000,0,8996000,-860000,0,12973000,12973000,None,USD,1023084000,6572000,None,50137000,859439000,163645000,None,1174000,141873000,14066000,6022000,4001000,70743000,109331000,859119000,None,None,-193000,6860000,167223000,31243000,159178000,7462000,4081000,None,41789000,853417000,None,None,None,None,None,None,None,None,None,None,None,None,None,None,None,None,None,None,None,None,None,None,USD,-3104000,0,-105380000,2086000,49274000,83481000,86104000,-579000,12973000,7196000,29095000,None,1020000,-3114000,491000,19335000,None,15681000,468000,None,None,None,nan,nan
19,2015-09-30,USD,0,0,0,0,0,0,0,0,0,0,0,None,0,0,0,None,None,None,0,0,0,0,0,0,0,0,None,USD,None,None,None,None,None,None,None,None,None,None,None,None,None,None,None,None,None,None,None,None,None,None,None,None,None,None,None,None,None,None,None,None,None,None,None,None,None,None,None,None,None,None,None,None,None,None,None,None,None,USD,None,None,None,None,None,None,None,None,None,None,None,None,None,None,None,None,None,None,0,None,None,None,nan,nan
