,fiscalDateEnding,reportedCurrency_x,totalRevenue,totalOperatingExpense,costOfRevenue,grossProfit,ebit,netIncome_x,researchAndDevelopment,effectOfAccountingCharges,incomeBeforeTax,minorityInterest,sellingGeneralAdministrative,otherNonOperatingIncome,operatingIncome,otherOperatingExpense,interestExpense,taxProvision,interestIncome,netInterestIncome,extraordinaryItems,nonRecurring,otherItems,incomeTaxExpense,totalOtherIncomeExpense,discontinuedOperations,netIncomeFromContinuingOperations,netIncomeApplicableToCommonShares,preferredStockAndOtherAdjustments,reportedCurrency_y,totalAssets,intangibleAssets,earningAssets,otherCurrentAssets,totalLiabilities,totalShareholderEquity,deferredLongTermLiabilities,otherCurrentLiabilities,commonStock,retainedEarnings,otherLiabilities,goodwill,otherAssets,cash,totalCurrentLiabilities,shortTermDebt,currentLongTermDebt,otherShareholderEquity,propertyPlantEquipment,totalCurrentAssets,longTermInvestments,netTangibleAssets,shortTermInvestments,netReceivables,longTermDebt,inventory,accountsPayable,totalPermanentEquity,additionalPaidInCapital,commonStockTotalEquity,preferredStockTotalEquity,retainedEarningsTotalEquity,treasuryStock,accumulatedAmortization,otherNonCurrrentAssets,deferredLongTermAssetCharges,totalNonCurrentAssets,capitalLeaseObligations,totalLongTermDebt,otherNonCurrentLiabilities,totalNonCurrentLiabilities,negativeGoodwill,warrants,preferredStockRedeemable,capitalSurplus,liabilitiesAndShareholderEquity,cashAndShortTermInvestments,accumulatedDepreciation,commonStockSharesOutstanding,reportedCurrency,investments,changeInLiabilities,cashflowFromInvestment,otherCashflowFromInvestment,netBorrowings,cashflowFromFinancing,otherCashflowFromFinancing,changeInOperatingActivities,netIncome_y,changeInCash,operatingCashflow,otherOperatingCashflow,depreciation,dividendPayout,stockSaleAndPurchase,changeInInventory,changeInAccountReceivables,changeInNetIncome,capitalExpenditures,changeInReceivables,changeInExchangeRate,changeInCashAndCashEquivalents,clossingVal,nextClossingVal
0,2020-06-30,USD,210493000,202683000,98176000,112317000,18738000,-8251000,51796000,None,-6215000,None,52711000,None,7810000,None,5498000,2036000,98000,-5400000,None,None,None,2036000,-8625000,None,-8251000,-8251000,None,USD,1428062000,449263000,None,52121000,883285000,544777000,None,None,14000,-1308488000,98620000,416892000,41152000,80992000,342637000,None,14850000,-10123000,111942000,408813000,None,-321378000,None,204601000,377302000,58047000,73066000,None,None,None,None,None,None,None,34736000,None,1019249000,71422000,None,68660000,540648000,None,None,None,None,None,None,None,None,USD,-8874000,-18283000,-8874000,None,-3980000,-3978000,None,1561000,-8251000,-16024000,-3220000,None,19455000,None,None,-3695000,-734000,6027000,8874000,None,None,None,3.93,
1,2020-03-31,USD,157982000,172263000,76412000,81570000,-11471000,-33170000,42295000,None,-32979000,None,53556000,None,-14281000,None,3700000,191000,300000,-3400000,None,None,None,191000,-15303000,None,-33170000,-33170000,None,USD,1472489000,452930000,None,45904000,918785000,553704000,None,None,14000,-1300237000,99718000,414389000,63140000,96830000,370742000,None,13500000,-6223000,113198000,428832000,None,-313615000,None,205793000,381743000,67067000,89323000,None,None,None,None,None,None,None,56915000,None,1043657000,74058000,383179000,67089000,548043000,None,None,None,1860150000,None,96830000,None,121000000,USD,-309369000,-22678000,-309369000,-303352000,346412000,335052000,-10573000,21832000,-33170000,65425000,39932000,None,17808000,None,5000,4468000,46156000,3662000,6017000,None,None,None,3.03,3.93
2,2019-12-31,USD,161109000,139588000,60164000,100945000,-132362000,-150363000,35604000,None,-149031000,None,43820000,None,21521000,None,1148000,1332000,-525000,-548000,None,None,None,1332000,-170027000,None,-150363000,-150363000,None,USD,814908000,213366000,None,27146000,331653000,483255000,None,115604000,11000,-1267067000,39575000,224896000,31721000,44643000,206737000,8000000,10500000,2527000,65630000,279295000,None,44993000,0,192706000,45995000,14800000,31412000,None,None,None,None,None,None,None,26762000,None,535613000,44921000,48139000,16589000,124916000,None,None,None,1747784000,None,44643000,None,110000000,USD,-2230000,22756000,-2230000,7295000,-26840000,-26592000,-10573000,5750000,-150363000,4246000,33054000,None,15521000,None,0,-611000,-29534000,169535000,2230000,None,None,None,3.1,3.03
3,2019-09-30,USD,137653000,130898000,58776000,78877000,17372000,1650000,34222000,None,1453000,None,37900000,None,6755000,None,726000,-197000,-726000,-726000,None,None,None,-197000,-4576000,None,1650000,1650000,None,USD,957081000,225762000,None,29880000,326066000,631015000,None,85123000,11000,-1116704000,35511000,389196000,30624000,40397000,205254000,34000000,36500000,4619000,64155000,247344000,None,16057000,0,162964000,46605000,14103000,25113000,None,None,None,None,None,None,None,25161000,None,709737000,45168000,47701000,13055000,120812000,None,None,None,1743089000,None,40397000,None,111000000,USD,-2441000,-17446000,-2441000,7295000,-1823000,-1789000,-7000,-3797000,1650000,-10789000,-6488000,None,15193000,None,0,2228000,-7523000,3207000,2441000,None,None,None,5.84,3.1
4,2019-06-30,USD,145421000,141408000,64748000,80673000,71382000,49470000,35301000,None,54503000,None,41359000,None,4013000,None,1262000,5033000,-1262000,-1262000,None,None,None,5033000,51752000,None,49470000,49470000,None,USD,976944000,238022000,None,27484000,350375000,626569000,None,98644000,11000,-1118354000,31610000,389196000,30806000,51186000,230436000,35000000,37500000,4349000,68326000,250594000,None,-649000,0,155415000,47215000,16509000,33499000,None,None,None,None,None,None,None,25021000,None,726350000,48047000,48082000,12331000,119939000,None,None,None,1740563000,None,51186000,None,111000000,USD,-387000,-18780000,-387000,7295000,2784000,-1973000,-805000,-24211000,49470000,7248000,9540000,None,15617000,None,-3840000,2467000,-20733000,5710000,2387000,None,None,None,4.89,5.84
5,2019-03-31,USD,118928000,147025000,62339000,56589000,-13611000,-30832000,35933000,None,-29818000,None,46476000,None,-28128000,None,1364000,1014000,-1364000,-1364000,None,None,None,1014000,-357000,None,-30832000,-30832000,None,USD,946049000,250669000,None,20444000,366986000,579063000,None,110983000,11000,-1167824000,32072000,389196000,16337000,43938000,269940000,57000000,57000000,3740000,69796000,220051000,None,-60802000,1998000,134801000,24716000,18870000,37989000,None,None,None,None,None,None,None,7368000,None,725998000,46365000,25823000,12525000,97046000,None,None,None,1743136000,None,45936000,None,108000000,USD,1529000,-4923000,1529000,5295000,2000000,-20923000,-22923000,-13769000,-30832000,244000,19579000,None,2921000,None,None,3692000,53854000,-3286000,3766000,None,None,None,5.15,4.89
6,2018-12-31,USD,166896000,159177000,71182000,95714000,7719000,-1826000,36406000,0,-1013000,0,51589000,None,7719000,0,-1576000,None,None,None,0,0,0,813000,-8732000,0,-1826000,-1826000,None,USD,957159000,251391000,None,17002000,366861000,590298000,None,120087000,11000,-1136992000,51744000,383655000,16636000,43694000,289654000,None,None,3703000,27042000,278435000,None,-44748000,7284000,187853000,24100000,22602000,45304000,None,None,None,None,None,None,None,None,None,None,None,24100000,None,None,None,None,None,1723576000,None,50978000,None,104000000,USD,5295000,25598000,-1957000,-27470000,-3216000,-4380000,-21955000,8851000,-1826000,7710000,13946000,None,5411000,None,73000,-1790000,-37567000,5748000,1957000,None,None,None,4.82,5.15
7,2018-09-30,USD,152468000,149067000,70234000,82234000,3401000,-10158000,34403000,0,-10240000,0,44430000,None,3401000,0,-1520000,None,None,None,0,0,0,-82000,-13641000,0,-10158000,-10158000,None,USD,924053000,263393000,None,19830000,333691000,590362000,0,97489000,11000,-1134957000,51877000,382493000,16708000,35984000,258314000,None,None,3192000,25960000,235499000,None,-55524000,7284000,150677000,23500000,21724000,43215000,0,0,0,0,0,0,None,None,None,None,None,None,None,None,None,None,None,None,None,None,None,105000000,USD,14641000,-4484000,-34206000,0,37857000,37776000,-21955000,-1759000,-10158000,2573000,-850000,None,5807000,0,0,706000,-4202000,2647000,2458000,None,None,None,6.83,4.82
8,2018-06-30,USD,137361000,141620000,62250000,75111000,-4259000,-19922000,35604000,0,-19423000,0,43766000,None,-4259000,0,-835000,None,None,None,0,0,0,499000,-15164000,0,-19922000,-19922000,None,USD,827702000,220141000,None,22014000,260452000,567250000,0,87935000,10000,-1124799000,34420000,335716000,15230000,33411000,203110000,42922000,42922000,3073000,23835000,232780000,None,11393000,21924000,136395000,22922000,19036000,34172000,0,0,0,0,0,0,None,None,None,None,None,None,None,None,None,None,None,None,None,None,None,102000000,USD,4033000,-16387000,2368000,0,-175000,-1123000,-602000,-476000,-19922000,-25178000,-26083000,None,5505000,0,0,2489000,-11011000,4449000,1665000,None,None,None,7.12,6.83
9,2018-03-31,USD,121180000,150483000,65907000,55273000,-29303000,-44904000,39049000,0,-42734000,0,45527000,None,-29303000,0,-699000,None,None,None,0,0,0,2170000,-13431000,0,-44904000,-44904000,None,USD,861078000,232105000,None,22192000,276043000,585035000,14218000,103162000,10000,-1105366000,30513000,335716000,15599000,58589000,223030000,42500000,42500000,3160000,24002000,251431000,2225000,17214000,23724000,125504000,22500000,21422000,37119000,0,0,0,0,0,0,None,None,None,None,None,None,None,None,None,None,None,None,None,None,None,102000000,USD,245000,5779000,-1582000,0,-118000,-500000,-22000,-15002000,-44904000,1516000,3392000,None,5224000,0,0,-412000,39763000,3352000,1827000,None,None,None,5.1,7.12
10,2017-12-31,USD,146212000,414646000,52593000,209621000,-37344000,-38705000,40410000,0,-57872000,0,92968000,None,-32799000,0,672000,None,None,None,0,8191000,0,-19167000,-32743000,0,-52749000,-38705000,None,USD,910883000,580130000,None,21463000,295462000,615421000,14184000,176951000,10000,-1072426000,27373000,335716000,603884000,57073000,242802000,42500000,42500000,3069000,24780000,282219000,9031000,35291000,17224000,165156000,22500000,21303000,45851000,0,0,0,0,0,0,None,None,None,None,None,None,None,None,None,None,None,None,None,None,None,59000000,USD,67381000,37274000,21007000,576000,1901000,-4484000,-731000,-3994000,-35252000,25150000,8080000,None,12711000,0,0,5786000,-30759000,9427000,3999000,None,None,None,7.73,5.1
11,2017-09-30,USD,74629000,-122401000,16820000,28440000,-1738000,3453000,20798000,0,4180000,0,46616000,None,7240000,0,9000,None,None,None,0,-12119000,0,727000,9479000,0,8550000,3453000,None,USD,302444000,73243000,None,14314000,91862000,210582000,0,72660000,50000,0,8568000,49891000,105917000,51280000,79607000,707000,707000,5617000,9742000,0,None,137339000,53272000,51637000,0,16282000,6947000,0,0,0,0,0,0,None,None,None,None,None,None,None,None,None,None,None,None,None,None,None,50000000,USD,12897000,-2929000,10544000,576000,-10000,0,-731000,5577000,3453000,18674000,9047000,None,0,0,0,1806000,2360000,4132000,3265000,None,None,None,nan,7.73
12,2017-06-30,USD,55733000,63256000,15958000,-64842000,24046000,19593000,20064000,0,19695000,0,43233000,None,24823000,0,9000,None,None,None,0,3302000,0,471000,-5128000,0,19593000,19593000,None,USD,292353000,75536000,None,14307000,89360000,202993000,10992000,71100000,50000,-1060165000,8949000,49891000,120568000,32606000,76949000,1210000,1210000,5587000,10656000,161129000,38523000,127457000,54793000,42664000,None,16759000,5849000,None,None,None,None,None,None,None,None,None,None,None,None,None,None,None,None,None,None,None,None,None,50000000,USD,3275000,4350000,2256000,576000,-10000,-881000,-910000,1785000,-12345000,675000,2841000,None,2464000,None,39000,829000,11317000,3875000,2593000,None,None,None,nan,nan
13,2017-03-31,USD,53368000,0,16231000,33748000,-10523000,-10646000,20209000,0,-10523000,0,43211000,None,-10782000,0,10000,None,None,None,0,626000,0,123000,259000,0,-10646000,-10646000,None,USD,294354000,77829000,None,12988000,82339000,212015000,11397000,63388000,49000,-1047820000,9708000,49891000,121514000,31931000,69376000,1172000,1172000,5631000,10954000,161886000,37193000,134186000,59680000,39616000,None,17671000,5988000,None,None,None,None,None,None,None,None,None,None,None,None,None,None,None,None,None,None,None,None,None,49000000,USD,-2939000,-7567000,-3937000,576000,-10000,138000,-496000,-405000,-10646000,8000,3604000,None,4082000,None,644000,315000,14324000,3501000,998000,None,None,None,nan,nan
14,2016-12-31,USD,67572000,262308000,18621000,167611000,-9717000,-13932000,19836000,0,-11416000,0,46271000,None,-9717000,0,70000,None,None,None,0,3892000,0,614000,-1699000,0,-13932000,-13932000,None,USD,308059000,79590000,None,12010000,88937000,219122000,10235000,70544000,49000,-1037174000,8821000,49393000,118404000,31923000,77069000,1154000,1154000,5503000,11741000,177914000,32371000,139532000,61836000,53862000,None,18283000,6525000,None,None,None,None,None,None,None,None,None,None,None,None,None,None,None,None,None,None,None,None,None,49000000,USD,-3350000,1328000,-27347000,1298000,-43000,-9870000,-731000,-7272000,-13932000,-18188000,19192000,None,9432000,None,1513000,4858000,-851000,19591000,4626000,None,None,None,nan,nan
15,2016-09-30,USD,65011000,0,18026000,0,0,0,18230000,0,0,0,45012000,None,0,0,8000,None,None,None,0,0,0,427000,0,0,0,0,None,USD,309853000,90930000,None,13237000,89192000,220661000,None,61915000,49000,None,20140000,52136000,136164000,32566000,66246000,None,None,None,13077000,None,None,None,49829000,None,None,20811000,4331000,None,None,None,None,None,None,None,None,None,None,None,None,None,None,None,None,None,None,None,None,None,49000000,USD,None,None,None,800000,None,None,None,None,None,None,10048000,None,None,None,None,2756000,9287000,None,3637000,None,None,None,nan,nan
16,2016-06-30,USD,60857000,0,17185000,0,0,0,17457000,0,0,0,42013000,None,0,0,10000,None,None,None,0,0,0,435000,0,0,0,0,None,USD,296066000,62678000,None,13763000,76012000,220054000,None,59995000,49000,None,9056000,40310000,123605000,36261000,64325000,None,None,None,12407000,None,None,None,52505000,None,None,20674000,4330000,None,None,None,None,None,None,None,None,None,None,None,None,None,None,None,None,None,None,None,None,None,49000000,USD,None,None,None,None,None,None,None,None,None,None,9219000,None,None,None,None,844000,14955000,None,2636000,None,None,None,nan,nan
17,2016-03-31,USD,59151000,0,17140000,0,0,0,17318000,0,0,0,41965000,None,0,0,9000,None,None,None,0,0,0,1040000,0,0,0,0,None,USD,297878000,64451000,None,14599000,76270000,221608000,None,59408000,50000,None,9937000,40310000,115358000,42649000,63876000,None,None,None,12694000,None,None,None,55712000,None,None,22450000,4468000,None,None,None,None,None,None,None,None,None,None,None,None,None,None,None,None,None,None,None,None,None,49000000,USD,None,None,None,None,None,None,None,None,None,None,3314000,None,None,None,None,None,17267000,None,952000,None,None,None,nan,nan
18,2015-12-31,USD,76326000,277972000,19993000,161657000,-28938000,4703000,19266000,0,5116000,0,46984000,None,4902000,0,18000,None,None,None,0,2279000,0,413000,-950000,0,-31895000,4703000,None,USD,312891000,66397000,None,11853000,89865000,223026000,9656000,71500000,49000,-1023242000,10134000,40310000,104130000,50111000,77449000,821000,821000,5416000,13620000,195141000,33605000,156629000,58533000,51533000,None,23111000,5949000,None,None,None,None,None,None,None,None,None,None,None,None,None,None,None,None,None,None,None,None,None,50000000,USD,13208000,-120000,-4585000,896000,-76000,-6202000,-731000,781000,4703000,8954000,19869000,None,13684000,None,4135000,-1001000,11369000,21667000,7792000,None,None,None,nan,nan
19,2015-09-30,USD,67862000,0,18083000,0,0,0,19335000,0,0,0,46502000,None,0,0,15000,None,None,None,0,0,0,749000,0,0,0,0,None,USD,305192000,68529000,None,16411000,89724000,215468000,None,72202000,50000,None,10176000,40310000,88668000,44773000,77386000,None,None,None,14793000,None,None,None,65082000,None,None,24187000,5184000,None,None,None,None,None,None,None,None,None,None,None,None,None,None,None,None,None,None,None,None,None,50000000,USD,None,None,6437000,None,None,None,None,None,None,None,1697000,None,None,None,None,None,11623000,None,6417000,None,None,None,nan,nan
