,fiscalDateEnding,reportedCurrency_x,totalRevenue,totalOperatingExpense,costOfRevenue,grossProfit,ebit,netIncome_x,researchAndDevelopment,effectOfAccountingCharges,incomeBeforeTax,minorityInterest,sellingGeneralAdministrative,otherNonOperatingIncome,operatingIncome,otherOperatingExpense,interestExpense,taxProvision,interestIncome,netInterestIncome,extraordinaryItems,nonRecurring,otherItems,incomeTaxExpense,totalOtherIncomeExpense,discontinuedOperations,netIncomeFromContinuingOperations,netIncomeApplicableToCommonShares,preferredStockAndOtherAdjustments,reportedCurrency_y,totalAssets,intangibleAssets,earningAssets,otherCurrentAssets,totalLiabilities,totalShareholderEquity,deferredLongTermLiabilities,otherCurrentLiabilities,commonStock,retainedEarnings,otherLiabilities,goodwill,otherAssets,cash,totalCurrentLiabilities,shortTermDebt,currentLongTermDebt,otherShareholderEquity,propertyPlantEquipment,totalCurrentAssets,longTermInvestments,netTangibleAssets,shortTermInvestments,netReceivables,longTermDebt,inventory,accountsPayable,totalPermanentEquity,additionalPaidInCapital,commonStockTotalEquity,preferredStockTotalEquity,retainedEarningsTotalEquity,treasuryStock,accumulatedAmortization,otherNonCurrrentAssets,deferredLongTermAssetCharges,totalNonCurrentAssets,capitalLeaseObligations,totalLongTermDebt,otherNonCurrentLiabilities,totalNonCurrentLiabilities,negativeGoodwill,warrants,preferredStockRedeemable,capitalSurplus,liabilitiesAndShareholderEquity,cashAndShortTermInvestments,accumulatedDepreciation,commonStockSharesOutstanding,reportedCurrency,investments,changeInLiabilities,cashflowFromInvestment,otherCashflowFromInvestment,netBorrowings,cashflowFromFinancing,otherCashflowFromFinancing,changeInOperatingActivities,netIncome_y,changeInCash,operatingCashflow,otherOperatingCashflow,depreciation,dividendPayout,stockSaleAndPurchase,changeInInventory,changeInAccountReceivables,changeInNetIncome,capitalExpenditures,changeInReceivables,changeInExchangeRate,changeInCashAndCashEquivalents,clossingVal,nextClossingVal
0,2020-06-30,USD,1290000,1554000,939000,351000,-222000,1711000,None,None,1715000,None,615000,None,-264000,None,None,4000,32000,32000,None,None,None,4000,1947000,None,1711000,1711000,None,USD,31881000,None,None,None,989000,30892000,None,None,29000,-330838000,None,None,468000,10882000,989000,None,None,-1000,2566000,28847000,None,30892000,14743000,579000,None,1377000,355000,None,None,None,None,None,None,None,468000,None,3034000,None,None,None,0,None,None,None,None,None,None,None,None,USD,202000,-87000,202000,None,None,-663000,None,46000,1711000,-387000,74000,None,42000,None,-663000,158000,160000,-1939000,0,None,None,None,8.13,
1,2020-03-31,USD,1160000,671000,812000,348000,-2205000,-2209000,0,None,-2205000,None,671000,-1882000,-323000,None,None,4000,74000,74000,None,None,None,4000,-1956000,None,-2209000,-2209000,None,USD,31101000,None,None,4415000,1248000,29853000,None,None,29000,-332549000,None,None,468000,11273000,1248000,None,None,10000,2605000,28028000,None,29853000,10065000,739000,None,1536000,1248000,None,None,29000,None,-332549000,-13954000,None,468000,None,2605000,None,None,None,0,None,None,None,376317000,31101000,21338000,None,2555497,USD,3460000,-290000,3460000,3460000,None,-1205000,None,-2000,-2209000,2393000,138000,13000,42000,None,-1205000,315000,314000,1953000,0,314000,None,2393000,7.7155,8.13
2,2019-12-31,USD,1558000,695000,545000,709000,-9000,-15000,0,None,-9000,None,695000,-327000,318000,None,None,6000,92000,92000,None,None,None,6000,-115000,None,-15000,-15000,None,USD,34801000,None,None,4445000,1556000,33245000,None,16000,29000,-330340000,None,None,468000,8880000,1556000,None,None,-1000,2647000,31686000,None,33245000,15458000,1053000,None,1850000,1540000,None,None,29000,None,-330340000,-12749000,None,468000,None,2647000,None,None,None,0,None,None,None,376306000,34801000,24338000,None,2702171,USD,-201000,502000,291000,492000,None,-222000,-187000,-347000,-15000,-1005000,-1074000,-383000,42000,None,-35000,-377000,-708000,-135000,64000,-708000,None,-1005000,8.32,7.7155
3,2019-09-30,USD,705000,696000,585000,-2000,-346000,-352000,0,None,-346000,None,696000,230000,-576000,None,None,6000,107000,107000,None,None,None,6000,245000,None,-352000,-352000,None,USD,34545000,None,None,4256000,1249000,33296000,None,22000,29000,-330325000,None,None,None,9885000,1249000,None,None,-1000,2689000,31856000,None,33296000,15428000,346000,None,1941000,1227000,None,None,29000,None,-330325000,-12714000,None,2689000,None,2689000,None,None,None,0,None,None,None,376307000,34545000,25313000,None,2706463,USD,49000,-72000,155000,122000,None,-5000,-5000,89000,-352000,79000,-71000,57000,42000,None,0,138000,184000,-68000,16000,184000,None,79000,9.57,8.32
4,2019-06-30,USD,845000,997000,729000,40000,-830000,-836000,0,None,-830000,None,997000,51000,-881000,None,None,6000,93000,93000,None,None,None,6000,34000,None,-836000,-836000,None,USD,34939000,None,None,4330000,1561000,33378000,None,295000,29000,-329973000,None,None,None,9806000,1561000,None,None,1000,2717000,32222000,None,33378000,15478000,529000,None,2079000,1561000,None,None,29000,None,-329973000,-12714000,None,2717000,None,2717000,None,None,None,0,None,None,None,376035000,34939000,25284000,None,2677167,USD,754000,-29000,782000,76000,None,-471000,-2000,-17000,-836000,145000,-166000,31000,40000,None,-469000,160000,84000,384000,48000,84000,None,145000,8.3,9.57
5,2019-03-31,USD,995000,521000,585000,335000,60000,56000,0,None,60000,None,521000,171000,-111000,None,None,4000,171000,168000,None,None,None,4000,78000,None,56000,56000,None,USD,35794000,None,None,4361000,1177000,34617000,None,299000,29000,-329137000,None,None,None,9661000,1177000,None,None,-21000,2709000,33085000,None,34617000,16210000,613000,None,2240000,1177000,None,None,29000,None,-329137000,-12244000,None,2709000,None,2709000,None,None,None,0,None,None,None,375990000,35794000,25871000,None,2731548,USD,-1873000,-42000,-1798000,75000,None,-32000,None,-93000,56000,-1749000,81000,-107000,45000,None,-32000,73000,120000,-64000,48000,120000,None,-1749000,8.07,8.3
6,2018-12-31,USD,1689000,540000,1124000,-64000,148000,143000,14000,0,148000,0,526000,123000,25000,0,0,5000,None,None,0,0,0,5000,752000,0,143000,143000,None,USD,35794000,None,None,4254000,1194000,34600000,None,39000,29000,-329193000,None,None,None,11410000,1194000,None,None,-2000,2728000,33066000,None,34600000,14356000,733000,None,2313000,1155000,None,None,29000,None,-329193000,-12213000,None,None,None,2728000,None,None,None,None,None,None,None,375979000,35794000,25766000,None,2733601,USD,225000,226000,854000,629000,None,-70000,-5000,91000,143000,1090000,306000,11000,46000,None,-65000,434000,53000,-607000,48000,53000,None,1090000,7.9,8.07
7,2018-09-30,USD,2102000,594000,885000,93000,716000,710000,33000,0,716000,0,561000,93000,623000,0,0,None,None,None,0,0,0,6000,1217000,0,710000,710000,None,USD,35491000,0,None,4285000,988000,34503000,0,321000,29000,-329336000,None,0,0,10321000,988000,None,None,-4000,2773000,32718000,None,34503000,14579000,786000,0,2747000,988000,0,0,29000,0,-329336000,-12148000,None,None,None,2773000,None,None,None,None,None,None,None,375962000,35491000,24900000,None,2741699,USD,-1093000,-87000,3819000,7192000,None,-4000,-4000,505000,710000,4118000,303000,2304000,103000,0,0,228000,-279000,-2676000,2280000,-279000,None,4119000,8.98,7.9
8,2018-06-30,USD,1853000,840000,921000,-120000,156000,150000,42000,0,156000,0,798000,64000,92000,0,0,None,None,None,0,0,0,6000,1116000,0,150000,150000,None,USD,34816000,0,None,11212000,1080000,33736000,0,307000,29000,-330046000,None,0,0,6202000,1080000,None,None,-2000,412000,34404000,None,33736000,13489000,507000,0,2994000,1080000,0,0,29000,0,-330046000,-12148000,None,None,None,412000,None,None,None,None,None,None,None,375903000,34816000,19691000,None,2740909,USD,-4806000,-181000,-2799000,2007000,None,-4000,-4000,-574000,150000,-3956000,-1153000,-2068000,76000,0,0,77000,98000,695000,2280000,98000,None,-3956000,7.89,8.98
9,2018-03-31,USD,1601000,774000,932000,107000,-33000,-40000,33000,0,-33000,0,741000,72000,-105000,0,0,None,None,None,0,0,0,7000,634000,0,-40000,-40000,None,USD,34714000,0,None,11456000,1258000,33456000,0,294000,29000,-330196000,None,0,0,10158000,1258000,None,None,-3000,686000,34028000,None,33456000,8681000,605000,0,3128000,1258000,0,0,29000,0,-330196000,-12148000,None,None,None,686000,None,None,None,None,None,None,None,375774000,34714000,18839000,None,2739691,USD,-2231000,-458000,-1043000,1188000,None,-1000,-1000,-191000,-40000,-1566000,-522000,-106000,130000,0,0,237000,113000,-398000,2280000,113000,-1000,-1567000,6.95,7.89
10,2017-12-31,USD,1394000,5236000,2276000,-899000,-6057000,-6061000,76000,0,-6057000,0,784000,61000,-6118000,0,0,None,None,None,0,4376000,0,4000,-6008000,0,-6061000,-6061000,None,USD,35048000,0,None,11472000,1715000,33333000,0,839000,29000,-330156000,None,0,0,11725000,1715000,None,None,-3000,815000,34233000,None,33333000,6451000,718000,0,3867000,1715000,0,0,29000,0,-330156000,-12148000,None,None,None,815000,None,None,None,None,None,None,None,375611000,35048000,18176000,None,2732850,USD,-6454000,-464000,-6037000,417000,-18000,-23000,-23000,778000,-6060000,-6461000,-401000,189000,150000,0,0,1354000,1867000,4470000,2280000,-40000,None,-6470000,7.98,6.95
11,2017-09-30,USD,1391000,1003000,1537000,-192000,-1102000,-1109000,50000,0,-1102000,0,953000,47000,-1149000,0,0,None,None,None,0,4376000,0,7000,0,0,-1109000,-1109000,None,USD,41483000,0,None,16159000,2192000,39291000,0,976000,29000,-324095000,None,0,0,18194000,2192000,None,None,-10000,1307000,40176000,None,39291000,173000,679000,0,5144000,2192000,0,0,29000,0,-324095000,-12148000,None,None,None,1307000,None,None,None,None,None,None,None,375515000,41483000,18194000,None,2724316,USD,1000,110000,296000,295000,-4000,-4000,-4000,-1927000,-1109000,244000,-48000,-1803000,155000,0,0,2579000,1907000,117000,0,-97000,5000,249000,8.26,7.98
12,2017-06-30,USD,621000,2363000,3889000,-2836000,-5590000,-5607000,195000,0,-5590000,0,1493000,41000,-5631000,0,0,None,None,None,0,675000,0,17000,0,0,-5607000,-5607000,None,USD,42317000,0,None,16696000,2080000,40237000,0,1105000,29000,-322987000,None,0,0,17942000,2080000,None,None,-10000,1275000,41042000,None,40237000,170000,581000,0,5823000,2080000,0,0,29000,0,-322987000,-12148000,None,None,None,1275000,None,None,None,None,None,None,None,375353000,42317000,17942000,None,2719480,USD,1000,-523000,255000,255000,-7000,-170000,-170000,2467000,-5608000,-624000,-709000,2790000,298000,0,0,823000,2004000,1332000,0,179000,29000,-595000,9.26,8.26
13,2017-03-31,USD,520000,2696000,2850000,-1581000,-5014000,-5074000,641000,0,-5014000,0,2055000,12000,-5026000,0,0,None,None,None,0,675000,0,60000,0,0,-5074000,-5074000,None,USD,48351000,0,None,17982000,2617000,45734000,0,1451000,29000,-317378000,None,0,47000,18532000,2617000,None,None,-8000,2486000,45818000,None,45734000,165000,760000,0,8544000,2617000,0,0,29000,0,-317378000,-12148000,None,47000,None,2533000,None,None,None,None,None,None,None,375239000,48351000,18532000,None,2682882,USD,12000,35000,1606000,1594000,-2000,-10000,-10000,-152000,-5074000,720000,-876000,-198000,570000,0,0,819000,1825000,1147000,0,1825000,-25000,695000,0.83,9.26
14,2016-12-31,USD,6382000,18410000,9614000,-4892000,-22218000,-22536000,516000,0,-22218000,0,1821000,-576000,-21642000,0,1000,None,None,None,0,16073000,0,318000,-39490000,0,-22536000,-22536000,None,USD,53013000,0,None,15843000,2564000,50449000,0,602000,29000,-312305000,None,0,154000,17835000,2564000,None,None,-30000,7110000,45749000,None,50449000,163000,2585000,0,9486000,1962000,0,0,29000,0,-312305000,-12148000,None,154000,None,7264000,None,None,None,None,None,None,None,374903000,53013000,17835000,None,26828821,USD,8900000,-2425000,5045000,5154000,13000,6000,-7000,617000,-22536000,1245000,-3806000,-334000,1181000,0,0,12199000,-847000,8716000,109000,-607000,57000,1302000,0.6,0.83
15,2016-09-30,USD,7086000,13123000,18732000,-11646000,-24989000,-24801000,803000,0,-25017000,0,2104000,-220000,-24769000,0,28000,None,None,None,0,10216000,0,-216000,890000,0,-24801000,-24801000,None,USD,77720000,0,None,1685000,4990000,72730000,0,495000,29000,-289767000,None,0,624000,16546000,4990000,None,None,-26000,41119000,35977000,None,72730000,176000,1978000,0,15768000,4495000,0,0,29000,0,-289767000,-12148000,None,624000,None,41743000,None,None,None,None,None,None,None,374642000,77720000,16546000,None,26829532,USD,1006000,361000,1071000,190000,-1494000,-1494000,None,None,-24801000,-909000,-486000,474000,1628000,0,0,4780000,240000,16313000,65000,759000,212000,-697000,0.6301,0.6
16,2016-06-30,USD,3409000,3973000,7586000,-4051000,-8347000,-8209000,652000,0,-8383000,0,3056000,-197000,-8150000,0,36000,None,None,None,0,265000,0,-174000,-1577000,0,-8209000,-8209000,None,USD,103579000,0,None,1915000,6397000,97182000,218000,422000,29000,-264968000,None,0,868000,17249000,6179000,1500000,None,-24000,53027000,49684000,None,97182000,1007000,2737000,0,26776000,4257000,0,0,29000,0,-264968000,-12148000,None,868000,None,53895000,None,None,None,218000,None,None,None,374293000,103579000,18256000,None,26827510,USD,2109000,285000,2188000,190000,4000,4000,None,None,-8209000,-4414000,-6606000,517000,1649000,0,0,-622000,999000,574000,111000,-800000,191000,-4223000,0.68,0.6301
17,2016-03-31,USD,4287000,2737000,9706000,-5419000,-7449000,-7333000,579000,0,-7484000,0,2158000,707000,-8156000,0,35000,None,None,None,0,0,0,-151000,672000,0,-7333000,-7333000,None,USD,111337000,0,None,806000,6312000,105025000,395000,336000,29000,-256759000,None,0,1171000,21476000,5917000,1500000,None,-30000,56476000,53690000,None,105025000,3115000,1938000,0,26355000,4081000,0,0,29000,0,-256759000,-12148000,None,1171000,None,57647000,None,None,None,395000,None,None,None,373933000,111337000,24591000,None,26722958,USD,5785000,-902000,5236000,0,-16000,-17000,-1000,None,-7333000,832000,-4387000,647000,1642000,0,0,1547000,199000,211000,549000,-199000,-758000,74000,0.73,0.68
18,2015-12-31,USD,2456000,3296000,11444000,-8988000,-12123000,-12706000,616000,0,-12156000,0,2680000,186000,-12309000,0,33000,None,None,None,0,39597000,0,550000,-40962000,0,-12706000,-12706000,None,USD,119242000,0,None,1188000,7256000,111986000,554000,1328000,28000,-249426000,554000,0,1416000,21216000,6702000,1500000,1500000,-33000,57569000,60257000,None,111986000,9065000,1738000,0,27050000,3874000,0,0,28000,0,-249426000,-12148000,None,1416000,None,58985000,None,None,None,554000,None,None,None,373565000,119242000,30281000,None,3000000,USD,3777000,611000,3637000,0,1500000,1509000,5000,341000,-12706000,323000,-4811000,-29000,1624000,0,-16000,3270000,6585000,881000,140000,1538000,-535000,-212000,1.14,0.73
19,2015-09-30,USD,5346000,43479000,9237000,-3891000,-48830000,-48196000,558000,0,-48859000,0,3324000,-1460000,-47370000,0,29000,None,None,None,0,39597000,0,-663000,-1282000,0,-48196000,-48196000,None,USD,128953000,0,None,1063000,4565000,124388000,9000,1381000,28000,-236720000,None,0,1492000,21595000,4556000,None,None,-27000,59079000,68382000,None,124388000,12676000,3276000,0,29772000,3175000,0,0,28000,0,-236720000,-12148000,None,1492000,None,60571000,None,None,None,9000,None,None,None,373255000,128953000,34271000,None,26203535,USD,537000,402000,78000,0,4000,28000,8000,None,-48196000,-2711000,-2817000,-65000,3178000,0,24000,-2030000,5047000,39226000,459000,4668000,1395000,-1316000,1.03,1.14
