,fiscalDateEnding,reportedCurrency_x,totalRevenue,totalOperatingExpense,costOfRevenue,grossProfit,ebit,netIncome_x,researchAndDevelopment,effectOfAccountingCharges,incomeBeforeTax,minorityInterest,sellingGeneralAdministrative,otherNonOperatingIncome,operatingIncome,otherOperatingExpense,interestExpense,taxProvision,interestIncome,netInterestIncome,extraordinaryItems,nonRecurring,otherItems,incomeTaxExpense,totalOtherIncomeExpense,discontinuedOperations,netIncomeFromContinuingOperations,netIncomeApplicableToCommonShares,preferredStockAndOtherAdjustments,reportedCurrency_y,totalAssets,intangibleAssets,earningAssets,otherCurrentAssets,totalLiabilities,totalShareholderEquity,deferredLongTermLiabilities,otherCurrentLiabilities,commonStock,retainedEarnings,otherLiabilities,goodwill,otherAssets,cash,totalCurrentLiabilities,shortTermDebt,currentLongTermDebt,otherShareholderEquity,propertyPlantEquipment,totalCurrentAssets,longTermInvestments,netTangibleAssets,shortTermInvestments,netReceivables,longTermDebt,inventory,accountsPayable,totalPermanentEquity,additionalPaidInCapital,commonStockTotalEquity,preferredStockTotalEquity,retainedEarningsTotalEquity,treasuryStock,accumulatedAmortization,otherNonCurrrentAssets,deferredLongTermAssetCharges,totalNonCurrentAssets,capitalLeaseObligations,totalLongTermDebt,otherNonCurrentLiabilities,totalNonCurrentLiabilities,negativeGoodwill,warrants,preferredStockRedeemable,capitalSurplus,liabilitiesAndShareholderEquity,cashAndShortTermInvestments,accumulatedDepreciation,commonStockSharesOutstanding,reportedCurrency,investments,changeInLiabilities,cashflowFromInvestment,otherCashflowFromInvestment,netBorrowings,cashflowFromFinancing,otherCashflowFromFinancing,changeInOperatingActivities,netIncome_y,changeInCash,operatingCashflow,otherOperatingCashflow,depreciation,dividendPayout,stockSaleAndPurchase,changeInInventory,changeInAccountReceivables,changeInNetIncome,capitalExpenditures,changeInReceivables,changeInExchangeRate,changeInCashAndCashEquivalents,clossingVal,nextClossingVal
0,2020-06-30,USD,None,23559000,None,None,-23254000,-25040000,16731000,None,-25040000,None,6828000,305000,-23559000,None,1786000,None,None,None,None,None,None,None,None,None,-25040000,-25040000,None,USD,353065000,None,None,5633000,86542000,266523000,None,2440000,551000,-232847000,23000,30815000,1980000,163203000,20685000,None,None,229000,14314000,255436000,None,235708000,86600000,None,46228000,None,18245000,None,None,551000,None,-232847000,None,None,52500000,None,97629000,None,46228000,19629000,65857000,None,None,None,498590000,353065000,249803000,None,55170003,USD,-1046000,-1256000,-5435000,-2481000,-139000,151000,-538000,-1047000,-25040000,-27317000,-22033000,-921000,696000,None,828000,None,None,4488000,1908000,None,None,-27317000,20.93,
1,2020-03-31,USD,0,24120000,None,None,-23091000,-24664000,16957000,None,-24664000,None,7163000,1029000,-24120000,None,1573000,None,967000,-606000,None,None,None,None,62000,None,-24664000,-24664000,None,USD,372751000,None,None,3910000,86700000,286051000,None,2295000,551000,-207807000,23000,30815000,1980000,190520000,21114000,None,None,-504000,11140000,279805000,None,255236000,85375000,None,45794000,None,18819000,None,None,551000,None,-207807000,-429000,None,50991000,None,92946000,22064000,45794000,19792000,65586000,None,None,None,493811000,372751000,275895000,None,55126474,USD,33324000,-1932000,27499000,-618000,-98000,-117000,-98000,-572000,-24664000,5137000,-22245000,-635000,962000,None,-19000,None,None,4024000,5207000,None,None,5137000,13.95,20.93
2,2019-12-31,USD,0,19649000,None,None,-18511000,-19855000,14668000,None,-19855000,None,4981000,1138000,-19649000,None,1344000,None,892000,-451000,None,None,None,None,245000,None,-19855000,-19855000,None,USD,372121000,226000,None,36434000,64824000,307297000,None,957000,548000,-183143000,23000,30815000,1980000,185383000,18309000,None,None,-33000,29295000,307754000,0,307297000,118732000,None,45049000,None,17352000,None,None,548000,None,-183143000,-53000,None,2277000,None,31572000,2400000,45049000,1466000,46515000,None,None,None,489925000,372121000,304115000,None,54769030,USD,32768000,-4700000,23514000,-530000,-98000,92407000,-344000,641000,-19855000,96188000,-19733000,410000,1053000,None,92751000,None,None,3359000,9254000,None,None,96188000,22.76,13.95
3,2019-09-30,USD,0,19165000,None,None,-17818000,-19284000,14829000,None,-19284000,None,4336000,1347000,-19165000,None,1466000,None,979000,-487000,None,None,None,None,368000,None,-19284000,-19284000,None,USD,299910000,None,None,5030000,67992000,231918000,None,935000,503000,-163288000,23000,30815000,1980000,89195000,22181000,None,None,-227000,19270000,245591000,0,201103000,151366000,None,44097000,None,21246000,None,None,503000,None,-163288000,-344000,None,4234000,None,54319000,2626000,44097000,1714000,45811000,None,None,None,394930000,299910000,240561000,None,50000000,USD,41890000,4243000,35180000,-530000,-98000,31000,-98000,793000,-19284000,24362000,-10849000,-42000,1541000,None,31000,None,None,2693000,6710000,None,None,24362000,11.65,22.76
4,2019-06-30,USD,0,18392000,None,None,-17136000,-18680000,13989000,None,-18680000,None,4403000,1256000,-18392000,None,1544000,None,1000000,-544000,None,None,None,None,256000,None,-18680000,-18680000,None,USD,308720000,None,None,5846000,60216000,248504000,None,913000,503000,-144004000,22000,30815000,1980000,64833000,15081000,None,None,-200000,9844000,263629000,0,217689000,192950000,None,43180000,None,14168000,None,None,503000,None,-144004000,-344000,None,4432000,None,45091000,2846000,43180000,1955000,45135000,None,None,None,392205000,308720000,257783000,None,50332435,USD,-120335000,-2181000,-126880000,-530000,-98000,85353000,-98000,-1921000,-18680000,-59631000,-18104000,-2111000,729000,None,85353000,None,None,4139000,6545000,None,None,-59631000,15.0,11.65
5,2019-03-31,USD,0,18945000,None,None,-18097000,-19451000,15137000,None,-19701000,None,3808000,848000,-18945000,None,1604000,None,-1003000,-1003000,None,None,None,None,497000,None,-19701000,-19451000,None,USD,242138000,None,None,3029000,65061000,177077000,None,892000,451000,-125324000,23000,30815000,1980000,124464000,20572000,892000,892000,-89000,7077000,199619000,0,146262000,72126000,None,42297000,None,19680000,None,None,451000,None,-125324000,None,None,4627000,None,42519000,3061000,42297000,2192000,44489000,None,None,None,302039000,242138000,196590000,None,45114437,USD,29935000,-84000,29175000,29935000,None,0,None,-517000,-19451000,13198000,-15977000,-327000,705000,None,None,None,None,3180000,760000,None,None,13198000,17.54,15.0
6,2018-12-31,USD,0,26546000,0,0,-25275000,-27319000,23690000,0,-27348000,0,2871000,1271000,-26546000,0,2073000,None,None,None,0,0,0,0,-774000,0,-27348000,-27319000,None,USD,251313000,None,None,43556000,57276000,194037000,457000,534000,452000,-105873000,457000,30815000,1981000,111355000,15372000,None,None,-795000,2027000,209088000,7402000,194037000,94375000,None,41447000,None,15372000,None,None,452000,None,-105873000,-668000,None,None,None,2027000,None,41447000,None,41904000,None,None,None,300253000,251313000,205730000,None,45194736,USD,20021000,3148000,19049000,-89000,None,74835000,None,-86000,-27319000,73070000,-20814000,-67000,598000,None,74835000,None,None,2826000,883000,None,None,73070000,14.82,17.54
7,2018-09-30,USD,0,15333000,0,0,-14874000,-16089000,13065000,0,-16050000,0,2268000,459000,-15333000,39000,1176000,None,None,None,0,0,0,0,-756000,0,-16050000,-16089000,None,USD,194981000,30815000,None,1343000,51361000,143620000,438000,529000,398000,-78554000,438000,30815000,2100000,38076000,10294000,None,None,-207000,1245000,128821000,32000000,112805000,89402000,None,40629000,0,9765000,0,0,398000,0,-78554000,0,None,2100000,None,66160000,None,40629000,None,41067000,None,None,None,221983000,194981000,127478000,None,39835500,USD,-2245000,1479000,-2985000,-287000,None,149000,None,-170000,-16089000,-14471000,-11635000,-241000,497000,0,149000,0,0,2719000,453000,None,None,-14471000,24.62,14.82
8,2018-06-30,USD,0,14872000,0,0,-14399000,-15767000,10772000,0,-15762000,0,4100000,473000,-14872000,5000,1363000,None,None,None,0,0,0,0,-895000,0,-15762000,-15767000,None,USD,207574000,30815000,None,2505000,50498000,157076000,510000,1861000,395000,-62465000,510000,30815000,1812000,52548000,10146000,39842000,39842000,-79000,976000,134608000,39363000,126261000,79555000,None,39842000,0,8285000,0,0,395000,0,-62465000,0,None,1812000,None,72966000,None,39842000,None,40352000,None,None,None,219225000,207574000,132103000,None,39506527,USD,-107305000,3524000,-107414000,-287000,None,149000,None,-1099000,-15767000,-117152000,-9738000,-1188000,702000,0,0,0,0,2991000,109000,None,None,-117152000,19.63,24.62
9,2018-03-31,USD,0,14405000,0,0,-14117000,-15343000,5743000,0,-15544000,0,8647000,288000,-14405000,0,1427000,None,None,None,0,0,0,0,-6424000,0,-15544000,-15343000,None,USD,217165000,30815000,None,2131000,47019000,170146000,598000,2575000,394000,-46698000,598000,30815000,376000,171136000,7337000,39084000,39084000,10000,1146000,184828000,None,139331000,11561000,None,39084000,0,4762000,0,0,394000,0,-46698000,0,None,376000,None,32337000,None,39084000,None,39682000,None,None,None,216440000,217165000,182697000,None,39403898,USD,9718000,-2261000,86078000,76368000,None,78518000,None,-150000,-15343000,152995000,-11601000,-170000,791000,0,78518000,0,0,5382000,8000,None,None,152995000,18.75,19.63
10,2017-12-31,USD,0,4202000,0,0,-3957000,-4870000,654000,0,-4870000,0,3548000,245000,-4202000,0,913000,None,None,None,0,0,0,0,2000,0,-4870000,-4870000,None,USD,101778000,0,None,1033000,54014000,47764000,0,None,68000,-268374000,107000,0,207000,78720000,4070000,None,None,-16000,563000,101047000,None,47764000,21294000,None,49541000,0,4070000,0,0,68000,0,-268374000,0,None,168000,None,731000,None,49541000,403000,49944000,None,None,None,316086000,101778000,100014000,None,6805686,USD,32562000,297000,32562000,0,None,25406000,-16000,650000,-4870000,29574000,-2988000,-199000,71000,0,0,0,0,1713000,760000,None,None,29574000,2.61,18.75
11,2017-09-30,USD,0,6713000,0,0,-6494000,-7395000,2818000,0,-7395000,0,3895000,219000,-6713000,0,901000,None,None,None,0,0,0,0,0,0,-7395000,-7395000,None,USD,104655000,0,None,747000,53580000,51075000,0,None,272000,-263504000,108000,0,168000,49146000,3767000,None,None,-25000,615000,103872000,None,51075000,53979000,None,49390000,0,3767000,0,0,272000,0,-263504000,0,None,168000,None,783000,None,49390000,423000,49813000,None,None,None,314332000,104655000,103125000,None,27222745,USD,27137000,-88000,27137000,0,None,-16000,-16000,1267000,-7395000,21536000,-5585000,327000,89000,0,0,0,0,1482000,0,None,None,21536000,1.78,2.61
12,2017-06-30,USD,0,5856000,0,0,-5673000,-6562000,3624000,0,-6562000,0,2232000,183000,-5856000,0,889000,None,None,None,0,0,0,0,0,0,-6562000,-6562000,None,USD,111065000,0,None,1067000,53535000,57530000,0,None,270000,-256109000,277000,0,168000,27610000,4016000,None,None,-72000,1076000,109821000,None,57530000,81144000,None,49242000,0,4016000,0,0,270000,0,-256109000,0,None,168000,None,1244000,None,49242000,277000,49519000,None,None,None,313441000,111065000,108754000,None,27010202,USD,8239000,-1252000,8222000,0,None,35000,-16000,1757000,-6562000,2337000,-5920000,833000,125000,0,35000,0,0,936000,17000,None,None,2337000,1.9,1.78
13,2017-03-31,USD,0,9966000,0,0,-9794000,-10670000,7097000,0,-10670000,0,2869000,172000,-9966000,0,876000,None,None,None,0,0,0,0,0,0,-10670000,-10670000,None,USD,117923000,0,None,1928000,54659000,63264000,0,None,270000,-249547000,292000,0,168000,25273000,5268000,None,None,-72000,1122000,116633000,None,63264000,89432000,None,49099000,0,5268000,0,0,270000,0,-249547000,0,None,168000,None,1290000,None,49099000,292000,49391000,None,None,None,312613000,117923000,114705000,None,26986318,USD,7147000,-1944000,7094000,0,None,0,-16000,-890000,-10670000,-4525000,-11619000,-60000,132000,0,0,0,0,923000,53000,None,None,-4525000,2.0,1.9
14,2016-12-31,USD,0,12239000,0,0,-12081000,-12974000,9493000,0,-12974000,0,2746000,158000,-12239000,0,893000,None,None,None,0,0,0,0,1000,0,-12974000,-12974000,None,USD,129647000,0,None,1876000,56479000,73168000,0,None,270000,-238877000,107000,0,205000,29798000,7212000,None,None,-54000,1130000,128349000,None,73168000,96675000,None,48960000,0,7212000,0,0,270000,0,-238877000,0,None,168000,None,1298000,None,48960000,307000,49267000,None,None,None,311829000,129647000,126473000,None,26986318,USD,-42138000,1268000,-42281000,0,-14000,213000,-16000,1167000,-12974000,-53206000,-11138000,-622000,119000,0,213000,0,0,1071000,143000,None,None,-53206000,6.1,2.0
15,2016-09-30,USD,0,10723000,0,0,-10603000,-11128000,8412000,0,-11128000,0,2311000,120000,-10723000,0,525000,None,None,None,0,0,0,0,0,0,-11128000,-11128000,None,USD,140139000,0,None,1341000,55085000,85054000,0,None,269000,-225903000,None,0,170000,83004000,5944000,None,None,2000,1045000,138924000,None,85054000,54579000,None,48820000,0,5944000,0,0,269000,0,-225903000,0,None,170000,None,1215000,None,48820000,321000,49141000,None,None,None,310686000,140139000,137583000,None,26930730,USD,5039000,1873000,4931000,0,48738000,52868000,None,None,-11128000,44485000,-9132000,-855000,91000,0,-52000,0,0,887000,108000,None,None,44485000,9.48,6.1
16,2016-06-30,USD,0,8780000,0,0,-8684000,-8684000,6465000,0,-8684000,0,2315000,96000,-8780000,0,0,None,None,None,0,0,0,0,0,0,-8684000,-8684000,None,USD,99851000,0,None,480000,4407000,95444000,0,None,269000,-214775000,None,0,173000,38519000,4071000,None,None,17000,976000,98702000,None,95444000,59703000,None,0,0,4071000,0,0,269000,0,-214775000,0,None,173000,None,1149000,None,None,336000,336000,None,None,None,309933000,99851000,98222000,None,26930730,USD,-16145000,-543000,-16366000,0,None,4182000,None,None,-8684000,-20187000,-8003000,433000,104000,0,4182000,0,0,687000,221000,None,None,-20187000,7.44,9.48
17,2016-03-31,USD,0,10137000,0,0,-10068000,-10068000,7615000,0,-10068000,0,2522000,69000,-10137000,0,0,None,None,None,0,0,0,0,0,0,-10068000,-10068000,None,USD,104207000,0,None,982000,4965000,99242000,0,None,264000,-206091000,None,0,170000,58706000,4614000,None,None,None,790000,103247000,None,99242000,43559000,None,0,0,4614000,0,0,264000,0,-206091000,0,None,170000,None,960000,None,None,351000,351000,None,None,None,305069000,104207000,102265000,None,26423394,USD,-12328000,473000,-12343000,0,None,0,None,None,-10068000,-21336000,-8993000,36000,80000,0,0,0,0,486000,15000,None,None,-21336000,7.4,7.44
18,2015-12-31,USD,0,8228000,0,0,-8172000,-8172000,5919000,0,-8172000,0,2309000,56000,-8228000,0,-206000,None,None,None,0,0,0,0,-1568000,0,-8172000,-8172000,None,USD,113321000,0,None,1086000,4508000,108813000,0,None,264000,-196023000,367000,0,143000,80042000,4141000,14000,14000,-11000,812000,112366000,None,108813000,31238000,None,0,0,4141000,0,0,264000,0,-196023000,0,None,143000,None,955000,None,None,367000,367000,None,None,None,304583000,113321000,111280000,None,26423394,USD,-2146000,1362000,-2240000,0,14028000,73000,-66000,-342000,-8172000,-9206000,-7039000,-2244000,113000,0,73000,0,0,48665000,94000,None,None,-9206000,11.33,7.4
19,2015-09-30,USD,0,5437000,0,0,-55769000,-55961000,3612000,0,-55961000,0,1825000,-50332000,-5437000,0,192000,None,None,None,0,0,0,0,0,0,-55961000,-55961000,None,USD,120124000,0,None,859000,3649000,116475000,0,None,264000,-187851000,None,0,144000,89248000,3243000,None,None,None,756000,119224000,None,116475000,29117000,None,0,0,3243000,0,0,264000,0,-187851000,0,None,144000,None,900000,None,None,406000,406000,None,None,None,304062000,120124000,118365000,None,26410251,USD,-29117000,245000,-29405000,0,None,73968000,None,None,-55961000,40236000,-4327000,1542000,6000,0,73968000,0,0,3078000,348000,None,None,40236000,9.4,11.33
