,fiscalDateEnding,reportedCurrency_x,totalRevenue,totalOperatingExpense,costOfRevenue,grossProfit,ebit,netIncome_x,researchAndDevelopment,effectOfAccountingCharges,incomeBeforeTax,minorityInterest,sellingGeneralAdministrative,otherNonOperatingIncome,operatingIncome,otherOperatingExpense,interestExpense,taxProvision,interestIncome,netInterestIncome,extraordinaryItems,nonRecurring,otherItems,incomeTaxExpense,totalOtherIncomeExpense,discontinuedOperations,netIncomeFromContinuingOperations,netIncomeApplicableToCommonShares,preferredStockAndOtherAdjustments,reportedCurrency_y,totalAssets,intangibleAssets,earningAssets,otherCurrentAssets,totalLiabilities,totalShareholderEquity,deferredLongTermLiabilities,otherCurrentLiabilities,commonStock,retainedEarnings,otherLiabilities,goodwill,otherAssets,cash,totalCurrentLiabilities,shortTermDebt,currentLongTermDebt,otherShareholderEquity,propertyPlantEquipment,totalCurrentAssets,longTermInvestments,netTangibleAssets,shortTermInvestments,netReceivables,longTermDebt,inventory,accountsPayable,totalPermanentEquity,additionalPaidInCapital,commonStockTotalEquity,preferredStockTotalEquity,retainedEarningsTotalEquity,treasuryStock,accumulatedAmortization,otherNonCurrrentAssets,deferredLongTermAssetCharges,totalNonCurrentAssets,capitalLeaseObligations,totalLongTermDebt,otherNonCurrentLiabilities,totalNonCurrentLiabilities,negativeGoodwill,warrants,preferredStockRedeemable,capitalSurplus,liabilitiesAndShareholderEquity,cashAndShortTermInvestments,accumulatedDepreciation,commonStockSharesOutstanding,reportedCurrency,investments,changeInLiabilities,cashflowFromInvestment,otherCashflowFromInvestment,netBorrowings,cashflowFromFinancing,otherCashflowFromFinancing,changeInOperatingActivities,netIncome_y,changeInCash,operatingCashflow,otherOperatingCashflow,depreciation,dividendPayout,stockSaleAndPurchase,changeInInventory,changeInAccountReceivables,changeInNetIncome,capitalExpenditures,changeInReceivables,changeInExchangeRate,changeInCashAndCashEquivalents,clossingVal,nextClossingVal
0,2020-06-30,USD,56186000,16363000,36724000,19462000,3051000,2442000,None,None,3051000,None,16363000,-48000,3099000,None,None,609000,None,None,None,None,None,609000,-48000,None,2442000,2442000,None,USD,201330000,30224000,None,3358000,35700000,165630000,8108000,5208000,67390000,98240000,8496000,None,348000,25832000,26237000,None,None,None,28450000,140754000,None,135406000,None,37018000,None,74546000,21029000,None,None,67390000,None,98240000,None,None,1902000,None,60576000,967000,None,1355000,9463000,None,None,None,None,201330000,25832000,None,7312217,USD,-2131000,-1372000,-2131000,None,-20000000,-21023000,None,-662000,2442000,-18415000,4739000,185000,1278000,-1023000,0,2668000,None,195000,2131000,-657000,None,-18415000,20.56,
1,2020-03-31,USD,55720000,17807000,36400000,19320000,1504000,1188000,None,None,1504000,None,17807000,-9000,1513000,None,None,316000,None,None,None,None,None,316000,-9000,None,1188000,1188000,None,USD,221930000,30232000,None,3522000,57914000,164016000,8108000,2551000,67195000,96821000,8492000,None,333000,44247000,28391000,None,None,None,28434000,161343000,None,133784000,None,36360000,20000000,77214000,25840000,None,None,67195000,None,96821000,None,None,1921000,None,60587000,1031000,20000000,1415000,9523000,None,None,None,None,221930000,44247000,None,7000000,USD,-3417000,-680000,-3417000,None,20000000,17970000,None,-5764000,1188000,28729000,14176000,-1797000,1260000,-1030000,-1000000,-483000,14486000,202000,3417000,14486000,None,28729000,19.35,20.56
2,2019-12-31,USD,75341000,21596000,47089000,28252000,6642000,5085000,None,None,6642000,None,21596000,-14000,6656000,None,None,1557000,None,None,None,None,None,1557000,-14000,None,5085000,5085000,None,USD,205826000,30240000,None,3030000,41170000,164656000,8108000,4746000,67993000,96663000,8478000,None,294000,15518000,31534000,None,None,None,27423000,146126000,None,134416000,None,50847000,None,76731000,26788000,None,None,67993000,None,96663000,None,None,2037000,None,59700000,1744000,None,1528000,9636000,None,None,None,None,205826000,15518000,None,7354970,USD,-1646000,-903000,-1646000,14000,20000000,-2474000,None,4737000,5084000,9078000,13198000,-1105000,1270000,-1028000,-1446000,6150000,2200000,602000,1665000,2200000,None,9078000,29.43,19.35
3,2019-09-30,USD,67179000,18027000,42165000,25014000,7030000,5616000,None,None,7030000,None,18027000,43000,6987000,None,None,1414000,None,None,None,None,None,1414000,43000,None,5616000,5616000,None,USD,202495000,30248000,None,2656000,40614000,161881000,7780000,1936000,69273000,92608000,8179000,None,293000,6440000,31247000,None,None,None,25150000,145023000,None,131633000,None,53046000,None,82881000,29292000,None,None,69273000,None,92608000,None,None,2074000,None,57472000,1188000,None,1587000,9367000,None,None,None,None,202495000,6440000,None,7000000,USD,-2595000,1178000,-2595000,None,20000000,-941000,None,66000,5616000,-9275000,-5739000,-492000,1222000,-1037000,96000,-5423000,-8023000,164000,2595000,-8023000,None,-9275000,33.23,29.43
4,2019-06-30,USD,61959000,17498000,40518000,21441000,3995000,3156000,None,None,3995000,None,17498000,52000,3943000,None,None,839000,None,None,None,None,None,839000,52000,None,3156000,3156000,None,USD,196232000,30256000,None,2819000,39191000,157041000,7780000,1959000,69013000,88028000,8170000,None,279000,15715000,30245000,None,None,None,24041000,140374000,None,126785000,None,44382000,776000,77458000,28286000,None,None,69013000,None,88028000,None,None,1561000,None,55858000,1303000,None,1166000,8946000,None,None,None,None,196232000,15715000,None,7000000,USD,-1662000,4611000,-1662000,None,20000000,-1036000,None,1713000,3157000,-1915000,783000,-207000,1283000,-1036000,294000,-7552000,-754000,164000,1657000,-754000,None,-1915000,27.28,33.23
5,2019-03-31,USD,65929000,18479000,42951000,22978000,4564000,3605000,None,None,4564000,None,18479000,65000,4499000,None,None,959000,None,None,None,None,None,959000,65000,None,3605000,3605000,None,USD,188406000,30264000,None,3383000,33650000,154756000,7780000,817000,68849000,85907000,8070000,None,262000,17630000,25063000,529000,529000,None,23438000,133405000,None,124492000,None,42487000,517000,69905000,24246000,None,None,68849000,None,85907000,None,None,1299000,None,55001000,517000,None,807000,8587000,None,None,None,None,188406000,17630000,None,7000000,USD,-1797000,2508000,-1797000,5000,None,-592000,None,-4025000,3605000,7457000,9846000,-2643000,1262000,-886000,294000,2916000,2030000,168000,1802000,2030000,None,7457000,23.96,27.28
6,2018-12-31,USD,67185923,19280261,43054759,24131164,4998898,3607728,0,0,4836898,0,19280261,None,4850903,0,0,None,None,None,0,0,0,1229170,-14005,0,3607728,3607728,None,USD,184663000,30273000,None,1890000,33088000,151575000,7780000,2602000,68387000,83188000,8070000,None,148000,10173000,25018000,None,None,None,23057000,131185000,None,121302000,None,46300000,None,72822000,22416000,None,None,68387000,None,83188000,None,None,148000,None,53478000,None,None,290000,8070000,None,None,None,None,184663000,10173000,None,7368494,USD,None,-10300330,-694498,1769,-577,-2189129,1000,339276,3607728,5963385,8847012,2365250,1301364,-890874,-1298678,5587048,5455325,830627,696267,5455325,None,5962385,26.0,23.96
7,2018-09-30,USD,65915564,16790903,43515323,22400241,5639840,5045010,0,0,5639840,0,16790903,30502,5609338,0,0,None,None,None,0,0,0,594830,30502,0,5045010,5045010,None,USD,194218276,30282805,None,2121908,44158146,150060130,7726234,4849176,69589049,80471081,8047871,0,163821,4210391,36110275,None,None,None,23208663,140562987,None,119777325,0,55822208,0,78408480,31261099,0,0,69589049,0,80471081,0,None,163821,None,53655289,None,None,321637,8047871,None,None,None,None,194218276,4210391,None,7421317,USD,None,6388264,-934439,3699,-577,-835254,1000,1541584,5045010,-4117504,-2347811,-2044961,1344161,-889452,123678,-5764167,-7921355,93997,938138,-7921355,None,-4117504,28.3,26.0
8,2018-06-30,USD,58205840,16159329,38673427,19532413,3333151,2649151,0,0,3333151,0,16159329,-39933,3373084,0,47000,None,None,None,0,0,0,684000,-39933,0,2649151,2649151,None,USD,188963791,30293153,None,2185307,43211112,145752679,7726234,8633764,69437156,76315523,9656242,0,172607,8327895,33554870,None,None,None,23655075,134842956,None,115459526,0,51685441,0,72644313,24921106,0,0,69437156,0,76315523,0,None,172607,None,54120835,None,None,1930008,9656242,None,None,None,None,188963791,8327895,None,7414509,USD,None,4259005,-1174585,13532,-577,-819336,1000,1099749,2649151,-1787968,205953,274379,1350053,-888816,0,-7492981,-413211,90797,1188117,-413211,None,-1787968,30.0,28.3
9,2018-03-31,USD,61386673,16737507,40421491,20965182,4089111,3251111,0,0,4089111,0,16738000,-138564,4227675,0,-47000,None,None,None,0,0,0,838000,-138564,0,3251111,3251111,None,USD,188097918,30303843,None,2442001,44270223,143827695,7726234,13518203,69272506,74555189,2441000,0,30494000,10115863,34102741,415464,415464,None,23737918,133865865,None,113523852,0,56156669,0,65151332,20584538,0,0,69272506,0,74555189,0,None,190292,None,54232053,None,None,2441248,10167482,None,None,None,None,188097918,10115863,None,7406801,USD,None,655061,-1415478,0,-2199423,-3014281,None,-817609,3251111,6435087,10864846,-234668,1379422,-814858,0,471100,5044000,298579,1415478,5044241,None,6435087,21.45,30.0
10,2017-12-31,USD,66993982,19630063,43648310,23345672,1887002,4396778,0,0,1497416,0,19630063,-1828607,3715609,0,389586,None,None,None,0,0,0,-2899362,-2463952,0,4396778,4396778,None,USD,173479290,30314749,None,2199648,32386428,141092862,7726234,7044000,68973927,72118935,2435000,0,30512000,3680776,20025851,2199423,2199423,None,23781001,119185563,None,110778113,0,47682707,2199423,65622432,20025851,0,0,68973927,0,72118935,0,None,197977,None,54293727,None,2199423,2434920,12360577,None,None,None,None,173479290,3680776,None,7398654,USD,None,-5931789,1545647,2400107,-9430577,-10361188,None,1073625,4396780,1441914,10257455,1598321,1482794,-813854,-116757,11763692,-6074903,-1351133,854460,-1701210,None,1441914,18.9,21.45
11,2017-09-30,USD,64675082,16026654,45163538,19511544,3386764,2234764,0,0,3386764,0,16026654,-98126,3484890,0,111000,None,None,None,0,0,0,1152000,0,0,2234764,2234764,None,USD,185750015,33319334,None,2431996,48234630,137515385,10646172,7821000,68979376,68536009,182000,0,33544000,2238862,25958458,11630000,11630000,None,24742833,127462538,None,104196051,0,45906527,11630000,76885153,25958458,0,0,68979376,0,68536009,0,None,225310,None,58287477,None,11630000,None,22276172,None,None,None,None,185750015,2238862,None,7403195,USD,None,1398681,-1140790,323197,3011303,1620664,None,857668,2234762,-426286,-906160,-1434,1534910,-819059,-571580,-570432,0,106304,1463987,-5608951,None,-426286,13.4,18.9
12,2017-06-30,USD,58454954,15904935,40291433,18163521,2211183,1459183,0,0,2211183,0,15904935,-47403,2258586,0,80000,None,None,None,0,0,0,752000,0,0,1459183,1459183,None,USD,180895274,33351030,None,2085839,44325051,136570223,10646172,6968000,69449917,67120306,182000,0,33579000,2665148,25060182,8618697,8618697,None,25610927,121705597,None,103219193,0,40639889,8618697,76314721,25060182,0,0,69449917,0,67120306,0,None,227720,None,59189677,None,8618697,None,19264869,None,None,None,None,180895274,2665148,None,7441851,USD,None,3445453,-1123747,0,15942243,2574329,None,959707,1459183,-27930,-1478512,532009,1632000,-818604,-12549310,-7495331,1235000,79198,1123747,-1131024,None,-27930,13.45,13.4
13,2017-03-31,USD,63072954,17381909,43324874,19748080,2265941,1495941,0,0,2265941,0,17381909,-100230,2366171,0,90000,None,None,None,0,0,0,770000,0,0,1495941,1495941,None,USD,173784725,33383261,None,2619898,37942357,135842368,11542019,6540000,69362641,66479727,176000,0,33609000,2693078,21160338,401663,401663,None,25633199,114542595,None,102459107,0,40410229,5240000,68819390,21160338,0,0,69362641,0,66479727,0,None,225670,None,59242130,None,5240000,None,16782019,None,None,None,None,173784725,2693078,None,7435467,USD,None,3332084,-860071,6081,-21907554,-10161909,None,-258952,1495941,-1787427,9234553,-258952,1857590,-817901,12563546,349052,2366000,92556,866152,2366282,None,-1787427,11.55,13.45
14,2016-12-31,USD,66951000,42078204,43202000,76730090,-77740297,-825696,0,0,-1626774,0,19946000,366927,-78107224,79791017,474352,None,None,None,0,8797635,0,-801078,-4717074,0,-825696,-825696,None,USD,180572615,33415694,None,2354107,45479291,135093324,12999153,6131000,69291637,65801687,176000,0,33649000,4480505,17719911,14584008,14584008,None,26511493,120412919,None,101677630,0,44409865,14584008,69168442,17719911,0,0,69291637,0,65801687,0,None,232509,None,60159696,None,14584008,176219,27759380,None,None,None,None,180572615,4480505,None,7421455,USD,None,-5531753,-714415,13585,-16388390,-17508278,None,97970,-634246,538296,18760989,-148379,1957619,-816361,-303527,10753863,3274000,2350420,728000,10013465,None,538296,11.55,11.55
15,2016-09-30,USD,73218247,18905218,53452487,19765760,675629,445629,0,0,675629,0,17745691,-184913,860542,0,181000,None,None,None,0,1159527,0,230000,0,0,445629,445629,None,USD,204774780,36448490,None,2644102,68015166,136759614,13395352,8605000,69507320,67252294,208000,0,36687000,3942209,23647416,446906,446906,None,27450150,140637889,None,100311124,0,54129273,30972398,79922305,23647416,0,0,69507320,0,67252294,0,None,238251,None,64136891,None,30972398,None,44367750,None,None,None,None,204774780,3942209,None,7447331,USD,None,-6324428,-1665166,8906,7469172,6234963,None,1239377,445629,1471633,-3098164,2117013,1950056,-823564,-410645,7633651,0,175834,1674072,-9095919,None,1471633,10.57,11.55
16,2016-06-30,USD,62560094,18807595,46296834,16263260,-2667329,-1759329,0,0,-2667329,0,18807595,-122994,-2544335,0,142215,None,None,None,0,1159527,0,-908000,0,0,-1759329,-1759329,None,USD,203524849,36481414,None,2886973,66003955,137520894,13227954,7380000,69890665,67630229,227000,0,36728000,2470576,29272775,420631,420631,None,27896273,138901228,None,101039480,0,45987723,23503226,87555956,29272775,0,0,69890665,0,67630229,0,None,245934,None,64623621,None,23503226,None,36731180,None,None,None,None,203524849,2470576,None,7481022,USD,None,7801498,-1413984,3773,1853907,-204947,None,-770242,-1759329,-1246140,372791,-770242,1907557,-822912,-1235942,-3053427,2356000,171772,1417757,-3925038,None,-1246140,11.42,10.57
17,2016-03-31,USD,57530000,0,36713000,0,0,0,0,0,0,0,19132000,None,0,0,136000,None,None,None,0,0,0,0,0,0,0,0,None,USD,197263048,36514458,None,3073814,56046079,141216969,13265871,6086000,71004499,70212470,265000,0,36768000,3716716,21130889,None,None,None,28103995,132390974,None,104702511,0,41097915,21649319,84502529,21130889,0,0,71004499,0,70212470,0,None,253621,None,64872074,None,21649319,None,34915190,None,None,None,None,197263048,3716716,None,7583901,USD,None,6296805,-2068150,18500,-2050770,-2884999,None,None,-191450,309576,5262725,-1624162,1905604,-834229,0,-7511470,6281000,106054,2086650,6281344,None,309576,12.74,11.42
18,2015-12-31,USD,65266028,20221612,43111609,22154419,2453750,1382870,0,0,1756923,0,20221612,520943,1932807,0,167152,None,None,None,0,4159527,0,374053,-802260,0,1382870,1382870,None,USD,193865131,36547873,None,2530517,51744590,142120541,13000609,5629000,70882392,71238149,296000,0,36806000,3407140,14748216,23700089,23700089,None,27836527,129221919,None,105572668,0,46293203,23700089,76991059,14748216,0,0,70882392,0,71238149,0,None,258812,None,64643212,None,23700089,295676,36996374,None,None,None,None,193865131,3407140,None,7567271,USD,None,-8139565,-3166499,17495,-21330909,-22163310,None,-4577033,1382870,-571413,24758396,528479,1815087,-832401,0,11005266,11151000,400695,3183994,17765564,None,-571413,11.56,12.74
19,2015-09-30,USD,70001496,19217222,47884019,22117477,2673957,1803667,0,0,2673957,0,19217222,-226298,2900255,0,188413,None,None,None,0,0,0,870290,0,0,1803667,1803667,None,USD,223001101,36581475,None,2969005,81550570,141450531,13342215,7554000,70762851,70687680,344000,0,36843000,3978553,23177357,None,None,None,26808704,159349156,None,104869056,0,64405273,45030998,87996325,23177357,0,0,70762851,0,70687680,0,None,261766,None,63651945,None,45030998,None,58373213,None,None,None,None,223001101,3978553,None,7564313,USD,None,-3558239,-3161643,0,9437638,8605565,None,None,1803667,-548385,-5992307,-447704,1781730,-832073,0,-1518170,0,166475,3161643,-4220066,None,-548385,14.19,11.56
