,fiscalDateEnding,reportedCurrency_x,totalRevenue,totalOperatingExpense,costOfRevenue,grossProfit,ebit,netIncome_x,researchAndDevelopment,effectOfAccountingCharges,incomeBeforeTax,minorityInterest,sellingGeneralAdministrative,otherNonOperatingIncome,operatingIncome,otherOperatingExpense,interestExpense,taxProvision,interestIncome,netInterestIncome,extraordinaryItems,nonRecurring,otherItems,incomeTaxExpense,totalOtherIncomeExpense,discontinuedOperations,netIncomeFromContinuingOperations,netIncomeApplicableToCommonShares,preferredStockAndOtherAdjustments,reportedCurrency_y,totalAssets,intangibleAssets,earningAssets,otherCurrentAssets,totalLiabilities,totalShareholderEquity,deferredLongTermLiabilities,otherCurrentLiabilities,commonStock,retainedEarnings,otherLiabilities,goodwill,otherAssets,cash,totalCurrentLiabilities,shortTermDebt,currentLongTermDebt,otherShareholderEquity,propertyPlantEquipment,totalCurrentAssets,longTermInvestments,netTangibleAssets,shortTermInvestments,netReceivables,longTermDebt,inventory,accountsPayable,totalPermanentEquity,additionalPaidInCapital,commonStockTotalEquity,preferredStockTotalEquity,retainedEarningsTotalEquity,treasuryStock,accumulatedAmortization,otherNonCurrrentAssets,deferredLongTermAssetCharges,totalNonCurrentAssets,capitalLeaseObligations,totalLongTermDebt,otherNonCurrentLiabilities,totalNonCurrentLiabilities,negativeGoodwill,warrants,preferredStockRedeemable,capitalSurplus,liabilitiesAndShareholderEquity,cashAndShortTermInvestments,accumulatedDepreciation,commonStockSharesOutstanding,reportedCurrency,investments,changeInLiabilities,cashflowFromInvestment,otherCashflowFromInvestment,netBorrowings,cashflowFromFinancing,otherCashflowFromFinancing,changeInOperatingActivities,netIncome_y,changeInCash,operatingCashflow,otherOperatingCashflow,depreciation,dividendPayout,stockSaleAndPurchase,changeInInventory,changeInAccountReceivables,changeInNetIncome,capitalExpenditures,changeInReceivables,changeInExchangeRate,changeInCashAndCashEquivalents,clossingVal,nextClossingVal
0,2020-06-30,USD,32652000,33469000,24149000,8503000,-854000,-992000,None,None,-1400000,None,8994000,None,-817000,None,220000,-408000,None,-220000,None,None,None,-408000,-363000,None,-992000,-992000,None,USD,70178000,256000,None,None,46640000,23538000,None,500000,800000,-66042000,2655000,16354000,2607000,1632000,21152000,None,None,-2822000,7315000,43646000,None,6928000,None,22737000,19593000,None,9451000,None,None,None,None,None,None,None,None,None,26532000,5196000,None,2286000,25488000,None,None,None,None,None,None,None,None,USD,-76000,2745000,-76000,40000,-15485000,-15830000,-345000,3842000,-992000,990000,16854000,None,326000,None,None,None,11253000,-364000,116000,None,None,None,1.34,
1,2020-03-31,USD,45033000,18619000,34190000,10843000,-8185000,-5945000,None,None,-8185000,None,10237000,-409000,-7776000,-36651000,376000,-2240000,None,-376000,None,None,None,-2240000,-8080000,None,-5945000,-5945000,None,USD,83951000,336000,None,26359000,57415000,26536000,None,5432000,797000,-65050000,3110000,16354000,2008000,642000,50575000,32767000,32767000,-2879000,2493000,57244000,None,26536000,None,54457000,None,None,12851000,None,None,797000,None,-65050000,-14987000,None,26707000,None,2493000,5772000,115000,6365000,6365000,None,None,None,108655000,83951000,642000,None,13120970,USD,-35000,-6000,-35000,40000,-1994000,-1934000,-80000,-1103000,-5945000,-1040000,929000,None,335000,None,140000,None,974000,6874000,35000,None,-165000,-1205000,1.25,1.34
2,2019-12-31,USD,48550000,10668000,35893000,12657000,1518000,1009000,None,None,1518000,None,10271000,-471000,1989000,-48153000,440000,509000,None,-440000,None,None,None,509000,-30000,None,1009000,1009000,None,USD,96173000,416000,None,4144000,63770000,32403000,None,7345000,791000,-59105000,3491000,16354000,209000,1847000,21408000,34761000,None,-2748000,2717000,70657000,None,15633000,None,64666000,34761000,None,14840000,None,None,791000,None,-59105000,-14987000,None,6029000,None,25516000,6055000,34950000,6824000,6824000,None,None,None,108452000,96173000,1847000,None,13003719,USD,-67000,281000,-67000,-1000,3027000,2467000,-560000,1525000,1009000,1492000,-908000,None,397000,None,321000,None,-4753000,-1917000,66000,None,-38000,1454000,3.0,1.25
3,2019-09-30,USD,40250000,9884000,29635000,10615000,405000,335000,None,None,405000,None,9498000,-326000,731000,-39864000,334000,70000,None,-334000,None,None,None,70000,8000,None,335000,335000,None,USD,91740000,496000,None,3400000,60689000,31051000,None,7477000,788000,-60114000,3075000,16354000,831000,393000,21421000,None,None,-2757000,2841000,64928000,None,14201000,None,61135000,31735000,None,14346000,None,None,788000,None,-60114000,-14987000,None,6500000,621000,26812000,6539000,31735000,7131000,38866000,None,None,None,108121000,91740000,393000,None,12955847,USD,-58000,-1901000,-58000,5000,864000,1020000,-24000,-958000,335000,-475000,-1393000,None,386000,None,156000,None,727000,56000,63000,None,-44000,-475000,3.0,3.0
4,2019-06-30,USD,50705000,48512000,37902000,12803000,2624000,1251000,None,None,1710000,None,10202000,-483000,2193000,-50297000,506000,459000,None,-506000,None,None,None,459000,23000,None,1251000,1251000,None,USD,92099000,578000,None,3057000,61550000,30549000,None,450000,785000,-60449000,4246000,17532000,870000,868000,21824000,None,None,-2732000,9184000,63935000,None,12439000,None,34050000,30943000,None,10786000,None,None,785000,None,-60449000,-14987000,None,6315000,656000,28164000,6360000,30943000,3845000,39726000,None,None,None,107932000,92099000,868000,None,13000000,USD,-136000,-639000,-136000,1000,-3413000,-3743000,-330000,196000,1251000,-825000,3078000,None,408000,None,165000,None,353000,353000,137000,None,-24000,-825000,4.0,3.0
5,2019-03-31,USD,51595000,10863000,39078000,12517000,1189000,1463000,None,None,1189000,None,10466000,-465000,1654000,-51198000,476000,-274000,None,-476000,None,None,None,-274000,11000,None,1463000,1463000,None,USD,92811000,661000,None,3494000,63732000,29079000,398000,3644000,784000,-61700000,3583000,17532000,905000,1693000,21255000,1962000,1962000,-2744000,3271000,64626000,None,10886000,None,59439000,34429000,None,17611000,None,None,784000,None,-61700000,-14987000,None,6031000,690000,28185000,6084000,34429000,3185000,38012000,None,None,None,107726000,92811000,1693000,None,12871772,USD,-102000,-826000,-102000,-1000,6889000,6883000,-171000,-496000,1463000,1226000,-5555000,None,397000,None,165000,None,-6264000,-7018000,101000,None,-15000,1211000,3.94,4.0
6,2018-12-31,USD,55271000,136661000,19559000,13032000,1056000,599000,0,0,1056000,0,31345000,-517000,1573000,-52477000,-500000,None,None,None,-700000,0,0,457000,-717000,0,599000,599000,None,USD,81510000,743000,None,3425000,54311000,27199000,None,4773000,778000,-63163000,3583000,17532000,939000,482000,23188000,27540000,None,-2755000,3485000,58811000,None,8924000,None,54904000,27540000,None,21998000,None,None,778000,None,-63163000,-14987000,None,214000,725000,22699000,None,27540000,None,None,None,None,None,107326000,81510000,482000,None,12755173,USD,None,1240000,-1160000,-1056000,3081000,3081000,-244000,-1255000,599000,-207000,-2128000,None,411000,None,385000,None,-4065000,-2727000,104000,None,-21000,-228000,3.1,3.94
7,2018-09-30,USD,42559000,9756000,31571000,10988000,937000,684000,0,0,937000,0,9412000,-295000,1232000,-42215000,-305000,None,None,None,0,0,0,253000,-295000,0,684000,684000,None,USD,73428000,65000,None,3947000,48751000,24677000,424000,553000,755000,-63762000,1604000,11685000,2299000,710000,22687000,None,None,-2572000,3694000,55685000,None,24677000,0,51028000,24460000,0,22134000,0,0,755000,0,-63762000,-14987000,None,14049000,None,17743000,None,24460000,1180000,26064000,None,None,None,105243000,73428000,710000,None,12285227,USD,None,1206000,-810000,6000,-4743000,-4552000,-244000,-1627000,684000,312000,5674000,None,344000,0,191000,0,4030000,4990000,816000,None,-33000,279000,4.27,3.1
8,2018-06-30,USD,51710000,-51710000,50820000,12735000,502000,381000,0,0,502000,0,10076000,-388000,890000,-51710000,-400000,None,None,None,0,0,0,121000,-1759000,0,381000,381000,None,USD,73813000,71000,None,3056000,50096000,23717000,422000,482000,753000,-64446000,1673000,11685000,2343000,431000,19221000,29202000,29202000,-2536000,3259000,56455000,None,23717000,0,52968000,29202000,0,18739000,0,0,753000,0,-64446000,-14987000,None,14099000,None,17358000,None,29202000,1251000,30875000,None,None,None,104933000,73813000,431000,None,12239758,USD,None,-213000,-313000,-4000,-2811000,-3111000,-300000,2011000,381000,10000,3434000,None,398000,0,0,0,67000,3053000,309000,None,-31000,-21000,4.94,4.27
9,2018-03-31,USD,50812000,-50812000,49092000,12555000,1413000,1051000,0,0,1413000,0,10421000,-307000,1720000,-50812000,-266000,None,None,None,0,0,0,362000,-307000,0,1051000,1051000,None,USD,74552000,87000,None,3662000,51234000,23318000,428000,741000,753000,-64827000,1778000,11685000,2327000,452000,17442000,32014000,32014000,-2465000,3337000,57116000,None,23318000,0,53002000,32014000,0,16701000,0,0,753000,0,-64827000,-14987000,None,14099000,None,17436000,None,32014000,1350000,33792000,None,None,None,104844000,74552000,452000,None,12239758,USD,None,-1212000,-300000,-11000,4734000,4928000,-300000,-72000,1051000,-2416000,-7044000,None,414000,0,194000,0,-7321000,-8095000,289000,None,17000,-2399000,5.77,4.94
10,2017-12-31,USD,51057000,-401971000,53658000,12804000,-3355000,251000,0,0,-3355000,0,10334000,-154000,-3201000,5280000,1317000,None,None,None,0,49250000,0,-3606000,6149000,0,251000,251000,None,USD,73279000,105000,None,3706000,51248000,22031000,431000,741000,751000,-65878000,170000,11685000,215000,2851000,22188000,27279000,27279000,-2395000,3446000,55639000,None,22031000,0,49082000,27279000,0,21447000,0,0,751000,0,-65878000,-14987000,None,14194000,None,17640000,None,27279000,1350000,29060000,None,None,None,104540000,73279000,2851000,None,12194350,USD,None,-2177000,-1060000,-767000,17828000,4795000,-904000,-293000,251000,1850000,-1885000,None,1757000,-12194000,65000,0,871000,-2136000,293000,None,176000,2026000,6.25,5.77
11,2017-09-30,USD,43827000,-308841000,42231000,11718000,1442000,1020000,0,0,1442000,0,9700000,-154000,1596000,6247000,137000,None,None,None,0,78800000,0,422000,0,0,1020000,1020000,None,USD,64048000,121000,None,3212000,30045000,34003000,695000,992000,741000,-66129000,240000,12458000,12786000,825000,19659000,9451000,9451000,-2209000,3619000,47643000,None,21424000,0,43606000,9451000,0,18667000,0,0,741000,0,-66129000,-14987000,None,207000,None,12786000,None,9451000,240000,10386000,None,None,None,116587000,64048000,825000,None,12009699,USD,None,-777000,-192000,3000,-642000,-972000,-532000,-674000,1020000,462000,1626000,None,0,0,202000,0,-3682000,606000,195000,None,-28000,434000,5.72,6.25
12,2017-06-30,USD,45512000,43884000,45265000,12113000,766000,189000,0,0,766000,0,10075000,-81000,847000,-1575000,134000,None,None,None,0,-19700000,0,577000,0,0,189000,189000,None,USD,65626000,12595000,None,3079000,33413000,32213000,577000,1525000,739000,-67149000,240000,12458000,12805000,391000,22504000,10092000,10092000,-2581000,3829000,48992000,None,32213000,0,45522000,10092000,0,20979000,0,0,739000,0,-67149000,-14987000,None,12805000,None,16634000,None,10092000,240000,10909000,None,None,None,116191000,65626000,391000,None,11962516,USD,None,71000,-459000,1000,-2632000,-2882000,-250000,689000,189000,120000,3461000,None,0,0,0,0,-1607000,3272000,460000,None,-22000,98000,5.05,5.72
13,2017-03-31,USD,46341000,0,45303000,11752000,902000,550000,0,0,902000,0,10317000,-136000,1038000,397000,138000,None,None,None,0,4925000,0,352000,0,0,550000,550000,None,USD,65800000,12479000,None,3347000,33961000,31839000,479000,1053000,738000,-67338000,170000,12325000,12691000,293000,20587000,None,None,-2574000,3763000,49346000,None,31839000,0,45706000,12725000,0,19534000,0,0,738000,0,-67338000,-14987000,None,12691000,None,16454000,None,12725000,None,13204000,None,None,None,116000000,65800000,293000,None,11937516,USD,None,-182000,-92000,0,-1586000,-1767000,-8000,-21000,550000,10000,1869000,None,0,0,-173000,0,-720000,1319000,92000,None,4000,14000,4.76,5.05
14,2016-12-31,USD,44198000,172333000,43854000,12106000,-56000,-216000,0,0,-56000,0,10087000,-400000,344000,-29000,117000,None,None,None,0,1283000,0,160000,-813000,0,-216000,-216000,None,USD,69831000,171000,None,3327000,38576000,31255000,382000,1061000,736000,-67888000,170000,12325000,12708000,279000,23713000,14311000,14311000,-2578000,4052000,53071000,None,18759000,0,49465000,14311000,0,22652000,0,0,736000,0,-67888000,-14622000,None,212000,None,12708000,None,14311000,None,14693000,None,None,None,115607000,69831000,279000,None,11953080,USD,None,-290000,-102000,12000,3160000,541000,-205000,-2499000,-216000,-54000,-493000,None,1569000,0,-2414000,0,8647000,-277000,114000,None,30000,-24000,6.36,4.76
15,2016-09-30,USD,39695000,0,39273000,10144000,294000,110000,0,0,294000,0,9334000,-128000,422000,0,114000,None,None,None,0,0,0,184000,0,0,110000,110000,None,USD,65892000,189000,None,2749000,32163000,33729000,262000,229000,732000,-67672000,782000,11630000,12076000,303000,19968000,None,None,-2447000,4316000,49500000,None,21910000,0,46448000,11151000,0,19739000,0,0,732000,0,-67672000,-12193000,None,225000,32000,12076000,None,11151000,None,11413000,None,None,None,115309000,65892000,303000,None,12220610,USD,None,None,-87000,-12000,-3739000,-4331000,-75000,None,110000,29000,4447000,None,0,0,-517000,0,-8600000,4337000,75000,None,40000,69000,6.6292,6.36
16,2016-06-30,USD,45379000,0,43851000,12104000,1443000,863000,0,0,1443000,0,10177000,-85000,1528000,0,96000,None,None,None,0,0,0,580000,0,0,863000,863000,None,USD,70741000,11836000,None,3018000,36731000,34010000,266000,190000,730000,-67782000,897000,11630000,12178000,234000,20678000,None,None,-2364000,4611000,53952000,None,34010000,0,50700000,14890000,0,20488000,0,0,730000,0,-67782000,-11496000,None,12178000,None,16789000,None,14890000,None,15156000,None,None,None,114922000,70741000,234000,None,12322102,USD,None,None,-249000,14000,-5010000,-6221000,-678000,None,863000,157000,6627000,None,0,0,-533000,0,-3163000,5764000,263000,None,-26000,131000,5.21,6.6292
17,2016-03-31,USD,47176000,0,45355000,12676000,1621000,1001000,0,0,1621000,0,10465000,-200000,1821000,0,212000,None,None,None,0,0,0,620000,0,0,1001000,1001000,None,USD,76242000,11859000,None,3521000,42955000,33287000,258000,787000,730000,-68645000,978000,11630000,12315000,103000,21819000,None,None,-2553000,4725000,59202000,None,33287000,0,55578000,19900000,0,21032000,0,0,730000,0,-68645000,-10963000,None,12315000,None,17040000,None,19900000,None,20158000,None,None,None,114718000,76242000,103000,None,12421362,USD,None,None,-393000,1000,-1100000,-1545000,-35000,None,1001000,-884000,1054000,None,0,0,-410000,0,0,53000,394000,None,2000,-882000,5.31,5.21
18,2016-01-02,USD,45077000,177885000,45027000,12106000,-56000,-216000,0,0,-56000,0,10462000,-400000,344000,-29000,-504000,None,None,None,0,1283000,0,160000,-697000,0,-216000,-216000,None,USD,69831000,171000,None,3327000,38576000,32203000,382000,1061000,728000,-69646000,1504000,11630000,227000,279000,23713000,21000000,21000000,-2845000,4052000,53071000,None,18759000,None,49465000,14311000,None,22652000,None,None,728000,None,-69646000,-14622000,None,212000,None,12708000,None,14311000,978000,14693000,None,None,None,114331000,69831000,279000,None,None,USD,None,-80000,-102000,12000,3160000,541000,-205000,1505000,-216000,-54000,-493000,None,1467000,-12529000,-2328000,None,45000,-277000,114000,None,30000,-24000,nan,5.31
19,2015-12-31,USD,47407000,0,45027000,13690000,1868000,2976000,0,0,2110000,0,10927000,-512000,2380000,0,0,None,None,None,0,0,0,-866000,0,0,2976000,2976000,None,USD,81336000,11882000,None,4508000,49133000,32203000,276000,822000,728000,-69646000,978000,11630000,12109000,985000,26879000,21000000,None,-2845000,4698000,64529000,None,32203000,0,59036000,21000000,0,26057000,0,0,728000,0,-69646000,-10365000,None,12109000,None,16807000,None,None,978000,1254000,None,None,None,114331000,81336000,985000,None,12496635,USD,None,3650000,297000,536000,6000000,-8982000,-125000,None,2976000,-3692000,4993000,None,0,-12529000,-2328000,0,45000,2017000,239000,None,135000,-3557000,5.5,nan
