,fiscalDateEnding,reportedCurrency_x,totalRevenue,totalOperatingExpense,costOfRevenue,grossProfit,ebit,netIncome_x,researchAndDevelopment,effectOfAccountingCharges,incomeBeforeTax,minorityInterest,sellingGeneralAdministrative,otherNonOperatingIncome,operatingIncome,otherOperatingExpense,interestExpense,taxProvision,interestIncome,netInterestIncome,extraordinaryItems,nonRecurring,otherItems,incomeTaxExpense,totalOtherIncomeExpense,discontinuedOperations,netIncomeFromContinuingOperations,netIncomeApplicableToCommonShares,preferredStockAndOtherAdjustments,reportedCurrency_y,totalAssets,intangibleAssets,earningAssets,otherCurrentAssets,totalLiabilities,totalShareholderEquity,deferredLongTermLiabilities,otherCurrentLiabilities,commonStock,retainedEarnings,otherLiabilities,goodwill,otherAssets,cash,totalCurrentLiabilities,shortTermDebt,currentLongTermDebt,otherShareholderEquity,propertyPlantEquipment,totalCurrentAssets,longTermInvestments,netTangibleAssets,shortTermInvestments,netReceivables,longTermDebt,inventory,accountsPayable,totalPermanentEquity,additionalPaidInCapital,commonStockTotalEquity,preferredStockTotalEquity,retainedEarningsTotalEquity,treasuryStock,accumulatedAmortization,otherNonCurrrentAssets,deferredLongTermAssetCharges,totalNonCurrentAssets,capitalLeaseObligations,totalLongTermDebt,otherNonCurrentLiabilities,totalNonCurrentLiabilities,negativeGoodwill,warrants,preferredStockRedeemable,capitalSurplus,liabilitiesAndShareholderEquity,cashAndShortTermInvestments,accumulatedDepreciation,commonStockSharesOutstanding,reportedCurrency,investments,changeInLiabilities,cashflowFromInvestment,otherCashflowFromInvestment,netBorrowings,cashflowFromFinancing,otherCashflowFromFinancing,changeInOperatingActivities,netIncome_y,changeInCash,operatingCashflow,otherOperatingCashflow,depreciation,dividendPayout,stockSaleAndPurchase,changeInInventory,changeInAccountReceivables,changeInNetIncome,capitalExpenditures,changeInReceivables,changeInExchangeRate,changeInCashAndCashEquivalents,clossingVal,nextClossingVal
0,2020-06-30,USD,370253,778694,None,370253,-593121,-398981,146731,None,-593121,None,631963,9460,-602581,None,None,None,None,None,None,None,None,None,203600,None,-593121,-398981,None,USD,7410243,None,None,790993,1093503,6316740,None,219417,3158,-116523487,None,None,33567,5841346,362197,None,None,None,50942,6632339,None,6316740,None,652520,None,None,142780,None,None,3158,None,-116523487,None,None,726962,None,777904,894510,None,731306,731306,None,None,None,122837069,7410243,5841346,None,31575786,USD,-884,-38090,-884,None,202052,486259,None,43619,-398981,3951,-481424,-145464,42657,None,284207,None,35679,58454,884,None,None,3951,4.06,
1,2020-03-31,USD,356173,1003759,820440,356173,-624594,-624594,183318,None,-624594,None,820441,22992,-647586,None,None,None,22990,None,None,None,None,None,22992,None,-624594,-624594,None,USD,7627481,None,None,928745,1195967,6431514,None,242121,3141,-116124506,None,None,33567,5837395,422991,None,None,None,94083,6766140,None,6431514,None,746653,None,None,180870,None,None,3141,None,-116124506,None,None,767258,None,861341,936174,None,772976,772976,None,None,None,122552879,7627481,5837395,None,31411107,USD,3658,-35589,3658,3713,None,0,None,-123257,-624594,-754565,-758223,-137422,44619,None,None,None,-85354,-5237,55,None,None,-754565,2.34,4.06
2,2019-12-31,USD,381463,1655840,1320870,381463,-1256891,-1256891,284311,None,-1256891,None,1320863,17486,-1274377,None,None,None,17490,None,None,50666,None,None,-33179,None,-1256891,-1256891,None,USD,8256133,None,None,714897,1200025,7056108,None,170970,3125,-115499912,None,None,33567,6591960,387429,None,None,None,141720,7306857,None,7056108,None,656062,None,None,216459,None,None,3125,None,-115499912,None,None,807556,None,949276,975832,None,812596,812596,None,None,None,122552895,8256133,6591960,None,31254262,USD,-201,144381,-201,None,None,0,None,47051,-1256891,-424962,-424761,-31151,48881,None,5770550,None,-14271,670019,201,None,None,-424962,3.01,2.34
3,2019-09-30,USD,462869,873724,666360,462869,-397712,-397712,207368,None,-397712,None,666356,13143,-410855,None,None,None,13140,None,None,None,None,None,13143,None,-397712,-397712,None,USD,8986306,None,None,881644,1158691,7827615,None,234941,3109,-114243021,None,None,33567,7016922,307019,None,None,None,239888,7898566,None,7827615,None,775760,None,None,72078,None,None,3109,None,-114243021,None,None,847852,None,1087740,1014948,None,851672,851672,None,None,None,122067527,8986306,7016922,None,31090291,USD,-2113,-27002,-2113,None,None,64647,None,-3412,-397712,-281748,-344282,-76399,51051,None,64647,None,-2970,670019,2113,None,None,-281748,3.2,3.01
4,2019-06-30,USD,301035,1253336,939360,301035,-1350478,-1350478,313981,None,-1350478,None,939355,-398177,-952301,None,None,None,-398180,None,None,None,None,None,-398177,None,-1350478,-1350478,None,USD,9349189,None,None,102472,1188509,8160680,None,194919,3103,-113845309,None,None,33567,7298670,293999,None,None,None,287108,8173932,None,8160680,None,772790,None,None,99080,None,None,3103,None,-113845309,None,None,888149,None,1175257,1053527,None,894510,894510,None,None,None,122002886,9349189,7298670,None,31033443,USD,-62834,-63061,-62834,None,None,4604116,None,48972,-1350478,3960157,-581125,33653,46526,None,4604116,None,-31095,783330,62834,-31095,None,3960157,3.33,3.2
5,2019-03-31,USD,418657,981129,751170,418657,-803897,-803897,229963,None,-803897,None,751166,-241425,-562472,None,None,None,-241430,None,None,None,None,None,-241425,None,-803897,-803897,None,USD,5454020,None,None,151444,2056645,3397375,None,209326,2867,-112494831,749004,None,33570,3338513,371467,158105,158105,None,268812,4254319,None,3397375,None,764362,936174,None,162141,None,None,2867,None,-112494831,None,None,930889,None,1199701,1094279,None,1685178,1685178,None,None,None,115889339,5454020,3338513,None,28666831,USD,-134,-52414,-134,None,None,1101782,None,-98715,-803897,369097,-732551,-98064,48919,None,1101782,None,-74685,247590,134,-74685,None,369097,2.16,3.33
6,2018-12-31,USD,370795,1018021,814703,370795,-634169,-634169,203314,0,-634169,0,814707,13057,-647226,0,0,None,None,None,0,0,0,0,13057,0,-634169,-634169,None,USD,4058566,None,None,52729,959076,3099490,None,50570,2767,-111690934,501414,None,33567,2969416,457662,None,None,None,313177,3711822,None,3099490,None,689677,None,None,407092,None,None,2767,None,-111690934,None,None,33567,None,346744,None,None,501414,501414,None,None,None,114787657,4058566,2969416,None,27665211,USD,None,48928,-368,None,None,3181,None,44061,-634168,-431426,-434239,93807,45647,None,226551,None,-23215,321394,368,-23215,None,-431426,1.56,2.16
7,2018-09-30,USD,359725,763615,572968,359725,-688301,-688301,190647,0,-688301,0,572968,-284411,-403890,0,0,None,None,None,0,0,0,0,-284411,0,-688301,-688301,None,USD,4599466,0,None,96790,868989,3730477,0,38966,2766,-111056766,510001,0,33567,3400842,358988,None,None,None,358456,4207443,None,3730477,0,709811,0,0,320022,0,0,2766,0,-111056766,0,None,33567,None,392023,None,None,510001,510001,None,None,None,114784477,4599466,3400842,None,27662211,USD,None,-101165,-208,0,None,2061111,223370,11217,-688302,1538870,-522033,11217,45057,0,1837741,0,-75472,286632,208,-75472,None,1538870,1.57,1.56
8,2018-06-30,USD,324853,896784,645960,324853,-569891,-569891,250824,0,-569891,0,645960,2040,-571931,0,0,None,None,None,0,0,0,0,2040,0,-569891,-569891,None,USD,3041191,0,None,108007,460153,2581038,0,102848,2543,-110368464,None,0,33567,1861972,460153,None,None,None,403305,2604319,None,2581038,0,634340,0,0,357305,0,0,2543,0,-110368464,0,None,33567,None,436872,None,None,None,None,None,None,None,112946959,3041191,1861972,None,25432739,USD,None,-59675,-5688,0,None,2061111,None,-16955,-569891,-434573,-428885,-16955,45464,0,0,0,102863,69309,5688,102863,None,-434573,0.824,1.57
9,2018-03-31,USD,433269,1228441,1009825,433269,-793767,-793767,218616,0,-793767,0,1009825,1405,-795172,0,0,None,None,None,0,0,0,0,1405,0,-793767,-793767,None,USD,3601448,0,None,91052,519828,3081620,0,153140,2543,-109798573,None,0,33567,2296545,519828,None,None,None,443081,3124800,None,3081620,0,737203,0,0,366688,0,0,2543,0,-109798573,0,None,33567,None,476648,None,None,None,None,None,None,None,112877650,3601448,2296545,None,25432739,USD,None,206081,-5399,0,None,1250000,None,-61355,-793767,558698,-685903,-61355,44879,0,1250000,0,-81741,69309,5399,-81741,None,558698,0.975,0.824
10,2017-12-31,USD,279439,948715,904000,279439,-668354,-668354,201063,0,-668354,0,747652,922,-669276,0,0,None,None,None,0,0,0,0,4752,0,-668354,-668354,None,USD,2881113,0,None,29697,313747,2567366,0,824,2404,-109062827,None,0,34000,1737847,313747,None,None,None,482561,2364985,None,2567366,0,597441,0,0,312923,0,0,2404,0,-109062827,0,None,33567,None,516128,None,None,None,None,None,None,None,111627789,2881113,1737847,None,24043846,USD,1523333,-108004,-187,0,None,3314292,None,227195,-668354,-450207,-450020,None,43918,0,0,0,476000,121299,187,139751,None,-450207,1.04,0.975
11,2017-09-30,USD,488336,792587,750000,488336,-303138,-303138,185296,0,-303138,0,607291,1113,-304251,0,0,None,None,None,0,0,0,0,0,0,-303138,-303138,None,USD,3581172,0,None,51067,421751,3159421,0,46666,2404,-108394473,None,0,34000,2188054,421751,None,None,None,526293,3021312,None,3159421,0,782191,0,0,375085,0,0,2404,0,-108394473,0,None,33567,None,559860,None,None,None,None,None,None,None,111551490,3581172,2188054,None,24043846,USD,None,18935,-540,0,None,0,None,13926,-303138,-217565,-217025,13926,43936,0,0,0,336000,-1785,540,11101,None,-217565,1.19,1.04
12,2017-06-30,USD,348179,838831,794000,348179,-489812,-489812,202050,0,-489812,0,636781,840,-490652,0,0,None,None,None,0,0,0,0,0,0,-489812,-489812,None,USD,3865375,0,None,64993,402816,3462559,0,32500,2404,-108091335,None,0,34000,2405619,402816,None,None,None,569688,3262120,None,3462559,0,791508,0,0,370316,0,0,2404,0,-108091335,0,None,33567,None,603255,None,None,None,None,None,None,None,111551490,3865375,2405619,None,24043846,USD,None,-17914,-1701,0,None,0,None,13834,-489812,-159596,-157895,13834,43937,0,0,0,325000,-1785,1701,292060,None,-159596,1.29,1.19
13,2017-03-31,USD,393116,1347548,1304000,393116,-952555,-952555,211293,0,-952555,0,1136255,1877,-954432,0,0,None,None,None,0,0,0,0,0,0,-952555,-952555,None,USD,4373101,0,None,78827,420730,3952371,0,33750,2404,-107601523,None,0,34000,2565215,420730,None,None,None,611924,3727610,None,3952371,0,1083568,0,0,386980,0,0,2404,0,-107601523,0,None,33567,None,645491,None,None,None,None,None,None,None,111551490,4373101,2565215,None,24043846,USD,1523333,51460,1519212,0,None,0,None,178065,-952555,873612,-645600,178065,43852,0,0,0,34000,-1785,4121,33578,None,873612,1.4,1.29
14,2016-12-31,USD,277760,1667321,1620000,277760,-1385228,-1385228,257090,0,-1385228,0,1410231,4333,-1389561,0,0,None,None,None,0,0,0,0,29535,0,-1385228,-1385228,None,USD,5274196,0,None,256892,369270,4904926,0,339000,2404,-106648968,None,0,34000,1691603,369270,None,None,None,651655,4588974,None,4904926,1523333,1117146,0,0,369270,0,0,2404,0,-106648968,0,None,33567,None,685222,None,None,None,None,None,None,None,111551490,5274196,3214936,None,24043846,USD,-2713,-245235,-6373,0,None,3314292,None,-123427,-1385228,-1297059,-1290686,-193197,47020,0,0,0,-283035,548093,3660,-62139,None,-1297059,1.82,1.4
15,2016-09-30,USD,304772,870835,824000,304772,-559731,-559731,246755,0,-559731,0,624080,6332,-566063,0,0,None,None,None,0,0,0,0,0,0,-559731,-559731,None,USD,6837128,0,None,63695,614505,6222623,0,10000,2404,-105263740,None,0,34000,2988662,614505,None,None,None,695014,6108547,None,6222623,1520620,1535570,0,0,604505,0,0,2404,0,-105263740,0,None,33567,None,728581,None,None,None,None,None,None,None,111483959,6837128,4509282,None,24043846,USD,-1695,-97006,1268,6000,None,0,None,None,-559731,-801129,-802397,11294,46788,0,0,0,0,2,3037,-203744,None,-801129,2.59,1.82
16,2016-06-30,USD,244432,1369162,1321000,244432,-1116758,-1116758,503572,0,-1116758,0,865590,7972,-1124730,0,0,None,None,None,0,0,0,0,0,0,-1116758,-1116758,None,USD,7493865,0,None,80989,711511,6782354,0,20000,2404,-104704009,None,0,33000,3789791,711511,None,None,None,738767,6721531,None,6782354,1518925,1331826,0,0,691511,0,0,2404,0,-104704009,0,None,33567,None,772334,None,None,None,None,None,None,None,111483959,7493865,5308716,None,24043846,USD,-2573,145055,-6000,0,None,0,None,None,-1116758,-882021,-876021,4239,47281,0,0,0,0,1774,3427,42388,None,-882021,3.65,2.59
17,2016-03-31,USD,409133,1596724,1550000,409133,-1176693,-1176693,410217,0,-1176693,0,1186507,10898,-1187591,0,0,None,None,None,0,0,0,0,0,0,-1176693,-1176693,None,USD,8465568,0,None,79228,566456,7899112,0,30762,2404,-103587251,None,0,34000,4671812,566456,None,None,None,790395,7641606,None,7899112,1516352,1407781,0,0,535694,0,0,2404,0,-103587251,0,None,None,None,790395,None,None,None,None,None,None,None,111483959,8465568,6188164,None,24043846,USD,-2568,98244,-4159,0,None,0,None,None,-1176693,-1040498,-1036339,54237,47412,0,0,0,0,None,1591,-59539,None,-1040498,4.56,3.65
18,2015-12-31,USD,378744,2204850,2156000,378744,-1814872,-1814872,492071,0,-1814872,0,1712779,11234,-1826106,0,0,None,None,None,0,0,0,0,43319,0,-1814872,-1814872,None,USD,9544017,0,None,133465,468212,9075805,0,421000,2404,-102410558,None,0,34000,5712310,468212,None,None,None,836216,8674234,None,9075805,1513784,1314675,0,0,468212,0,0,2404,0,-102410558,0,None,33567,None,869783,None,None,None,None,None,None,None,111483959,9544017,7226094,None,24043846,USD,-2593,105907,-5835,0,None,13352,None,-12213,-1814871,-715525,-723042,-56215,48221,0,13352,0,-463743,865405,3242,128511,None,-715525,5.21,4.56
19,2015-09-30,USD,445846,1222571,1175000,445846,-767320,-767320,327448,0,-767320,0,895123,9405,-776725,0,0,None,None,None,0,0,0,0,0,0,-767320,-767320,None,USD,10698510,0,None,77250,362305,10336205,0,10000,2404,-100595687,None,0,34000,6427835,362305,None,None,None,881195,9783748,None,10336205,1511191,1801039,0,0,352305,0,0,2404,0,-100595687,0,None,None,None,881195,None,None,None,None,None,None,None,110929488,10698510,7939026,None,24040846,USD,1501203,-26511,1499056,0,None,44500,None,None,-767320,832916,-710640,17406,48008,0,44500,0,0,57967,2147,-40190,None,832916,5.07,5.21
