,fiscalDateEnding,reportedCurrency_x,totalRevenue,totalOperatingExpense,costOfRevenue,grossProfit,ebit,netIncome_x,researchAndDevelopment,effectOfAccountingCharges,incomeBeforeTax,minorityInterest,sellingGeneralAdministrative,otherNonOperatingIncome,operatingIncome,otherOperatingExpense,interestExpense,taxProvision,interestIncome,netInterestIncome,extraordinaryItems,nonRecurring,otherItems,incomeTaxExpense,totalOtherIncomeExpense,discontinuedOperations,netIncomeFromContinuingOperations,netIncomeApplicableToCommonShares,preferredStockAndOtherAdjustments,reportedCurrency_y,totalAssets,intangibleAssets,earningAssets,otherCurrentAssets,totalLiabilities,totalShareholderEquity,deferredLongTermLiabilities,otherCurrentLiabilities,commonStock,retainedEarnings,otherLiabilities,goodwill,otherAssets,cash,totalCurrentLiabilities,shortTermDebt,currentLongTermDebt,otherShareholderEquity,propertyPlantEquipment,totalCurrentAssets,longTermInvestments,netTangibleAssets,shortTermInvestments,netReceivables,longTermDebt,inventory,accountsPayable,totalPermanentEquity,additionalPaidInCapital,commonStockTotalEquity,preferredStockTotalEquity,retainedEarningsTotalEquity,treasuryStock,accumulatedAmortization,otherNonCurrrentAssets,deferredLongTermAssetCharges,totalNonCurrentAssets,capitalLeaseObligations,totalLongTermDebt,otherNonCurrentLiabilities,totalNonCurrentLiabilities,negativeGoodwill,warrants,preferredStockRedeemable,capitalSurplus,liabilitiesAndShareholderEquity,cashAndShortTermInvestments,accumulatedDepreciation,commonStockSharesOutstanding,reportedCurrency,investments,changeInLiabilities,cashflowFromInvestment,otherCashflowFromInvestment,netBorrowings,cashflowFromFinancing,otherCashflowFromFinancing,changeInOperatingActivities,netIncome_y,changeInCash,operatingCashflow,otherOperatingCashflow,depreciation,dividendPayout,stockSaleAndPurchase,changeInInventory,changeInAccountReceivables,changeInNetIncome,capitalExpenditures,changeInReceivables,changeInExchangeRate,changeInCashAndCashEquivalents,clossingVal,nextClossingVal
0,2020-06-30,USD,545964000,28240000,521349000,24615000,3667000,848000,None,None,2477000,None,28427000,7292000,-3625000,None,1190000,1629000,None,-1190000,None,-187000,None,-1629000,7479000,None,848000,848000,None,USD,1492212000,11346000,None,57537000,321719000,1170493000,7145000,20876000,5000,878493000,12384000,16080000,18847000,150950000,275013000,53640000,53640000,-1703000,602973000,799617000,31672000,1143067000,179780000,251177000,16471000,160173000,200497000,None,None,5000,None,878493000,-109145000,None,30524000,None,692595000,32340000,16471000,23090000,46706000,None,None,None,402843000,1492212000,330730000,None,39292154,USD,-179476000,-194070000,-201307000,187000,-192656000,-195771000,-3115000,-10644000,848000,-40645000,356433000,-9448000,9311000,None,None,46138000,502617000,1885000,22018000,502617000,None,-40645000,24.78,
1,2020-03-31,USD,474669000,27485000,367396000,107273000,80656000,76853000,None,None,78184000,None,27485000,868000,79788000,None,2472000,1331000,-2472000,-2472000,None,None,None,-1331000,868000,None,76853000,76853000,None,USD,1890339000,11665000,None,57390000,699416000,1190923000,7266000,25790000,5000,877645000,12293000,16080000,26154000,191550000,642520000,224113000,224113000,-2545000,592951000,1209769000,26154000,1163178000,None,754524000,16808000,206305000,392617000,None,None,5000,None,877645000,-106306000,None,33720000,None,680570000,42862000,16808000,32822000,56896000,None,None,None,422124000,1890339000,191550000,None,39021927,USD,-9030000,-14487000,-9030000,187000,42615000,41792000,-823000,-50657000,76853000,138161000,105399000,49133000,9190000,None,None,-44881000,104598000,1846000,9030000,104598000,None,138161000,20.53,24.78
2,2019-12-31,USD,1018169000,41647000,472612000,545557000,504439000,501511000,-518000,None,503085000,None,41570000,529000,503910000,None,1354000,579000,-1354000,-1354000,-995000,595000,None,-1719000,-66000,-995000,502506000,501511000,None,USD,1785349000,12018000,None,35473000,653443000,1131906000,6975000,24310000,5000,800792000,8480000,16080000,7310000,53436000,588420000,154121000,154121000,-1994000,584577000,1109260000,19205000,1103808000,0,858922000,26130000,161429000,409989000,None,None,5000,None,800792000,-105488000,None,63414000,None,676089000,46103000,26130000,31918000,65023000,None,None,None,438591000,1785349000,53436000,None,38967079,USD,-3305000,292121000,-14735000,187000,-27464000,-29421000,-1957000,15560000,501511000,-13715000,30441000,503513000,13265000,None,0,1714000,-778951000,-1221000,11430000,-778951000,None,-13715000,26.95,20.53
3,2019-09-30,USD,584372000,35907000,560296000,24076000,-11516000,-15946000,133000,None,-14382000,None,24629000,315000,-11831000,None,2866000,-629000,-2866000,-2866000,-2193000,11145000,None,629000,-10830000,-2193000,-13753000,-15946000,None,USD,1031526000,12405000,None,40631000,393908000,637618000,7238000,19415000,5000,299281000,8754000,16080000,6981000,67093000,246473000,104577000,104577000,-2640000,586305000,352190000,22747000,609133000,0,81015000,104847000,163451000,122481000,None,None,5000,None,299281000,-105463000,None,41799000,None,679336000,52295000,104847000,35350000,147435000,None,None,None,446435000,1031526000,67093000,None,38964276,USD,-1510000,-11370000,-14566000,187000,24328000,21409000,-2919000,-514000,-15946000,2626000,-4217000,-119372000,15431000,None,0,8082000,-5429000,9419000,13056000,-5429000,None,2626000,15.005,26.95
4,2019-06-30,USD,560643000,27509000,587415000,-26772000,-53988000,-62097000,176000,None,-57725000,None,26865000,293000,-54281000,None,3737000,-90000,-3737000,-3737000,-4462000,468000,None,90000,-175000,-4462000,-57635000,-62097000,None,USD,1037403000,12802000,None,40654000,384582000,652821000,7879000,23116000,5000,315227000,9441000,16080000,7210000,64597000,309110000,154178000,154178000,-1623000,591710000,351855000,21466000,623939000,0,75207000,30454000,171397000,131816000,None,None,5000,None,315227000,-105424000,None,43490000,None,685548000,54157000,30454000,37139000,75472000,None,None,None,444636000,1037403000,64597000,None,38958744,USD,16354000,8237000,9657000,3100000,-100885000,-104239000,-3354000,-9214000,-62097000,-61589000,32993000,-10452000,16014000,None,0,49364000,28718000,-1253000,9797000,28718000,None,-61589000,15.86,15.005
5,2019-03-31,USD,478209000,25354000,491001000,-12792000,-37598000,-43404000,209000,None,-41817000,None,25145000,548000,-38146000,None,4219000,-430000,-4219000,-4219000,-2017000,None,None,430000,548000,-2017000,-41387000,-43404000,None,USD,1186399000,13312000,None,36651000,473158000,713241000,7973000,30921000,5000,377324000,9565000,16080000,20677000,126062000,397205000,252951000,252951000,-2018000,588471000,505750000,20677000,683849000,17482000,104989000,31505000,220566000,113333000,None,None,5000,None,377324000,-114716000,None,42109000,None,680649000,52489000,31505000,36475000,75953000,None,None,None,452646000,1186399000,143544000,None,37618131,USD,33549000,-954000,25314000,33549000,86446000,80199000,-6247000,849000,-43404000,-412000,-105925000,6072000,14635000,None,0,-52009000,-30516000,-1766000,8235000,-30516000,None,-412000,21.96,15.86
6,2018-12-31,USD,515832000,14962000,454444000,61388000,36726000,19074000,-11298000,0,32771000,0,25381000,-9700000,46426000,0,3955000,None,None,None,-11312000,879000,0,2385000,-5818000,-11312000,30386000,25779000,None,USD,1107096000,13646000,None,44419000,341843000,765253000,8410000,300000,5000,427244000,12305000,16080000,8217000,126575000,294678000,163256000,149006000,-1656000,590723000,465377000,13053000,735527000,50932000,74551000,33421000,168900000,131122000,None,None,5000,None,427244000,-111767000,None,21270000,None,641719000,None,33421000,5334000,47165000,None,None,None,451427000,1107096000,177507000,None,37318942,USD,1159000,-20811000,-4681000,2697000,-58855000,-62393000,-3538000,849000,19074000,-30091000,36983000,26040000,9451000,None,-25048000,-27947000,-30516000,-8000,8537000,19872000,None,-29873000,25.7,21.96
7,2018-09-30,USD,597753000,27407000,546339000,51414000,29860000,25003000,4252000,0,25857000,0,23155000,5853000,24007000,0,4003000,None,None,None,0,0,0,854000,1850000,-2017000,25003000,24343000,None,USD,1141238000,27895000,None,37854000,359143000,782095000,8379000,1472000,5000,408170000,14645000,16080000,7983000,159632000,310097000,173855000,169485000,-1195000,592697000,484395000,20171000,738120000,52892000,92866000,34401000,141151000,134770000,None,None,5000,None,408170000,-111503000,None,None,None,656843000,None,34401000,6266000,49046000,None,None,None,486618000,1141238000,212524000,None,37299704,USD,-52878000,-15157000,-69389000,-7775000,-19541000,-23149000,-3608000,15401000,25003000,-65225000,27313000,7492000,10875000,None,None,506000,815000,-2221000,8736000,815000,82000,-65143000,28.8,25.7
8,2018-06-30,USD,580150000,26997000,522529000,57621000,42610000,33850000,2485000,0,37685000,0,24512000,11986000,30624000,0,4925000,None,None,None,0,0,0,3835000,7061000,-2017000,33850000,32956000,None,USD,1152770000,25944000,None,45294000,385982000,766788000,8430000,161000,5000,383167000,17943000,16080000,7275000,221775000,337033000,184590000,176746000,-826000,591265000,500053000,12153000,724764000,1915000,91248000,31006000,141736000,152282000,766788000,0,5000,0,383167000,-111090000,None,7275000,None,652717000,None,31006000,9513000,48949000,None,None,None,495532000,1152770000,221775000,None,37258737,USD,-52878000,-113000000,-11934000,424000,-142826000,-164988000,-4942000,-2607000,33850000,152964000,329886000,-2470000,10912000,0,-17220000,29266000,375047000,-3719000,12358000,375047000,-479000,152485000,17.85,28.8
9,2018-03-31,USD,689252000,38252000,439684000,249568000,217837000,214389000,6598000,0,213186000,0,31654000,6521000,211316000,0,4651000,None,None,None,0,0,0,-1203000,1870000,0,214389000,209238000,None,USD,1407054000,26537000,None,42225000,631546000,775508000,6913000,1740000,5000,349317000,19583000,16080000,7565000,69290000,398885000,119742000,14207000,997000,594722000,749957000,12193000,732891000,1902000,466509000,213078000,171933000,277403000,775508000,0,5000,0,349317000,-91869000,None,7565000,None,657097000,None,213078000,12670000,232661000,None,None,None,517058000,1407054000,69290000,None,38342069,USD,-52878000,154012000,-11193000,5629000,42674000,31325000,-3521000,10773000,214389000,-8516000,-28648000,5731000,10850000,0,-7828000,-35891000,-376072000,-1667000,16822000,-376072000,179000,-8337000,12.8,17.85
10,2017-12-31,USD,577264000,75252000,555874000,21390000,-45378000,-16983000,3553000,0,-50393000,0,21826000,8484000,-53862000,0,5015000,None,None,None,0,49873000,0,-33410000,-92045000,-12800000,-16983000,-16983000,None,USD,1005596000,27127000,None,51880000,438014000,567582000,8192000,2218000,5000,134928000,16351000,16080000,62497000,77627000,204935000,78922000,13397000,278000,587397000,355702000,12250000,524375000,2899000,90648000,208536000,135547000,123795000,567582000,0,5000,0,134928000,-83081000,None,7040000,None,649894000,None,208536000,16351000,233079000,None,None,None,515452000,1005596000,77627000,None,38837749,USD,-816000,-4458000,-13859000,5157000,-17374000,-21131000,-3757000,-16311000,-16983000,-34055000,935000,4692000,11327000,0,0,-9654000,74609000,18936000,19016000,-2925000,-560000,-34615000,11.8,12.8
11,2017-09-30,USD,626983000,29639000,612188000,14795000,-6763000,-11373000,3759000,0,-11488000,0,25880000,8081000,-14844000,0,4725000,None,None,None,0,299238000,0,-115000,40323000,0,-11373000,-11373000,None,USD,1078673000,27714000,None,65914000,525202000,553471000,22568000,221000,5000,151911000,71919000,16080000,66122000,112242000,227926000,103219000,103219000,-1094000,621165000,391386000,13101000,509677000,0,87723000,202789000,125507000,124486000,553471000,0,5000,0,151911000,-83005000,None,9227000,None,687287000,None,202789000,71919000,297276000,None,None,None,485654000,1078673000,112242000,None,38832605,USD,3000000,10057000,-13640000,2879000,25670000,21189000,-4481000,23682000,-11373000,23697000,16148000,14180000,10563000,0,0,10045000,77534000,3120000,16519000,-20444000,954000,24651000,12.15,11.8
12,2017-06-30,USD,535103000,25993000,504990000,30113000,-28370000,-34809000,3181000,0,-32849000,0,22812000,-32490000,4120000,0,4479000,None,None,None,0,-199492000,0,1960000,-31352000,0,-34809000,-34809000,None,USD,1060515000,28301000,None,89156000,498627000,561888000,23254000,402000,5000,163284000,84145000,16080000,66958000,87591000,198421000,85921000,85921000,-2570000,614884000,378673000,13020000,517507000,0,66920000,192807000,135006000,112098000,561888000,0,5000,0,163284000,-82462000,None,9557000,None,681842000,None,192807000,84145000,300206000,None,None,None,483631000,1060515000,87591000,None,38685306,USD,3000000,-25816000,-13128000,2273000,44632000,40934000,-3698000,-37904000,-34809000,4344000,-23462000,-5358000,10320000,0,0,35833000,97978000,4484000,15401000,-8116000,1012000,5356000,12.95,12.15
13,2017-03-31,USD,418893000,26505000,401610000,17283000,-10303000,-15914000,3598000,0,-14839000,0,22907000,-1081000,-9222000,0,4536000,None,None,None,0,49873000,0,1075000,-5617000,0,-15914000,-15914000,None,USD,1041087000,28886000,None,50039000,448453000,592634000,21311000,18942000,5000,198093000,73105000,16080000,72105000,82235000,160417000,39928000,39928000,-5200000,608267000,360715000,12946000,547668000,0,58631000,193620000,169810000,101547000,592634000,0,5000,0,198093000,-82207000,None,14193000,None,680372000,None,193620000,73105000,288036000,None,None,None,481943000,1041087000,82235000,None,38594266,USD,-816000,-44384000,-19243000,-1791000,-32970000,-36950000,-3980000,-13022000,-15914000,-34217000,21976000,-12850000,10201000,0,0,-24195000,106094000,3024000,16636000,106094000,242000,-33975000,10.45,12.95
14,2016-12-31,USD,552697000,57767000,478499000,74198000,20555000,12213000,5005000,0,16104000,185000,34869000,4124000,16431000,0,4451000,None,None,None,0,17893000,0,3706000,-7185000,-19128000,12398000,12025000,None,USD,1136603000,29470000,None,36272000,526429000,607343000,20279000,27246000,5000,214007000,76402000,16080000,74290000,116210000,233545000,68246000,15402000,-5751000,599474000,462839000,12110000,561793000,2897000,164949000,196203000,145408000,138053000,610174000,0,5000,0,214007000,-81824000,None,16630000,None,673764000,None,196203000,76402000,292884000,None,None,None,480906000,1136603000,116210000,None,38553413,USD,-3249000,46540000,-14982000,2914000,44126000,41449000,-2677000,14377000,20382000,30632000,4165000,9807000,10159000,0,0,-48069000,145068000,26011000,17896000,-60665000,-953000,29679000,9.7,10.45
15,2016-09-30,USD,624640000,22134000,569015000,47348000,26789000,23442000,4805000,0,22302000,63000,17329000,1575000,25214000,0,4487000,None,None,None,0,-20740000,0,-1203000,-11346000,0,23505000,23442000,None,USD,1020114000,29973000,None,45752000,429226000,588261000,17766000,1492000,5000,190978000,76567000,16080000,74044000,86531000,133009000,16703000,16703000,-2832000,610560000,335510000,12158000,542208000,0,105005000,201884000,98222000,114814000,590888000,0,5000,0,193810000,-81824000,None,15833000,None,684604000,None,201884000,76567000,296217000,None,None,None,479102000,1020114000,86531000,None,39000000,USD,3470000,5027000,-10263000,5079000,-45545000,-55019000,-3481000,27301000,15521000,12396000,71138000,20818000,9629000,0,-5605000,31758000,205733000,2411000,15342000,-7486000,57000,12453000,8.47,9.7
16,2016-06-30,USD,558301000,24280000,533439000,24862000,12749000,7016000,4427000,0,9011000,108000,19853000,12167000,582000,0,3738000,None,None,None,0,13175000,0,1887000,11814000,0,7124000,6867000,None,USD,1153490000,30301000,None,73069000,575191000,575709000,18779000,2090000,5000,178352000,82232000,16080000,176592000,74078000,167973000,56562000,56562000,-3598000,602409000,374489000,12181000,529328000,0,97493000,306207000,129849000,109321000,578299000,0,5000,0,178352000,-76219000,None,118030000,None,779001000,None,306207000,82232000,407218000,None,None,None,477169000,1153490000,74078000,None,39179201,USD,997000,-165606000,-11324000,1373000,138436000,91414000,-809000,-30341000,7606000,-89736000,-169826000,-44770000,9276000,0,-40996000,3549000,213219000,3891000,12697000,8591000,-238000,-89974000,8.83,8.47
17,2016-03-31,USD,297870000,20160000,272495000,25108000,4875000,1656000,3926000,0,1564000,30000,16234000,-73000,4948000,0,3311000,None,None,None,0,-3543000,0,-122000,-3384000,0,1656000,1632000,None,USD,1224357000,30624000,None,43273000,607551000,614140000,19020000,28192000,5000,168906000,50632000,16080000,176371000,164052000,286745000,11973000,11973000,-2430000,600530000,447456000,12180000,567436000,0,106350000,251154000,133781000,274772000,0,0,5000,0,171336000,-34579000,None,117487000,None,776901000,None,251154000,50632000,320806000,None,None,None,479808000,1224357000,164052000,None,44000000,USD,-3249000,7465000,-27196000,-9177000,-14104000,-19670000,-581000,-10817000,1656000,116420000,163286000,-14360000,9038000,0,-4873000,-45789000,204628000,618000,14770000,204628000,551000,116971000,9.44,8.83
18,2015-12-31,USD,387808000,202997000,281382000,106426000,-98344000,-95609000,5074000,0,-101619000,37000,22895000,-1773000,-96571000,0,3275000,None,None,None,0,175028000,0,-6047000,-181575000,-19128000,-95572000,-95609000,None,USD,1223620000,30941000,None,31882000,609610000,611280000,19186000,333000,4000,169680000,49202000,16080000,173452000,47081000,293971000,28355000,5206000,-4009000,574584000,475584000,8797000,564259000,3824000,310731000,247251000,85890000,265283000,0,0,4000,0,169680000,-28762000,None,117634000,None,748036000,None,247251000,49202000,315639000,None,None,None,474367000,1223620000,47081000,None,43837714,USD,5603000,159778000,5393000,3253000,-1363000,-5926000,-142000,9546000,-95572000,-19430000,-18897000,25289000,8460000,0,-4421000,-7179000,-20309000,173135000,3463000,-282808000,-306000,-18337000,9.29,9.44
19,2015-09-30,USD,394856000,21995000,390451000,4405000,-13800000,-15675000,3527000,0,-16721000,4000,18468000,3790000,-17590000,0,2921000,None,None,None,0,0,0,-1050000,-103000,0,-15671000,-15675000,None,USD,1172227000,31230000,None,50373000,458896000,709836000,16135000,28852000,4000,265300000,55855000,191477000,354050000,66817000,134660000,27119000,None,-3735000,563072000,255105000,10151000,487129000,7031000,51977000,252246000,78907000,107541000,0,0,4000,0,265300000,-24341000,None,121192000,None,917122000,None,252246000,55855000,324236000,None,None,None,472608000,1172227000,73848000,None,44283281,USD,23045000,17576000,-38726000,-28464000,-6347000,-14269000,-111000,None,-15671000,-4221000,48774000,-7987000,7677000,0,-7811000,35337000,262499000,-4397000,33307000,16239000,60000,-5314000,8.28,9.29
