,fiscalDateEnding,reportedCurrency_x,totalRevenue,totalOperatingExpense,costOfRevenue,grossProfit,ebit,netIncome_x,researchAndDevelopment,effectOfAccountingCharges,incomeBeforeTax,minorityInterest,sellingGeneralAdministrative,otherNonOperatingIncome,operatingIncome,otherOperatingExpense,interestExpense,taxProvision,interestIncome,netInterestIncome,extraordinaryItems,nonRecurring,otherItems,incomeTaxExpense,totalOtherIncomeExpense,discontinuedOperations,netIncomeFromContinuingOperations,netIncomeApplicableToCommonShares,preferredStockAndOtherAdjustments,reportedCurrency_y,totalAssets,intangibleAssets,earningAssets,otherCurrentAssets,totalLiabilities,totalShareholderEquity,deferredLongTermLiabilities,otherCurrentLiabilities,commonStock,retainedEarnings,otherLiabilities,goodwill,otherAssets,cash,totalCurrentLiabilities,shortTermDebt,currentLongTermDebt,otherShareholderEquity,propertyPlantEquipment,totalCurrentAssets,longTermInvestments,netTangibleAssets,shortTermInvestments,netReceivables,longTermDebt,inventory,accountsPayable,totalPermanentEquity,additionalPaidInCapital,commonStockTotalEquity,preferredStockTotalEquity,retainedEarningsTotalEquity,treasuryStock,accumulatedAmortization,otherNonCurrrentAssets,deferredLongTermAssetCharges,totalNonCurrentAssets,capitalLeaseObligations,totalLongTermDebt,otherNonCurrentLiabilities,totalNonCurrentLiabilities,negativeGoodwill,warrants,preferredStockRedeemable,capitalSurplus,liabilitiesAndShareholderEquity,cashAndShortTermInvestments,accumulatedDepreciation,commonStockSharesOutstanding,reportedCurrency,investments,changeInLiabilities,cashflowFromInvestment,otherCashflowFromInvestment,netBorrowings,cashflowFromFinancing,otherCashflowFromFinancing,changeInOperatingActivities,netIncome_y,changeInCash,operatingCashflow,otherOperatingCashflow,depreciation,dividendPayout,stockSaleAndPurchase,changeInInventory,changeInAccountReceivables,changeInNetIncome,capitalExpenditures,changeInReceivables,changeInExchangeRate,changeInCashAndCashEquivalents,clossingVal,nextClossingVal
0,2020-06-30,USD,1952000000,1020100000,275500000,1676500000,928600000,897300000,722000000,None,918900000,None,348300000,272200000,656400000,-50200000,9700000,21600000,None,-9700000,None,None,None,21600000,272200000,None,897300000,897300000,None,USD,14428700000,None,None,263800000,5371300000,9057500000,None,565300000,100000,8901700000,953000000,None,878900000,1992200000,3702400000,1500000000,1500000000,35500000,3031400000,7860200000,2587600000,9057400000,1152000000,2811300000,None,1640900000,1637100000,None,None,100000,None,8901700000,-6142900000,None,175500000,None,774000000,715900000,None,1278600000,1278600000,None,None,None,6263000000,14428700000,3144200000,None,None,USD,1583300000,111100000,1453400000,None,1500000000,-2612800000,-416500000,-36300000,897300000,-216000000,943400000,None,58800000,None,-3696300000,-162600000,None,46100000,129900000,None,None,-216000000,623.65,
1,2020-03-31,USD,1828200000,910800000,217300000,1610900000,674700000,624600000,583900000,None,668600000,None,367300000,-25400000,700100000,-40400000,6100000,44000000,-62900000,-6100000,None,None,None,44000000,-25400000,None,624600000,624600000,None,USD,15757500000,None,None,226600000,3624500000,12133100000,None,564200000,100000,8004400000,854100000,None,876800000,2208200000,2055200000,None,None,-9100000,2944600000,8644100000,3236400000,12133000000,1795200000,2933200000,None,1480900000,1491000000,None,None,100000,None,8004400000,-1073800000,None,161200000,None,771200000,715200000,715200000,1118800000,1118800000,None,None,None,5211400000,15757500000,4003400000,None,115000000,USD,-273100000,-11300000,-443200000,-273100000,1500000000,335600000,-155100000,70100000,624600000,590400000,698000000,None,56100000,None,490700000,-70800000,None,73400000,170100000,None,None,590400000,488.29,623.65
2,2019-12-31,USD,2169500000,1269900000,223900000,1945600000,896500000,792000000,683100000,None,889800000,None,586800000,220800000,675700000,-40400000,6700000,97800000,53200000,-6700000,None,None,None,97800000,220800000,None,792000000,792000000,None,USD,14805200000,None,None,387100000,3715500000,11089800000,None,591700000,100000,7379800000,889000000,None,913300000,1617800000,2096600000,None,None,21100000,2890400000,7689100000,3256800000,11089700000,1596500000,2672200000,None,1415500000,1504900000,None,None,100000,None,7379800000,-739900000,None,3035100000,None,824200000,713900000,713900000,1618900000,1618900000,None,None,None,4428600000,14805200000,3214300000,None,115000000,USD,-69700000,242800000,-208700000,-1598200000,1500000000,-345700000,-147500000,-151600000,792000000,233000000,787400000,None,54300000,None,-198200000,-108300000,-12200000,-4600000,139000000,None,None,233000000,375.48,488.29
3,2019-09-30,USD,2048400000,1083300000,226600000,1821800000,776300000,669600000,663400000,None,768500000,None,419900000,37800000,738500000,-40400000,7800000,98900000,7900000,-7800000,None,None,None,98900000,37800000,None,669600000,669600000,None,USD,13939300000,None,None,226900000,3434900000,10504500000,None,608700000,100000,6587800000,933400000,None,903100000,1384800000,1765400000,None,None,16500000,2771400000,7109100000,3112600000,10504400000,1493100000,2660000000,None,1344300000,1156700000,None,None,100000,None,6587800000,-488400000,None,137900000,None,808300000,712700000,712700000,1669500000,1669500000,None,None,None,4388400000,13939300000,2877900000,None,114000000,USD,-85300000,-15700000,-207000000,-1528500000,1500000000,-11000000,-40500000,-21300000,669600000,339300000,557300000,None,52900000,None,-11000000,-59000000,-204100000,-112300000,121700000,None,None,339300000,277.4,375.48
4,2019-06-30,USD,1933700000,1465600000,152500000,1781200000,232700000,193100000,1048300000,None,224700000,None,417300000,-82900000,315600000,-40400000,8000000,31600000,-124900000,-8000000,None,None,None,31600000,-82900000,None,193100000,193100000,None,USD,13173600000,None,None,208200000,3417700000,9756000000,None,592400000,100000,5918200000,969600000,None,915900000,1045500000,1713100000,None,None,15800000,2676600000,6651000000,2884600000,9755900000,1624200000,2455900000,None,1317200000,1120700000,None,None,100000,None,5918200000,-441800000,None,139800000,None,821600000,711300000,711300000,1704600000,1704600000,None,None,None,4263600000,13173600000,2669700000,None,115000000,USD,-741400000,104500000,-836000000,-1443200000,None,-15300000,-29800000,-26800000,193100000,-663000000,188300000,None,52100000,None,14500000,-109600000,-150700000,-4800000,94600000,None,None,-663000000,313.0,277.4
5,2019-03-31,USD,1711800000,1052600000,179200000,1532600000,553800000,461100000,641800000,None,546100000,None,410800000,73800000,480000000,None,7700000,85000000,35100000,-7700000,None,None,None,85000000,73800000,None,461100000,461100000,None,USD,12854800000,None,None,182200000,3410100000,9444800000,None,530700000,100000,5725100000,None,None,973600000,1708500000,1511400000,None,None,2800000,2612800000,6928600000,2339800000,9444700000,1523900000,2305200000,None,1208800000,980700000,None,None,100000,None,5725100000,-444200000,None,144300000,None,829300000,709900000,709900000,1898700000,1898700000,None,None,None,4160900000,12854800000,3232400000,None,116000000,USD,-701800000,None,-776100000,-701800000,None,119900000,-10700000,None,461100000,240800000,897000000,None,51000000,None,130600000,-58600000,-106100000,435900000,74300000,None,None,240800000,410.62,313.0
6,2018-12-31,USD,1927797000,1092567000,117172000,1810625000,683516000,820353000,601253000,0,676167000,0,491314000,-34542000,718058000,0,7349000,None,None,None,56100000,0,0,-144186000,-41891000,0,820353000,820353000,None,USD,11734500000,None,None,1998300000,2977200000,8757400000,None,1161000000,100000,5254300000,None,None,910600000,1467700000,1442800000,None,None,-12300000,2575800000,6447600000,None,8757300000,1342200000,3199300000,None,1151200000,990300000,None,None,100000,None,5254300000,-396400000,None,None,None,2575800000,None,708500000,825900000,825900000,None,None,None,3911600000,11734500000,2809900000,None,115000000,USD,-180445000,None,-265907000,-1079900000,None,-83034000,-110104000,None,820353000,379890000,728831000,None,148200000,None,27070000,None,None,-91522000,85462000,None,None,379890000,373.5,410.62
7,2018-09-30,USD,1663496000,926204000,110369000,1553127000,643355000,594655000,556972000,0,635861000,0,369232000,16432000,626923000,0,7494000,None,None,None,0,0,0,41206000,8938000,0,594655000,594655000,None,USD,10805613000,0,None,284807000,2937313000,7868300000,0,1788995000,112000,4433904000,812880000,0,2561584000,1087843000,1417230000,None,None,-10519000,2524446000,5719583000,1873569000,7868300000,1104309000,2202945000,707203000,1039679000,954285000,0,0,112000,0,4433904000,-396371000,None,125197000,None,562818000,None,None,194033000,194033000,None,None,None,3841174000,10805613000,2192152000,None,115000000,USD,-170462000,None,-286708000,-10000000,None,3714000,-45243000,None,594655000,169967000,452961000,None,0,0,48957000,281624000,228605000,-141694000,106246000,None,None,169967000,404.04,373.5
8,2018-06-30,USD,1608022000,894173000,91661000,1516361000,662992000,551412000,529289000,0,656074000,0,364884000,40804000,622188000,0,6918000,None,None,None,0,0,0,104662000,33886000,0,551412000,551412000,None,USD,9951980000,0,None,163599000,2765554000,7186426000,0,1732919000,112000,3839179000,728461000,0,2675449000,917876000,1331190000,None,None,-11612000,2461614000,4814917000,2044703000,7186426000,765642000,2039247000,705903000,928553000,842615000,0,0,112000,0,3839179000,-353852000,None,85669000,None,545077000,None,None,190020000,190020000,None,None,None,3712599000,9951980000,1683518000,None,115000000,USD,-372956000,None,-484973000,0,None,-11207000,-31853000,None,551412000,-101615000,394565000,None,0,0,20646000,182100000,64907000,-156847000,112017000,None,None,-101615000,344.99,404.04
9,2018-03-31,USD,1511485000,829356000,114898000,1396587000,591837000,477980000,498586000,0,585398000,0,330770000,24606000,567231000,0,6439000,None,None,None,0,0,0,107418000,18167000,0,477980000,477980000,None,USD,9372696000,0,None,1977436000,2805052000,6567644000,406778000,1354525000,112000,3287767000,834667000,0,2433237000,1019491000,1265740000,None,None,-15594000,2394727000,4544732000,None,6567644000,605461000,2555184000,704645000,820397000,873827000,0,0,112000,0,3287767000,-316240000,None,None,None,2394727000,None,None,169922000,576700000,None,None,None,3611599000,9372696000,1624952000,None,115000000,USD,-346037000,22058000,-425412000,0,None,13427000,None,68836000,477980000,206758000,618743000,None,0,0,13427000,88760000,30408000,140763000,79375000,None,None,206758000,344.36,344.99
10,2017-12-31,USD,1582447000,937896000,105740000,1476707000,560802000,173519000,527983000,0,554767000,0,409913000,21991000,538811000,0,6035000,None,None,None,0,0,0,381248000,-6759000,0,173519000,173519000,None,USD,8764286000,0,None,1711466000,2620208000,6144190000,629199000,1023858000,112000,2946733000,781272000,0,2070651000,812733000,1135483000,None,None,640000,2358605000,4335030000,None,6144078000,596847000,2558497000,703453000,726138000,815078000,0,0,112000,0,2946733000,-316240000,None,None,None,2358605000,None,None,152073000,781272000,None,None,None,3512833000,8764286000,1409580000,None,116000000,USD,-228083000,-136287000,-335746000,0,37075000,-210535000,-223856000,-113331000,173519000,20668000,566949000,None,0,0,13321000,314195000,362720000,393430000,107663000,None,None,20668000,375.96,344.36
11,2017-09-30,USD,1500673000,836515000,104232000,1396441000,571787000,388317000,529749000,0,565605000,0,306766000,11861000,559926000,0,6182000,None,None,None,0,0,0,177288000,30141000,0,388317000,388317000,None,USD,8701215000,0,None,1471064000,2649622000,6051593000,408786000,1297185000,111000,2773214000,808677000,0,2290944000,792065000,1138628000,None,None,23835000,2274529000,4135742000,None,6051593000,586879000,2935090000,702317000,641588000,818426000,0,0,111000,0,2773214000,-316240000,None,None,None,2274529000,None,None,125225000,534011000,None,None,None,3570673000,8701215000,1378944000,None,117000000,USD,-299231000,69863000,-358884000,0,None,-8196000,-46395000,48959000,388317000,47752000,414832000,None,0,0,38199000,235645000,359829000,26515000,59653000,None,None,47752000,447.12,375.96
12,2017-06-30,USD,1470116000,816883000,102921000,1367195000,531251000,387744000,509975000,0,525850000,0,306908000,-19061000,550312000,0,5401000,None,None,None,0,0,0,138106000,-26209000,0,387744000,387744000,None,USD,8106373000,0,None,1258011000,2585635000,5520738000,443904000,1309447000,111000,2384897000,855445000,0,1984620000,744313000,1029017000,None,None,2348000,2261702000,3860051000,None,5520738000,523537000,2764490000,701173000,554320000,716364000,0,0,111000,0,2384897000,-316240000,None,None,None,2261702000,None,None,115920000,559824000,None,None,None,3449622000,8106373000,1267850000,None,116000000,USD,-115560000,-357982000,-170409000,0,-7064000,133519000,-31437000,-56843000,387744000,-67460000,-30570000,None,0,0,172020000,151544000,232927000,-418314000,54849000,None,None,-67460000,491.14,447.12
13,2017-03-31,USD,1318991000,804281000,84168000,1234823000,439790000,248931000,507435000,0,432289000,0,296846000,9248000,430542000,0,7501000,None,None,None,0,0,0,183358000,1747000,0,248931000,248931000,None,USD,7817365000,0,None,1113750000,2951344000,4866021000,520191000,1263128000,110000,1997153000,942666000,0,1871073000,811773000,1308271000,7200000,7200000,-5884000,2277029000,3669263000,None,4866021000,495311000,2652926000,700407000,466576000,1061777000,0,0,110000,0,1997153000,-316240000,None,None,None,2277029000,None,None,106248000,626439000,None,None,None,3190882000,7817365000,1307084000,None,115000000,USD,-89682000,200095000,-140143000,0,44139000,60812000,-31437000,-20325000,248931000,276570000,355901000,None,0,0,16673000,69744000,137928000,106970000,50461000,None,None,276570000,387.51,491.14
14,2016-12-31,USD,1226827000,805143000,74681000,1152146000,348722000,268764000,479206000,0,341527000,0,325937000,1719000,347003000,0,7195000,None,None,None,0,0,0,72763000,-4005000,0,268764000,268764000,None,USD,6973466000,0,None,994788000,2524221000,4449355000,830772000,586694000,110000,1748222000,931157000,0,1709857000,535203000,1241495000,127274000,129557000,-12840000,2083421000,3180188000,None,4449245000,503481000,2457217000,351569000,399356000,879096000,0,0,110000,0,1748222000,-316240000,None,None,None,2083421000,None,None,100385000,931157000,None,None,None,3029993000,6973466000,1038684000,None,116000000,USD,-120901000,498250000,-271356000,0,-31171000,-491679000,-96228000,23543000,253115000,-385156000,377879000,None,0,0,-364286000,149776000,143827000,124764000,150455000,None,None,-385156000,367.09,387.51
15,2016-09-30,USD,1220122000,813092000,44228000,1175894000,365881000,264804000,543047000,0,365881000,0,270045000,3079000,362802000,0,496000,None,None,None,0,0,0,101077000,2451000,0,264804000,264804000,None,USD,6828019000,0,None,881712000,2336772000,4491247000,529791000,956365000,109000,1495107000,993359000,0,1454163000,920359000,961185000,127274000,127274000,-2899000,1872167000,3501689000,None,4491247000,488032000,2320129000,382228000,345620000,714916000,0,0,109000,0,1495107000,-316052000,None,None,None,1872167000,None,None,135700000,665491000,None,None,None,3314982000,6828019000,1408391000,None,116000000,USD,-287297000,189839000,-405853000,0,4445000,28675000,-1941000,-22229000,264804000,273851000,651029000,None,0,0,26171000,99706000,176079000,386225000,118556000,None,None,273851000,402.02,367.09
16,2016-06-30,USD,1212629000,851968000,69033000,1143596000,292256000,196218000,559930000,0,292256000,0,292038000,628000,291628000,0,1251000,None,None,None,0,0,0,96038000,-215000,0,196218000,196218000,None,USD,6204906000,0,None,685869000,2128400000,4076506000,549342000,699892000,109000,1230303000,815314000,0,1222758000,646508000,951563000,127274000,127274000,5204000,1772923000,3209225000,None,4076506000,398656000,2384877000,361523000,316073000,759643000,0,0,109000,0,1230303000,-316052000,None,None,None,1772923000,None,None,119523000,668865000,None,None,None,3156942000,6204906000,1045164000,None,116000000,USD,-187174000,5139000,-326010000,0,-11526000,-46844000,-59620000,17826000,211867000,42294000,415148000,None,0,0,24302000,72888000,284178000,203281000,138836000,None,None,42294000,349.23,402.02
17,2016-03-31,USD,1200849000,759789000,111752000,1089097000,330151000,165736000,470112000,0,330151000,0,289677000,843000,329308000,0,2640000,None,None,None,0,0,0,164415000,843000,0,165736000,165736000,None,USD,5904460000,0,None,670895000,2139378000,3765082000,565773000,719336000,109000,1018436000,857424000,0,1104690000,604214000,919724000,127274000,127274000,4364000,1666391000,3133379000,None,3765082000,244965000,2414701000,362230000,303294000,733276000,0,0,109000,0,1018436000,-307478000,None,None,None,1666391000,None,None,120993000,686766000,None,None,None,3049651000,5904460000,849179000,None,114000000,USD,60409000,194636000,-43685000,0,-2337000,-190543000,14607000,39260000,165736000,-204888000,29340000,None,0,0,-202813000,62263000,397428000,-136396000,104094000,None,None,-204888000,360.44,349.23
18,2015-12-31,USD,1098077000,756164000,110831000,987246000,230898000,154994000,461210000,0,227289000,0,294954000,-184000,231082000,0,3609000,None,None,None,0,0,0,72295000,-27686000,0,154994000,154994000,None,USD,5609132000,0,None,795663000,1954295000,3654945000,664679000,529969000,108000,852700000,780214000,0,1099917000,809102000,811162000,127274000,127274000,8572000,1594120000,2915095000,None,3654837000,236121000,1935548000,362919000,238578000,644112000,0,0,108000,0,852700000,-306069000,None,None,None,1594120000,None,None,115535000,780214000,None,None,None,3099526000,5609132000,1045223000,None,115000000,USD,54479000,912549000,-123300000,0,-20845000,-4008000,10902000,-79476000,154994000,154515000,281823000,None,0,0,5935000,111825000,491421000,126829000,177779000,None,None,154515000,542.87,360.44
19,2015-09-30,USD,1137422000,635917000,109083000,1028339000,395004000,210398000,425924000,0,393289000,0,209993000,2582000,392422000,0,1715000,None,None,None,0,0,0,182891000,17730000,0,210398000,210398000,None,USD,5182915000,0,None,770820000,1886048000,3296867000,599339000,600648000,108000,697706000,756191000,0,1032152000,654587000,734990000,None,None,7721000,1475123000,2675640000,None,3296867000,241055000,1850662000,30723000,190668000,577428000,0,0,108000,0,697706000,-288777000,None,None,None,1475123000,None,30723000,77910000,707972000,None,None,None,2880109000,5182915000,895642000,None,116000000,USD,-137072000,None,-283171000,0,-2381000,-345649000,21090000,None,210398000,264033000,892853000,None,0,0,-364358000,81459000,462943000,682455000,146099000,None,None,264033000,465.14,542.87
