,fiscalDateEnding,reportedCurrency_x,totalRevenue,totalOperatingExpense,costOfRevenue,grossProfit,ebit,netIncome_x,researchAndDevelopment,effectOfAccountingCharges,incomeBeforeTax,minorityInterest,sellingGeneralAdministrative,otherNonOperatingIncome,operatingIncome,otherOperatingExpense,interestExpense,taxProvision,interestIncome,netInterestIncome,extraordinaryItems,nonRecurring,otherItems,incomeTaxExpense,totalOtherIncomeExpense,discontinuedOperations,netIncomeFromContinuingOperations,netIncomeApplicableToCommonShares,preferredStockAndOtherAdjustments,reportedCurrency_y,totalAssets,intangibleAssets,earningAssets,otherCurrentAssets,totalLiabilities,totalShareholderEquity,deferredLongTermLiabilities,otherCurrentLiabilities,commonStock,retainedEarnings,otherLiabilities,goodwill,otherAssets,cash,totalCurrentLiabilities,shortTermDebt,currentLongTermDebt,otherShareholderEquity,propertyPlantEquipment,totalCurrentAssets,longTermInvestments,netTangibleAssets,shortTermInvestments,netReceivables,longTermDebt,inventory,accountsPayable,totalPermanentEquity,additionalPaidInCapital,commonStockTotalEquity,preferredStockTotalEquity,retainedEarningsTotalEquity,treasuryStock,accumulatedAmortization,otherNonCurrrentAssets,deferredLongTermAssetCharges,totalNonCurrentAssets,capitalLeaseObligations,totalLongTermDebt,otherNonCurrentLiabilities,totalNonCurrentLiabilities,negativeGoodwill,warrants,preferredStockRedeemable,capitalSurplus,liabilitiesAndShareholderEquity,cashAndShortTermInvestments,accumulatedDepreciation,commonStockSharesOutstanding,reportedCurrency,investments,changeInLiabilities,cashflowFromInvestment,otherCashflowFromInvestment,netBorrowings,cashflowFromFinancing,otherCashflowFromFinancing,changeInOperatingActivities,netIncome_y,changeInCash,operatingCashflow,otherOperatingCashflow,depreciation,dividendPayout,stockSaleAndPurchase,changeInInventory,changeInAccountReceivables,changeInNetIncome,capitalExpenditures,changeInReceivables,changeInExchangeRate,changeInCashAndCashEquivalents,clossingVal,nextClossingVal
0,2020-06-30,USD,11071918,2515923,7220332,3851586,2593793,1206578,None,None,1607590,None,527418,1258130,1335663,1988505,986203,401012,None,-986203,None,None,None,401012,1258130,None,1206578,1206578,None,USD,273340758,None,None,4795744,183089606,90251152,11604142,6030788,40737185,37446071,49855043,None,11888571,1201205,15070172,531698,None,-3518865,194049965,12545512,54856710,90251152,None,3296251,116346967,4453517,8507686,None,None,40737185,None,37446071,None,None,66745281,None,260795246,None,116346967,51672467,168019434,None,None,None,15586761,273340758,None,None,8147437,USD,-7152721,0,-7152721,-619109,4093130,2891730,None,-271402,1206578,-2603023,1657968,-271402,2047695,-1424192,222792,None,None,-1365595,6533612,None,None,-2603023,24.17,
1,2020-04-30,USD,None,None,None,None,None,None,None,None,None,None,None,None,None,527418,None,None,None,None,None,None,None,401012,None,None,None,1206578,None,USD,273340758,None,None,3594539,183089606,90251152,11604142,1349135,40737185,37446071,49855043,None,11888571,1201205,15070172,None,None,-3518865,194049965,12545512,54856710,90251152,None,3296251,116346967,4453517,4150305,None,None,None,None,None,None,None,284429,None,260795246,None,None,None,168019434,None,None,None,None,None,None,None,None,USD,None,0,-7152721,None,4093130,None,None,-271402,None,None,1657968,None,None,None,None,None,None,-1324903,0,None,None,None,24.87,24.17
2,2020-03-31,USD,22437731,2576089,12862026,9575705,8506101,5680316,None,None,7467808,None,587873,1506485,6999616,1988216,1038293,1787492,150300,-1038293,None,None,None,1787492,1506485,None,5680316,5680316,None,USD,270588176,None,None,8342866,180270829,90317347,11698969,7698076,40684725,37665741,49150132,None,12026302,3804228,17172195,461519,None,-3408856,189667211,16603503,52291160,90317347,None,5455204,112231649,2805433,9012600,None,None,40684725,None,37665741,None,None,64317462,None,253984673,None,112231649,50866985,163098634,None,None,None,15375737,270588176,3804230,None,8136945,USD,-5477605,0,-5477605,-891118,-1563317,-2080682,-8552,4143910,5680316,2791881,10350168,4143910,2047695,-1419236,901871,None,None,-1521753,4586487,None,None,2791881,28.93,24.87
3,2020-01-31,USD,None,None,None,None,None,None,None,None,None,None,None,None,None,587873,None,None,None,None,None,None,None,1787492,None,None,None,5680316,None,USD,270588176,None,None,4538638,180270829,90317347,11698969,3448310,40684725,37665741,49150132,None,12026302,3804228,17172195,None,None,-3408856,189667211,16603503,52291160,90317347,None,5455204,112231649,2805433,4146719,None,None,None,None,None,None,None,327333,None,253984673,None,None,None,163098634,None,None,None,None,None,None,None,None,USD,None,0,-5477605,None,-1554765,None,-8552,4143910,None,None,10350168,None,None,None,None,None,None,-1521753,0,None,None,None,25.32,28.93
4,2019-12-31,USD,19785453,2531742,12171732,7613721,6333708,4006936,None,None,5248523,None,543237,1251729,5081979,1988505,1085185,1241587,8900,-1085185,None,None,None,1241587,1251729,None,4006936,4006936,None,USD,268182613,None,None,4171213,68050699,86359135,13856458,8832713,40456585,33409617,50094432,None,12176460,1012347,17503920,87761,87761,-2209073,185391008,21239364,49375781,200131914,None,10084224,113772779,6983927,8583446,None,None,40456585,None,33409617,None,None,12176460,None,61552241,None,113772779,36690321,50546779,None,None,None,14702006,268182613,1012350,None,8091317,USD,-10875736,0,-10875736,-5026276,10383094,9438772,-62198,-3972358,4006936,-619001,817963,-3972358,2047695,-1339521,395199,None,None,-1264310,5849460,None,None,-619001,28.58,25.32
5,2019-10-31,USD,None,None,None,None,None,None,None,None,None,None,None,None,None,543237,None,None,None,None,None,None,None,1241587,None,None,None,4006936,None,USD,268182613,None,None,3029974,181823478,86359135,11807353,5657493,40456585,33409617,50094432,None,12176460,1012347,17503920,None,None,-2209073,185391008,21239364,49375781,86359135,None,10084224,113772779,6983927,4730021,None,None,None,None,None,None,None,369107,None,246943249,None,None,None,164319558,None,None,None,None,None,None,None,None,USD,None,0,-10875736,None,10445292,None,-62198,-3972358,None,None,817963,None,None,None,None,None,None,-1264310,0,None,None,None,29.17,28.58
6,2019-09-30,USD,9851869,9361167,7115707,2736162,3362322,455605,None,None,599465,None,507611,1092185,490702,507611,983422,143860,-1490,-983422,None,None,None,143860,1092185,None,455605,455605,None,USD,258353696,None,None,2255464,175257304,83096392,12178853,5025159,40366320,30821917,49506097,None,12590089,1631348,21633064,147556,147556,-2488917,182002956,16385192,47375459,83096392,None,3870211,103371358,7470189,4483233,None,None,40366320,None,30821917,None,None,411236,None,241968504,None,103371360,36527574,153624240,None,None,None,14397070,258353696,1631350,None,8000000,USD,-9533902,-2745377,-9533902,-20945690,12882473,11815718,-248,-2359409,455605,393003,-1888813,None,1779435,-1330738,1746660,1070896,-122165,32202,5237339,None,None,393003,29.24,29.17
7,2019-07-31,USD,None,None,None,None,None,None,None,None,None,None,None,None,None,507611,None,None,None,None,None,None,None,143860,None,None,None,455605,None,USD,258353696,None,None,2255464,175257304,83096392,12178853,5025159,40366320,30821917,49506097,None,12590089,1631348,21633064,None,None,-2488917,182002956,16385192,47375459,83096392,None,3870211,103371358,7470189,4483233,None,None,None,None,None,None,None,411236,None,241968504,None,None,None,153624240,None,None,None,None,None,None,None,None,USD,None,-2745377,-9533902,None,12882473,None,-248,-2359409,None,None,-1888813,None,None,None,None,None,None,32202,0,None,None,None,28.78,29.24
8,2019-06-30,USD,11682950,2400433,7645460,4037490,2408283,1138555,None,None,1482585,None,494958,771226,1637057,1905475,925698,344030,-148510,-925698,None,None,None,344030,771226,None,1138555,1138555,None,USD,244423038,None,None,2724038,69215297,84736935,12519978,12445938,40319785,31698604,45239493,None,9147678,1238345,23546484,82832,82832,-1460830,177816330,13256420,44202610,175207741,None,5307038,90470806,5225344,11017714,None,None,40319785,None,31698604,None,None,9147678,None,53350288,None,90470806,33148835,45668813,None,None,None,14179376,244423038,1238350,None,8063957,USD,-9017063,0,-9017063,-16649130,3580000,2634451,-32513,3513812,1138555,-729218,5653394,3513812,1940472,-1327450,1482430,1070896,-122165,-939445,5670982,None,None,-729218,30.52,28.78
9,2019-03-31,USD,25058750,19071476,12895580,8665294,8963840,4670090,None,None,6130720,None,556336,819884,6203480,1905475,892649,1460630,-194470,-892649,None,None,None,1460628,819884,None,4670090,4670090,None,USD,238008010,None,None,1717640,153033490,84974520,11953317,5460334,40216360,31890790,44746077,None,9372220,1967560,21382450,None,None,-1001020,173936238,18423000,36276548,171879482,None,11872960,86904970,2864840,5326625,None,None,40216360,None,31890788,None,None,515632,None,219585003,None,86904970,32792760,131651042,None,None,None,13868390,238008007,1967560,None,8000000,USD,-8445512,0,-24279040,-13303040,-2166798,15066070,-60340,7394053,7104250,1720150,10933120,7394053,3880950,-2559590,1068020,1070896,-122165,-771319,10976000,None,None,1956754,26.51,30.52
10,2018-12-31,USD,21216747,2413364,15539161,5677586,3953157,2434162,0,None,3136375,None,507889,688935,3264222,1905475,816782,None,None,None,None,None,None,702213,-127492,None,2434162,2434162,None,USD,234702791,None,None,3473806,64623640,80959740,12761997,8453192,40058250,28549876,45207562,None,9393699,10809,19416078,None,None,-954984,170032053,22329735,32947304,170079151,None,11715432,89119411,7129688,10962886,None,None,40058250,None,28549876,None,None,9393699,None,42341003,None,89119411,32445565,45207562,None,None,None,13306598,234702791,10809,None,8011650,USD,-10142766,0,-15833528,-10142517,18784781,17897100,-60343,-6061666,2434162,-236602,-2300174,-6061666,1940472,-1235798,348117,1070896,-122165,-613142,5691011,None,None,-236602,29.96,26.51
11,2018-09-30,USD,9971142,9226162,9226162,-10353322,1219035,684459,0,0,586893,0,355,474055,744980,446689,632142,None,None,None,0,0,0,-97566,-158087,0,684459,684459,None,USD,219560106,0,None,2842276,69655058,79583112,12585577,11563809,39973075,27438049,45563209,0,9334890,247411,24091849,None,None,-871668,165963628,15544602,28716986,149905048,0,3913830,70321936,8541085,12528040,0,0,39973075,0,27438049,0,None,9334890,None,38051876,None,70321936,32977632,45563209,None,None,None,13043656,219560106,247411,None,7994615,USD,-5785567,-25902,-12869936,-5672510,13255018,12272113,-990459,-2967793,684459,-953091,-355268,None,1792832,-1238266,255361,182000,-476161,6969164,7197426,None,None,-953091,26.71,29.96
12,2018-06-30,USD,11889570,10023347,10023347,1866223,2117522,1087355,0,0,1533930,0,355,251299,1866223,458142,583592,None,None,None,0,0,0,446575,-332293,0,1087355,1087355,None,USD,208755727,0,None,1801750,72271134,79430369,11631111,11282232,39928760,27758594,47716465,0,12275837,1200502,24554669,57054224,57054224,-1089595,161105263,13143064,22231563,136484593,0,4027904,57054224,6112908,13272437,0,0,39928760,0,27758594,0,None,12275837,None,34507400,None,57054224,36085354,47716465,None,None,None,12832610,208755727,1200502,None,7985752,USD,-1445836,0,-7444649,-1416771,1553322,588042,-32678,652965,1087355,-3646072,3210535,652965,1765779,-1232281,267001,182000,-476161,-295564,6027878,None,None,-3646072,29.18,26.71
13,2018-03-31,USD,24917973,19611255,19611255,11006709,5509546,3465929,0,0,4876360,0,355,202828,5306718,506857,633186,None,None,None,0,0,0,1410431,-430358,0,3465929,3465929,None,USD,198528906,0,None,1900230,63739364,79299226,11403992,2985993,39876960,27909201,24504000,0,24401000,4846574,16089641,55490316,55490316,-1104344,155594897,18532600,12172655,134789542,0,8769365,55490316,3016431,13103648,0,0,39876960,0,27909201,0,None,12228754,None,24401409,None,55490316,36245731,47649723,None,None,None,12617409,198528906,4846574,None,7975392,USD,-2571864,0,-8312606,-2553567,-14367377,217681,-32678,7572328,3465929,4512296,12607221,7572328,1765779,-1126087,15711145,182000,-476161,-196815,5759039,None,None,4512296,25.4,29.18
14,2017-12-31,USD,18756051,15080927,15080927,9073435,3807803,2059462,0,0,3195158,0,0,132679,3675124,466322,612645,None,None,None,0,0,0,1135696,-479966,0,2059462,2059462,None,USD,196281319,0,None,2673405,65186501,61301035,11488231,3836736,36255070,25679679,24080000,0,22490000,334278,17876580,54377,54377,-1161868,151909137,21881630,10227949,131094818,0,10895194,69793783,7978753,13985467,0,0,36255070,0,25679679,0,None,12262603,None,22490552,None,69793783,35821690,47309921,None,None,None,528154,196281319,334278,None,7251014,USD,-1232980,0,-5539387,-1232736,8526617,7762718,-32678,-5513739,2059462,264638,-1958693,-5513739,1765779,-1050408,286509,182000,-476161,-270195,4306651,None,None,264638,27.08,25.4
15,2017-09-30,USD,10172448,40522944,9405828,5954120,789049,159886,0,0,272096,0,0,22429,766620,-20794643,516953,None,None,None,0,0,0,112210,-1628054,0,159886,159886,None,USD,183135071,0,None,3400176,61782588,60040472,23076848,2527464,36204230,24746021,24340000,0,19521000,69640,14366232,61312011,61312011,-1202264,147927971,15685604,7535172,121352483,0,3492703,61312011,8723085,11838768,0,0,36204230,0,24746021,0,None,11986324,None,19521496,None,61312011,24339508,47416356,None,None,None,292485,183135071,69640,None,7240846,USD,-2759346,-1374713,-5251561,-953245,8219174,7327473,-161343,-428507,159886,-694176,-2770088,None,6378368,-1048710,157009,-462161,-191386,7200416,4298316,None,None,-694176,28.57,27.08
16,2017-06-30,USD,11435824,10107617,10107617,6634402,1431095,615562,0,0,958795,0,0,102888,1328207,32045080,472300,None,None,None,0,0,0,343233,0,0,615562,615562,None,USD,178534757,0,None,1273224,65778548,59671700,20615021,1934663,36157675,25636416,29439000,0,20443000,763816,15724775,53084509,53084509,-2304422,144967023,13125301,5822697,112756209,0,4659087,53084509,6429174,13790112,0,0,36157675,0,25636416,0,None,14619736,None,20442433,None,53084509,29438752,50053773,None,None,None,182031,178534757,763816,None,7231535,USD,-883064,0,-5933146,-878732,2979847,2043943,-1,2078049,615562,217715,4106918,2078049,1591090,-1047671,111767,0,0,-177783,5054414,None,None,217715,28.33,28.57
17,2017-03-31,USD,21900013,0,16310806,10829730,5672262,3225199,0,0,5202782,0,0,83055,5589207,-11040095,469480,None,None,None,0,0,0,1977583,0,0,3225199,3225199,None,USD,177065805,0,None,1643506,67015671,59953801,19227581,2534415,36122145,26069565,29236000,0,19913000,546101,18551673,None,None,-2319111,141531553,15621491,5348864,110050134,0,10316034,50096333,3115850,16017258,0,0,36122145,0,26069565,0,None,14563897,None,19912761,None,50096333,29236417,48463998,None,None,None,81202,177065805,546101,None,7224429,USD,-434289,-1374713,-7385019,-426210,-5372797,-6002091,None,9040324,3225199,370026,13757136,9040324,1596090,-1049248,419954,0,0,-104477,6958809,None,None,370026,22.0,28.33
18,2016-12-31,USD,18788585,0,14806310,9390905,4063103,2232218,0,0,3604582,0,0,80828,3982275,1575728,458521,None,None,None,0,0,0,1372364,0,0,2232218,2232218,None,USD,175961743,0,None,3051904,77545626,57280691,19951347,1906335,23998520,25900794,28837000,0,18728000,176075,28756950,14325376,14325376,-2362361,135780493,21453170,4184328,98416117,0,11370701,41135426,6854490,12525239,0,0,23998520,0,25900794,0,None,14543752,None,18728080,None,41135426,28837329,48788676,None,None,None,9743738,175961743,176075,None,4799704,USD,-485747,-1374713,-4922829,-484187,7259916,6568640,None,-5781253,2232218,-467177,-2112988,-5781253,1606090,-970244,278968,0,0,-170043,4438642,None,None,-467177,24.98,22.0
