,fiscalDateEnding,reportedCurrency_x,totalRevenue,totalOperatingExpense,costOfRevenue,grossProfit,ebit,netIncome_x,researchAndDevelopment,effectOfAccountingCharges,incomeBeforeTax,minorityInterest,sellingGeneralAdministrative,otherNonOperatingIncome,operatingIncome,otherOperatingExpense,interestExpense,taxProvision,interestIncome,netInterestIncome,extraordinaryItems,nonRecurring,otherItems,incomeTaxExpense,totalOtherIncomeExpense,discontinuedOperations,netIncomeFromContinuingOperations,netIncomeApplicableToCommonShares,preferredStockAndOtherAdjustments,reportedCurrency_y,totalAssets,intangibleAssets,earningAssets,otherCurrentAssets,totalLiabilities,totalShareholderEquity,deferredLongTermLiabilities,otherCurrentLiabilities,commonStock,retainedEarnings,otherLiabilities,goodwill,otherAssets,cash,totalCurrentLiabilities,shortTermDebt,currentLongTermDebt,otherShareholderEquity,propertyPlantEquipment,totalCurrentAssets,longTermInvestments,netTangibleAssets,shortTermInvestments,netReceivables,longTermDebt,inventory,accountsPayable,totalPermanentEquity,additionalPaidInCapital,commonStockTotalEquity,preferredStockTotalEquity,retainedEarningsTotalEquity,treasuryStock,accumulatedAmortization,otherNonCurrrentAssets,deferredLongTermAssetCharges,totalNonCurrentAssets,capitalLeaseObligations,totalLongTermDebt,otherNonCurrentLiabilities,totalNonCurrentLiabilities,negativeGoodwill,warrants,preferredStockRedeemable,capitalSurplus,liabilitiesAndShareholderEquity,cashAndShortTermInvestments,accumulatedDepreciation,commonStockSharesOutstanding,reportedCurrency,investments,changeInLiabilities,cashflowFromInvestment,otherCashflowFromInvestment,netBorrowings,cashflowFromFinancing,otherCashflowFromFinancing,changeInOperatingActivities,netIncome_y,changeInCash,operatingCashflow,otherOperatingCashflow,depreciation,dividendPayout,stockSaleAndPurchase,changeInInventory,changeInAccountReceivables,changeInNetIncome,capitalExpenditures,changeInReceivables,changeInExchangeRate,changeInCashAndCashEquivalents,clossingVal,nextClossingVal
0,2020-06-30,USD,87462000,-56400000,36863000,-36863000,19024000,15861000,4336000,None,16020000,None,26726000,-513000,19537000,-87462000,3004000,159000,None,-3004000,None,None,None,159000,-513000,None,15861000,15861000,None,USD,1442045000,204741000,None,7568000,342018000,1100027000,29948000,3970000,525000,31519000,33171000,468725000,5141000,560364000,44401000,None,None,-14113000,52451000,687157000,None,426561000,None,49296000,238183000,69929000,40431000,None,None,525000,None,31519000,None,None,24140000,None,4831000,30233000,238183000,29486000,297617000,None,None,None,1082096000,1442045000,560364000,None,52494884,USD,-4480000,2287000,-4480000,-1315000,None,3813000,None,-2764000,15861000,16068000,16735000,-1458000,9203000,None,3813000,-7773000,-3578000,2193000,3165000,-3578000,5730000,21798000,123.61,
1,2020-03-31,USD,76090000,-43888000,31982000,-31982000,13652000,9815000,4702000,None,10676000,None,27500000,1746000,11906000,-76090000,2976000,861000,-1612000,-2976000,None,None,None,861000,1746000,None,9815000,9815000,None,USD,1406481000,208526000,None,5819000,336723000,1069758000,29868000,3747000,523000,15658000,32374000,468382000,3134000,538566000,41853000,None,None,-20606000,50373000,651378000,None,392850000,None,45212000,235458000,61781000,38106000,None,None,523000,None,15658000,None,None,24918000,2904000,755103000,30785000,235458000,29544000,294870000,None,None,None,1074183000,1406481000,538566000,None,52278083,USD,-5037000,-5518000,-5037000,-911000,None,1589000,-10000,-3520000,9815000,6082000,9530000,1289000,9081000,None,1599000,-7191000,-2251000,4305000,4126000,-2251000,-4923000,1159000,96.54,123.61
2,2019-12-31,USD,69474000,-36015000,30121000,-30121000,7311000,3604000,5172000,None,4345000,None,28287000,1417000,5894000,-69474000,2966000,741000,-1258000,-2966000,None,None,None,741000,1417000,None,3604000,3604000,None,USD,1400113000,212552000,None,5917000,340345000,1059768000,29944000,3557000,521000,5843000,32270000,468413000,3158000,537407000,48313000,None,None,-15027000,48455000,641828000,None,378803000,None,43672000,232767000,54832000,44756000,None,None,521000,None,5843000,None,None,25945000,2920000,758285000,30552000,232767000,29321000,292032000,None,None,None,1068431000,1400113000,537407000,None,52078258,USD,-7111000,-3312000,-7111000,182134000,-89000,-180000,-200000,-3669000,3604000,10383000,17674000,1184000,8750000,None,109000,-4423000,-1122000,12993000,7091000,-1122000,4595000,14978000,92.5,96.54
3,2019-09-30,USD,69445000,-39389000,31425000,-31425000,4528000,1659000,5427000,None,1671000,None,24629000,-3436000,7964000,-69445000,2857000,12000,-959000,-2857000,None,None,None,12000,-3436000,None,1659000,1659000,None,USD,1378708000,216289000,None,4941000,333590000,1045118000,38059000,3044000,521000,2239000,38587000,468845000,4155000,522429000,38765000,None,None,-21794000,43034000,621540000,None,359984000,None,42591000,230182000,51579000,35721000,None,None,521000,None,2239000,None,None,25083000,3917000,757168000,29100000,230182000,26584000,294825000,None,None,None,1064152000,1378708000,522429000,None,52052581,USD,-6892000,14922000,-6892000,-1326000,163583000,294875000,-290000,15197000,1659000,309948000,21965000,-1095000,8370000,None,131582000,-754000,495000,-1632000,5566000,495000,-5336000,304612000,76.69,92.5
4,2019-06-30,USD,70692000,-41762000,30708000,-30708000,11362000,8095000,5231000,None,9619000,None,23699000,308000,11054000,-70692000,1743000,1524000,-738000,-1743000,None,None,None,1524000,308000,None,8095000,8095000,None,USD,1068267000,220481000,None,713345000,189299000,878968000,27690000,3287000,481000,580000,28177000,469510000,4156000,217817000,140913000,105704000,105704000,-15053000,38125000,316494000,None,878968000,None,47705000,None,51275000,31922000,None,None,481000,None,580000,None,None,239000,None,38125000,23496000,None,20696000,48386000,None,None,None,892960000,1068267000,217817000,None,48086422,USD,-187477000,4560000,-187477000,-183718000,-17000,190128000,None,3375000,8095000,20440000,17789000,-580000,5964000,None,190145000,-2659000,-623000,3032000,3759000,-623000,1242000,21682000,85.95,76.69
5,2019-03-31,USD,60634000,-38016000,26845000,-26845000,12242000,8053000,3620000,None,10516000,None,18998000,1071000,11171000,-60634000,1726000,2463000,-1013000,-1726000,None,None,None,2463000,1071000,None,8053000,8053000,None,USD,797921000,132648000,None,478888000,172896000,625025000,None,20188000,441000,-7515000,25530000,326395000,4090000,196135000,130278000,104595000,104595000,-13784000,34526000,284077000,None,625025000,None,43279000,17088000,44920000,48113000,None,None,441000,None,-7515000,None,None,173000,None,34699000,20188000,None,433000,42618000,None,None,None,645883000,797921000,196135000,None,44073998,USD,-3828000,-2431000,-3828000,-1740000,-17000,44000,None,-1702000,8053000,6004000,9788000,2761000,5320000,None,44000,-1478000,-6580000,4143000,2088000,-6580000,-3691000,2313000,59.08,85.95
6,2018-12-31,USD,51942000,-76275000,23592000,-68422000,8571000,5637000,3152000,0,6870000,0,17345000,718000,7853000,-96772000,1701000,None,None,None,0,0,0,1233000,-982000,0,5637000,5637000,None,USD,774621000,135438000,None,466074000,159053000,615568000,None,2860000,439000,-15568000,29211000,326735000,4529000,193822000,129842000,103488000,103488000,-11893000,32180000,275739000,None,615568000,None,40282000,None,42263000,55565000,None,None,439000,None,-15568000,None,None,None,None,32180000,None,None,None,None,None,None,None,642590000,774621000,193822000,None,43917378,USD,None,-1997000,-5457000,-3402000,-17000,1044000,None,256000,5638000,1142000,5555000,-1586000,5091000,None,1044000,763000,-7113000,2008000,2055000,-4362000,2376000,3518000,52.74,59.08
7,2018-09-30,USD,49529000,-30069000,22183000,-22183000,8310000,4794000,3601000,0,6623000,0,15859000,424000,7886000,-49529000,1687000,None,None,None,0,0,0,1829000,-1263000,0,4794000,4794000,None,USD,762125000,136534000,None,3830000,155638000,606487000,21120000,6286000,439000,-21206000,25792000,326977000,2007000,190304000,129846000,102400000,102400000,-11773000,29359000,267248000,None,142976000,0,30830000,0,42284000,27446000,0,0,439000,0,-21206000,0,None,2007000,None,494877000,None,None,4672000,25792000,None,None,None,639027000,762125000,190304000,None,43853389,USD,None,7014000,-4168000,0,-17000,884000,None,1350000,4794000,16396000,19680000,-1400000,4952000,0,884000,-1709000,3205000,3033000,4168000,2996000,-1703000,14693000,55.46,52.74
8,2018-06-30,USD,47731000,-25361000,21088000,-21088000,5036000,2738000,5780000,0,3367000,0,16590000,763000,4273000,-47731000,1669000,None,None,None,0,0,0,629000,-906000,0,2738000,2738000,None,USD,745081000,139182000,None,4620000,146422000,598659000,20643000,2112000,438000,-26000000,25303000,327095000,1902000,175611000,121119000,101329000,101329000,-11143000,23993000,252909000,None,132382000,0,31730000,0,40948000,19790000,0,0,438000,0,-26000000,0,None,1902000,None,492172000,None,None,4660000,25303000,None,None,None,635364000,745081000,175611000,None,43798572,USD,None,749000,-2848000,0,None,1146000,None,56000,2737000,4261000,5963000,223000,4987000,0,1146000,-1908000,-3259000,2501000,2848000,-3326000,-2526000,1735000,47.04,55.46
9,2018-03-31,USD,44830000,19186000,19668000,25162000,6228000,3448000,3288000,0,4576000,0,15898000,252000,5976000,0,1652000,None,None,None,0,0,0,1128000,-2055000,0,3448000,3448000,None,USD,743248000,142273000,None,4939000,146065000,597183000,20858000,3596000,437000,-28737000,25468000,327989000,1990000,173876000,20321000,100276000,100276000,-6112000,22674000,248322000,None,126921000,0,29383000,100276000,40124000,20321000,0,0,437000,0,-28737000,0,None,1990000,None,494926000,None,100276000,4610000,125744000,None,None,None,631595000,743248000,173876000,None,43692303,USD,None,-5392000,-1564000,0,-11000,333000,None,-5323000,3448000,341000,1572000,-1608000,4996000,0,344000,-1188000,-1529000,2718000,1564000,-1402000,-224000,117000,36.18,47.04
10,2017-12-31,USD,41611000,19213000,19136000,22475000,3186000,12178000,3069000,0,1549000,0,16144000,-76000,3262000,0,1637000,None,None,None,0,0,0,-10629000,-10573000,0,12178000,12178000,None,USD,743519000,144753000,None,2281000,151971000,591548000,25167000,16261000,436000,-31508000,2343000,327333000,478320000,173759000,25211000,99250000,99250000,-6363000,22417000,242782000,None,119462000,0,27738000,99250000,39004000,25211000,0,0,436000,0,-31508000,0,None,6234000,None,500737000,None,99250000,2343000,126760000,None,None,None,628983000,743519000,173759000,None,43587079,USD,1000,5355000,-1171000,596000,None,303000,-13000,-2686000,12178000,14350000,15218000,310000,5152000,0,316000,-94000,-6244000,-9715000,1768000,2032000,-257000,14093000,36.28,36.18
11,2017-09-30,USD,36580000,16999000,19987000,16593000,-404000,4669000,2001000,0,-2022000,0,14998000,2000,-406000,0,1618000,None,None,None,0,0,0,-6691000,0,0,4669000,4669000,None,USD,734236000,147416000,None,2789000,157367000,576869000,37347000,13202000,436000,-43686000,1573000,326652000,480985000,159666000,118447000,98231000,98231000,-6647000,22056000,231195000,None,102801000,0,30077000,0,38663000,20216000,0,0,436000,0,-43686000,0,None,6917000,None,503041000,None,None,1573000,38920000,None,None,None,626766000,734236000,159666000,None,43559081,USD,2744000,-3454000,-111207000,-112941000,-11000,129814000,-25000,-2441000,4669000,16879000,-1728000,-538000,4098000,0,129839000,1512000,8472000,-5860000,1010000,-2155000,580000,17459000,38.32,36.28
12,2017-06-30,USD,32455000,13045000,13937000,18518000,5255000,8438000,1860000,0,3654000,0,11185000,-218000,5473000,0,1601000,None,None,None,0,0,0,-4784000,0,0,8438000,8438000,None,USD,308763000,29013000,None,2260000,117820000,190943000,2457000,9029000,341000,-48355000,1616000,60979000,96822000,142207000,16519000,97228000,97228000,-8671000,15996000,195945000,None,100951000,2744000,22649000,97228000,26085000,16519000,0,0,341000,0,-48355000,0,None,6830000,None,112818000,None,97228000,1616000,101301000,None,None,None,247628000,308763000,144951000,None,34118994,USD,9436000,2196000,8055000,0,-11000,158000,-14000,-1009000,8438000,11027000,2814000,-1067000,2682000,0,172000,-1664000,6347000,-3893000,1381000,-3878000,1517000,12544000,41.44,38.32
13,2017-03-31,USD,30590000,10924000,13990000,16600000,5652000,3068000,1742000,0,4067000,0,9182000,-24000,5676000,0,1585000,None,None,None,0,0,0,999000,0,0,3068000,3068000,None,USD,290628000,29222000,None,1620000,113837000,176791000,2188000,7512000,341000,-56793000,1656000,59784000,89456000,129663000,13751000,96242000,96242000,-12718000,15373000,185799000,None,87785000,12180000,18379000,96242000,23957000,13751000,0,0,341000,0,-56793000,0,None,450000,None,104829000,None,96242000,1656000,100086000,None,None,None,245961000,290628000,141843000,None,34076544,USD,7372000,-4672000,6077000,0,None,-330000,-1663000,34000,3068000,6894000,1147000,-9000,2552000,0,1333000,851000,2415000,1600000,1295000,-2243000,536000,7430000,35.2,41.44
14,2016-12-31,USD,25600000,10533000,12162000,13438000,3136000,5029000,2040000,0,1566000,0,8493000,231000,2905000,0,1570000,None,None,None,0,0,0,-3463000,-9797000,0,5029000,5029000,None,USD,288913000,29806000,None,1644000,120149000,168764000,0,14322000,338000,-59861000,1699000,59548000,89804000,122233000,21075000,95272000,95272000,-13749000,14956000,184153000,None,79410000,19547000,16033000,95272000,24696000,21075000,0,0,338000,0,-59861000,0,None,450000,None,104760000,None,95272000,3802000,99074000,None,None,None,242036000,288913000,141780000,None,33844074,USD,1394000,-1533000,-35316000,-35847000,111070000,-89000,-300000,-3666000,5030000,-33451000,1954000,-400000,2444000,0,211000,294000,-3874000,-3257000,863000,-624000,-1967000,-35418000,30.82,35.2
15,2016-09-30,USD,24677000,9688000,11242000,13435000,3769000,1155000,1886000,0,2214000,0,7802000,22000,3747000,0,1555000,None,None,None,0,0,0,1059000,0,0,1155000,1155000,None,USD,285050000,18671000,None,1279000,118528000,166522000,2124000,14382000,338000,-64891000,1894000,31161000,50282000,157651000,20192000,None,None,-9496000,14935000,219833000,None,116690000,21060000,15380000,94318000,24463000,20192000,0,0,338000,0,-64891000,0,None,450000,None,65217000,None,94318000,1894000,98336000,None,None,None,240571000,285050000,178711000,None,33822962,USD,-11842000,-1579000,-13898000,0,-253000,419000,-300000,27000,1155000,-14665000,-1186000,45000,2317000,0,672000,-1364000,3270000,2064000,2056000,-3824000,-306000,-14971000,30.19,30.82
16,2016-06-30,USD,29170000,10667000,12644000,16526000,6010000,3872000,1890000,0,5372000,0,8777000,151000,5859000,0,638000,None,None,None,0,0,0,1500000,0,0,3872000,3872000,None,USD,282310000,19186000,None,1304000,118586000,163724000,1978000,13205000,337000,-66046000,1878000,31026000,50662000,172622000,21350000,None,None,-9184000,13707000,217941000,None,113512000,9181000,11637000,93380000,23197000,21350000,0,0,337000,0,-66046000,0,None,450000,None,64369000,None,93380000,1878000,97236000,None,None,None,238617000,282310000,181803000,None,33691278,USD,8517000,3149000,-1180000,-8722000,111323000,111460000,None,None,3871000,120844000,10564000,-124000,1697000,0,137000,-2001000,574000,2000000,975000,1972000,-1435000,119409000,27.36,30.19
17,2016-03-31,USD,25094000,10562000,11069000,14025000,2545000,1625000,1539000,0,2540000,0,9023000,-918000,3463000,0,5000,None,None,None,0,0,0,915000,0,0,1625000,1625000,None,USD,147324000,12455000,None,1327000,18438000,128886000,0,10668000,331000,-69917000,2617000,14346000,28468000,53213000,15821000,None,None,-6670000,13611000,105245000,1217000,102085000,16482000,12905000,0,21318000,15821000,0,0,331000,0,-69917000,0,None,450000,None,42079000,None,None,2617000,2617000,None,None,None,205142000,147324000,69695000,None,33097903,USD,1631000,-5877000,1200000,0,None,323000,-498000,None,1625000,-2288000,-3811000,851000,1150000,0,821000,-3092000,1149000,2930000,431000,-1398000,1409000,-879000,26.82,27.36
18,2015-12-31,USD,21449457,9873119,10147949,11301508,1201310,264956,1430850,0,1194139,0,8442269,-227079,1428389,0,7171,None,None,None,0,0,0,929183,-4424000,0,264956,264956,None,USD,146237000,12755000,None,2098000,23489000,122748000,0,11891000,329000,-71542000,4708000,14346000,29184000,54092000,18781000,None,None,-8566000,13801000,103252000,1633000,95647000,17682000,11382000,0,17998000,18781000,0,0,329000,0,-71542000,0,None,450000,None,42985000,None,None,4708000,4708000,None,None,None,202527000,146237000,71774000,None,32949353,USD,3245000,1096000,2672000,450000,111070000,-61000,-99000,246000,265000,5963000,3352000,1379000,1145000,0,-61000,-2098000,-3571000,2552000,573000,-987000,45000,6008000,28.29,26.82
19,2015-09-30,USD,19814000,7682000,8444000,11370000,3687000,2538000,1490000,0,3679000,0,6192000,-1000,3688000,0,8000,None,None,None,0,0,0,1141000,0,0,2538000,2538000,None,USD,139853000,13154000,None,1123000,18402000,121451000,0,11169000,329000,-71807000,2693000,14346000,29601000,48084000,15709000,None,None,-8728000,13973000,96279000,1651000,93951000,20790000,10383000,0,15899000,15709000,0,0,329000,0,-71807000,0,None,450000,None,43574000,None,None,2693000,2693000,None,None,None,201657000,139853000,68874000,-15748000,32943553,USD,1934203,-699820,1615898,0,None,241339,None,None,2537956,8445203,6587966,-522580,1153431,0,241339,-1670871,2767000,1236981,318305,4552870,-373227,8071976,27.85,28.29
