,fiscalDateEnding,reportedCurrency_x,totalRevenue,totalOperatingExpense,costOfRevenue,grossProfit,ebit,netIncome_x,researchAndDevelopment,effectOfAccountingCharges,incomeBeforeTax,minorityInterest,sellingGeneralAdministrative,otherNonOperatingIncome,operatingIncome,otherOperatingExpense,interestExpense,taxProvision,interestIncome,netInterestIncome,extraordinaryItems,nonRecurring,otherItems,incomeTaxExpense,totalOtherIncomeExpense,discontinuedOperations,netIncomeFromContinuingOperations,netIncomeApplicableToCommonShares,preferredStockAndOtherAdjustments,reportedCurrency_y,totalAssets,intangibleAssets,earningAssets,otherCurrentAssets,totalLiabilities,totalShareholderEquity,deferredLongTermLiabilities,otherCurrentLiabilities,commonStock,retainedEarnings,otherLiabilities,goodwill,otherAssets,cash,totalCurrentLiabilities,shortTermDebt,currentLongTermDebt,otherShareholderEquity,propertyPlantEquipment,totalCurrentAssets,longTermInvestments,netTangibleAssets,shortTermInvestments,netReceivables,longTermDebt,inventory,accountsPayable,totalPermanentEquity,additionalPaidInCapital,commonStockTotalEquity,preferredStockTotalEquity,retainedEarningsTotalEquity,treasuryStock,accumulatedAmortization,otherNonCurrrentAssets,deferredLongTermAssetCharges,totalNonCurrentAssets,capitalLeaseObligations,totalLongTermDebt,otherNonCurrentLiabilities,totalNonCurrentLiabilities,negativeGoodwill,warrants,preferredStockRedeemable,capitalSurplus,liabilitiesAndShareholderEquity,cashAndShortTermInvestments,accumulatedDepreciation,commonStockSharesOutstanding,reportedCurrency,investments,changeInLiabilities,cashflowFromInvestment,otherCashflowFromInvestment,netBorrowings,cashflowFromFinancing,otherCashflowFromFinancing,changeInOperatingActivities,netIncome_y,changeInCash,operatingCashflow,otherOperatingCashflow,depreciation,dividendPayout,stockSaleAndPurchase,changeInInventory,changeInAccountReceivables,changeInNetIncome,capitalExpenditures,changeInReceivables,changeInExchangeRate,changeInCashAndCashEquivalents,clossingVal,nextClossingVal
0,2020-06-30,USD,16566000,58399000,4684000,11882000,-39701000,-33762000,38111000,None,-34262000,None,15554000,None,-41833000,50000,None,-500000,1849000,1849000,None,None,None,-500000,5722000,None,-33762000,-33762000,None,USD,449738000,None,None,7271000,51877000,397861000,None,None,4000,-251622000,4589000,None,8171000,94222000,40203000,None,None,750000,41331000,329082000,70054000,397861000,174964000,42876000,None,None,10901000,None,None,None,None,None,None,None,5653000,None,120656000,10098000,None,582000,11674000,None,None,None,None,None,None,None,None,USD,44482000,1015000,44482000,None,None,1825000,None,2715000,-33762000,24811000,-21496000,None,2132000,None,None,None,3033000,3371000,3278000,None,None,None,36.83,
1,2020-03-31,USD,17644000,55344000,3409000,14235000,-35706000,-40038000,37035000,None,-40038000,None,14833000,None,-37700000,67000,None,0,848000,848000,None,None,None,None,-3186000,None,-40038000,-40038000,None,USD,463936000,None,None,7032000,43784000,420152000,None,None,4000,-217860000,4005000,None,8553000,69411000,31789000,None,None,-580000,39789000,338233000,77361000,420152000,209846000,44522000,None,None,9008000,None,None,None,None,None,None,None,4180000,None,125703000,10444000,None,672000,11995000,None,None,None,638588000,None,279257000,None,37000000,USD,32709000,3063000,32709000,37339000,None,2761000,None,-7192000,-40038000,-103000,-35573000,None,1994000,None,2761000,None,-5744000,12344000,4630000,None,None,None,32.38,36.83
2,2019-12-31,USD,11768000,52092000,3791000,7977000,-38401000,-26464000,33807000,None,-28855000,None,14450000,None,-40324000,44000,None,-2391000,860000,860000,None,None,None,-2391000,10609000,None,-26464000,-26464000,None,USD,497908000,None,None,4199000,47711000,450197000,None,1328000,4000,-177822000,5161000,None,10040000,69514000,33676000,None,None,205000,39051000,345032000,103785000,450197000,226696000,38148000,None,None,6409000,None,None,None,None,None,None,None,5885000,None,152876000,11295000,None,1828000,14035000,None,None,None,627810000,None,296210000,None,37000000,USD,14154000,-3811000,14154000,105279000,None,1549000,None,3288000,-26464000,-9803000,-25506000,None,1923000,None,8376000,None,2077000,-2519000,1031000,None,None,None,40.97,32.38
3,2019-09-30,USD,14700000,50596000,2494000,12206000,-34030000,-34584000,35692000,None,-34749000,None,12402000,None,-35896000,8000,None,-165000,716000,716000,None,None,None,-165000,431000,None,-34584000,-34584000,None,USD,509237000,None,None,2414000,40842000,468395000,None,857000,4000,-151358000,5177000,None,29409000,79594000,31345000,None,None,363000,34192000,360228000,85408000,468395000,252125000,19175000,None,None,9608000,None,None,None,None,None,None,None,5064000,None,149009000,6826000,None,1844000,9497000,None,None,None,619386000,None,331719000,None,37000000,USD,52272000,3565000,52272000,90094000,None,1333000,None,1000000,-34584000,24452000,-29153000,None,1866000,None,6827000,None,-9280000,8280000,2679000,None,None,None,35.6,40.97
4,2019-06-30,USD,7881000,44753000,1927000,5954000,-35123000,-1457000,29483000,None,-1586000,None,13405000,None,-36872000,-62000,None,-129000,762000,762000,None,None,None,-129000,34524000,None,-1457000,-1457000,None,USD,529139000,None,None,2281000,34547000,494592000,None,961000,4000,-116774000,5232000,None,28219000,55142000,24661000,None,None,471000,33234000,359492000,108194000,494592000,286354000,9679000,None,None,5851000,None,None,None,None,None,None,None,4264000,None,169647000,6930000,None,1899000,9886000,None,None,None,610891000,None,341496000,None,37000000,USD,21672000,858000,21672000,35143000,None,1367000,None,2735000,-1457000,-710000,-23749000,None,1749000,None,5494000,None,-2010000,-25624000,5555000,None,None,None,51.37,35.6
5,2019-03-31,USD,884000,36790000,29000,855000,-34292000,-32228000,25203000,None,-32298000,None,11558000,None,-35906000,-62000,None,-70000,3608000,613000,None,None,None,-70000,2995000,None,-32228000,-32228000,None,USD,519031000,None,None,3995000,31978000,487053000,None,1925000,4000,-115317000,5105000,None,3308000,55852000,21390000,2397000,2397000,-59000,29998000,303884000,159083000,487053000,229373000,8372000,5483000,None,4204000,None,None,None,None,None,None,None,3308000,None,215147000,7880000,None,1772000,10588000,None,None,None,602425000,None,285225000,None,36000000,USD,5461000,316000,5461000,7916000,None,4127000,None,-4654000,-32228000,-19709000,-29297000,None,1614000,None,4127000,None,591000,5064000,2455000,None,None,None,57.31,51.37
6,2018-12-31,USD,40777000,38327000,27172000,13605000,2450000,4306000,83873000,0,5927000,0,11144000,None,2450000,11000,0,None,None,None,0,0,0,1621000,3477000,0,4306000,4306000,None,USD,543814000,None,None,3081000,34966000,508848000,None,3164000,4000,-83016000,6936000,None,25980000,75561000,22176000,None,None,-720000,28702000,337913000,151219000,508848000,244200000,9337000,None,None,4412000,None,None,None,None,None,None,None,None,None,None,None,5854000,None,None,None,None,None,592580000,None,319761000,None,37000000,USD,-62293000,2959000,-67182000,-266080000,None,5288000,-157000,6879000,4306000,-66034000,-4140000,None,1311000,None,205062000,None,-23789000,4194000,4889000,None,None,None,41.95,57.31
7,2018-09-30,USD,5306000,28031000,19025000,-13719000,-22725000,-19202000,83873000,0,-20494000,0,9008000,None,-22725000,-2000,0,None,None,None,0,0,0,-1292000,2231000,0,-19202000,-19202000,None,USD,514984000,0,None,4834000,20927000,494057000,0,2881000,4000,-87322000,1807000,0,6075000,142423000,19120000,None,None,-874000,19856000,386357000,102696000,494057000,230166000,2626000,0,0,5214000,0,0,0,0,0,0,None,None,None,None,None,None,None,None,None,None,None,None,None,None,None,34000000,USD,-133351000,496000,-136723000,0,None,191814000,-462000,-4458000,-19202000,35534000,-19557000,None,941000,0,189716000,0,-1893000,4559000,3372000,None,None,None,75.5,41.95
8,2018-06-30,USD,40031000,33681000,25358000,14673000,6350000,10594000,83873000,0,14444000,0,8318000,None,6350000,5000,0,None,None,None,0,0,0,3850000,8094000,0,10594000,10594000,None,USD,335987000,0,None,2347000,18765000,317222000,0,3528000,3000,-68120000,1912000,0,5824000,106889000,16853000,None,None,-771000,16698000,293270000,20195000,317222000,179605000,739000,0,0,4230000,0,0,0,0,0,0,None,None,None,None,None,None,None,None,None,None,None,None,None,None,None,35000000,USD,-35694000,-217000,-38367000,0,None,3175000,-462000,1219000,10594000,35019000,70211000,None,896000,0,0,0,60293000,-2574000,2673000,None,None,None,71.75,75.5
9,2018-03-31,USD,132391000,30366000,21958000,110433000,102025000,104239000,83873000,0,104239000,0,8380000,None,102025000,28000,0,None,None,None,0,0,0,0,2214000,0,104239000,104239000,None,USD,317217000,0,None,1908000,17877000,299340000,0,1641000,3000,-78714000,3001000,0,33353000,71870000,14876000,None,None,-903000,14829000,262718000,6317000,299340000,157997000,26276000,0,0,5007000,0,0,0,0,0,0,None,None,None,None,None,None,None,None,None,None,None,None,None,None,None,34000000,USD,-34742000,477000,-37086000,0,None,4166000,-462000,1674000,104239000,25214000,58134000,None,834000,0,0,0,-51414000,2324000,2344000,None,None,None,29.85,71.75
10,2017-12-31,USD,2040000,106869000,17873000,-48540000,-62695000,-52463000,14170000,0,-73169000,0,27229000,None,-54576000,132000,0,None,None,None,0,0,0,0,2113000,0,-59416000,-59416000,None,USD,198677000,0,None,6746000,15648000,183029000,0,9605000,3000,-187756000,1211000,0,16703000,46656000,14437000,None,None,-715000,13977000,167997000,16016000,183029000,114122000,473000,0,0,4832000,0,0,0,0,0,0,None,None,None,None,None,None,None,None,None,None,None,None,None,None,None,30000000,USD,2370000,2621000,-4790000,0,None,84598000,-445000,-2285000,-73169000,21816000,-57992000,None,2686000,0,81994000,0,561000,11594000,7160000,None,None,None,33.25,29.85
11,2017-09-30,USD,1336000,-42209000,21939000,0,-42120000,-6233000,12518000,0,0,0,0,None,-6253000,-45000,0,None,None,None,0,0,0,0,20000,0,-43266000,-43266000,None,USD,209255000,0,None,4615000,14604000,194651000,0,10805000,3000,-171759000,1205000,0,25546000,59884000,13399000,None,None,-553000,11548000,172161000,None,194651000,106778000,884000,0,0,2594000,0,0,0,0,0,0,None,None,None,None,None,None,None,None,None,None,None,None,None,None,None,31000000,USD,19215000,1142000,-3647000,0,None,82857000,-226000,2497000,-57172000,2235000,-44166000,None,0,0,81994000,0,150000,2780000,5059000,None,None,None,32.95,33.25
12,2017-06-30,USD,6562000,21618000,20886000,0,50923000,7520000,13917000,0,0,0,0,None,7866000,29000,0,None,None,None,0,0,0,0,-346000,0,51506000,51506000,None,USD,224376000,0,None,3684000,12679000,211697000,0,7514000,3000,-151053000,1217000,0,47035000,57649000,11462000,None,None,-646000,11524000,165817000,None,211697000,104434000,50000,0,0,3948000,0,0,0,0,0,0,None,None,None,None,None,None,None,None,None,None,None,None,None,None,None,31000000,USD,-23895000,2723000,-22412000,0,None,82251000,-135000,829000,-36466000,-24396000,-27030000,None,0,0,81994000,0,982000,2958000,4609000,None,None,None,19.75,32.95
13,2017-03-31,USD,455000,0,22778000,0,-21993000,-21993000,16619000,0,0,0,0,None,-22922000,0,0,None,None,None,0,0,0,0,929000,0,-21993000,-21993000,None,USD,224127000,0,None,2765000,11229000,212898000,0,5829000,3000,-136580000,1271000,0,64264000,82045000,9958000,None,None,-572000,11061000,148802000,None,212898000,63764000,228000,0,0,4129000,0,0,0,0,0,0,None,None,None,None,None,None,None,None,None,None,None,None,None,None,None,27000000,USD,6092000,548000,3163000,0,None,71523000,None,-14000,-21993000,57205000,-17481000,None,0,0,71299000,0,803000,2152000,2929000,None,None,None,19.3,19.75
14,2016-12-31,USD,1696000,69929000,21851000,-41852000,-65292000,-44813000,16059000,0,-63402000,0,23590000,None,-46672000,-102000,0,None,None,None,0,0,0,-435000,1424000,0,-62919000,-62919000,None,USD,172732000,0,None,2785000,10995000,161737000,0,8126000,3000,-114587000,1326000,0,70037000,24840000,9669000,None,None,-33000,9324000,93371000,69412000,161737000,64714000,1032000,0,0,1543000,0,0,0,0,0,0,None,None,None,None,None,None,None,None,None,None,None,None,None,None,None,26000000,USD,27537000,59000,19163000,-225000,None,119000,-60000,4097000,-62967000,-29276000,-48558000,None,544000,0,0,0,1073000,8636000,8149000,None,None,None,18.55,19.3
15,2016-09-30,USD,125000,0,18635000,0,-7147000,-3717000,12560000,0,0,0,0,None,-3716000,0,0,None,None,None,0,0,0,0,-484000,0,-7147000,-7147000,None,USD,195975000,0,None,4171000,15749000,180226000,0,9006000,3000,-94979000,1367000,0,93551000,28108000,14382000,None,None,853000,5804000,96620000,None,180226000,63662000,679000,0,0,5376000,0,0,0,0,0,0,None,None,None,None,None,None,None,None,None,None,None,None,None,None,None,26000000,USD,12022000,4274000,1953000,0,None,174000,None,-526000,-43359000,-1975000,-28135000,None,0,0,0,0,1459000,1807000,3714000,None,None,None,14.01,18.55
16,2016-06-30,USD,2375000,0,17291000,0,17867000,-3669000,10680000,0,0,0,0,None,-3701000,0,0,None,None,None,0,0,0,0,998000,0,17867000,17867000,None,USD,206072000,0,None,2917000,9897000,196175000,0,7073000,3000,-76825000,748000,0,105301000,30083000,9149000,None,None,521000,2864000,97907000,None,196175000,64124000,783000,0,0,2076000,0,0,0,0,0,0,None,None,None,None,None,None,None,None,None,None,None,None,None,None,None,26000000,USD,4193000,2849000,-7846000,0,None,130000,None,-323000,-25205000,-5428000,-16317000,None,0,0,0,0,1353000,1669000,1491000,None,None,None,8.0,14.01
17,2016-03-31,USD,393000,0,11710000,0,-10768000,-10768000,6183000,0,0,0,0,None,-11251000,0,0,None,None,None,0,0,0,0,0,0,-10768000,-10768000,None,USD,214984000,0,None,2489000,6383000,208601000,0,4668000,3000,-62388000,602000,0,108076000,35511000,5781000,None,None,275000,1328000,105580000,None,208601000,65544000,2036000,0,0,1113000,0,0,0,0,0,0,None,None,None,None,None,None,None,None,None,None,None,None,None,None,None,26000000,USD,-10323000,936000,-10739000,0,None,21000,None,-220000,-10768000,-18605000,-7887000,None,0,0,0,0,113000,1533000,416000,None,None,None,10.8,8.0
18,2015-12-31,USD,4441000,30725000,9887000,-11194000,-23137000,-5176000,4808000,0,-22811000,0,11912000,None,-5499000,31000,-40000,None,None,None,0,0,0,0,326000,0,-22811000,-23799000,None,USD,221380000,0,None,1871000,4572000,216808000,0,3325000,3000,-51620000,233000,0,102694000,54116000,4339000,None,None,-719000,538000,118148000,102526000,216808000,60025000,2136000,0,0,1014000,0,0,0,0,0,0,None,None,None,None,None,None,None,None,None,None,None,None,None,None,None,9000000,USD,-163278000,564000,-163800000,-225000,None,239310000,-2502000,-3339000,-22811000,52995000,-22515000,None,80000,0,0,0,-265000,3256000,522000,None,None,None,16.6,10.8
19,2015-09-30,USD,1152000,0,8467000,0,0,-17635000,5664000,0,0,0,0,None,-17638000,0,20000,None,None,None,0,0,0,0,0,0,0,0,None,USD,227314000,0,None,1527000,5506000,221808000,0,2203000,3000,-46444000,198000,0,11444000,205324000,5308000,None,None,None,385000,215485000,None,None,8025000,None,0,0,3105000,0,0,0,0,0,0,None,None,None,None,None,None,None,None,None,None,None,None,None,None,None,5000000,USD,None,1075000,-19459000,0,None,241734000,None,None,-17635000,None,-18072000,None,0,0,0,0,1277000,None,394000,None,None,None,22.03,16.6
