,fiscalDateEnding,reportedCurrency_x,totalRevenue,totalOperatingExpense,costOfRevenue,grossProfit,ebit,netIncome_x,researchAndDevelopment,effectOfAccountingCharges,incomeBeforeTax,minorityInterest,sellingGeneralAdministrative,otherNonOperatingIncome,operatingIncome,otherOperatingExpense,interestExpense,taxProvision,interestIncome,netInterestIncome,extraordinaryItems,nonRecurring,otherItems,incomeTaxExpense,totalOtherIncomeExpense,discontinuedOperations,netIncomeFromContinuingOperations,netIncomeApplicableToCommonShares,preferredStockAndOtherAdjustments,reportedCurrency_y,totalAssets,intangibleAssets,earningAssets,otherCurrentAssets,totalLiabilities,totalShareholderEquity,deferredLongTermLiabilities,otherCurrentLiabilities,commonStock,retainedEarnings,otherLiabilities,goodwill,otherAssets,cash,totalCurrentLiabilities,shortTermDebt,currentLongTermDebt,otherShareholderEquity,propertyPlantEquipment,totalCurrentAssets,longTermInvestments,netTangibleAssets,shortTermInvestments,netReceivables,longTermDebt,inventory,accountsPayable,totalPermanentEquity,additionalPaidInCapital,commonStockTotalEquity,preferredStockTotalEquity,retainedEarningsTotalEquity,treasuryStock,accumulatedAmortization,otherNonCurrrentAssets,deferredLongTermAssetCharges,totalNonCurrentAssets,capitalLeaseObligations,totalLongTermDebt,otherNonCurrentLiabilities,totalNonCurrentLiabilities,negativeGoodwill,warrants,preferredStockRedeemable,capitalSurplus,liabilitiesAndShareholderEquity,cashAndShortTermInvestments,accumulatedDepreciation,commonStockSharesOutstanding,reportedCurrency,investments,changeInLiabilities,cashflowFromInvestment,otherCashflowFromInvestment,netBorrowings,cashflowFromFinancing,otherCashflowFromFinancing,changeInOperatingActivities,netIncome_y,changeInCash,operatingCashflow,otherOperatingCashflow,depreciation,dividendPayout,stockSaleAndPurchase,changeInInventory,changeInAccountReceivables,changeInNetIncome,capitalExpenditures,changeInReceivables,changeInExchangeRate,changeInCashAndCashEquivalents,clossingVal,nextClossingVal
0,2020-06-30,USD,5903000,9742000,7127000,-1224000,-3237000,-3949000,None,None,-3949000,None,2615000,None,-3839000,None,76000,0,8000,-68000,None,None,None,None,-42000,None,-3949000,-3949000,None,USD,35341000,833000,None,1392000,9952000,25389000,None,None,319487000,-294162000,None,3915000,None,3347000,5481000,None,2082000,-48000,21127000,9466000,None,20529000,None,2718000,1847000,2009000,1147000,None,None,None,None,None,None,None,None,None,25875000,3045000,None,None,4471000,None,None,None,None,None,None,None,None,USD,-622000,-432000,-622000,None,1477000,1489000,None,-2236000,-3949000,-2170000,-3037000,None,636000,None,None,-93000,2405000,632000,622000,None,None,None,0.83,
1,2020-03-31,USD,8330000,2550000,8735000,-405000,-2984000,-3033000,None,None,-3033000,None,2550000,-29000,-2955000,None,49000,0,11000,-38000,None,None,None,None,-40000,None,-3033000,-3033000,None,USD,39685000,890000,None,894000,10663000,29022000,None,3125000,319123000,-290213000,None,3915000,None,5517000,7891000,2649000,2335000,None,18769000,13433000,None,24105000,None,5106000,65000,1916000,4824000,None,None,319123000,112000,-290213000,None,None,2678000,None,26252000,3125000,65000,None,65000,None,None,None,None,39685000,5517000,None,40092197,USD,-221000,1339000,-221000,None,628000,628000,None,930000,-3033000,-2927000,-3334000,-3211000,638000,None,None,-1018000,-1315000,233000,221000,-1315000,None,-2927000,1.0,0.83
2,2019-12-31,USD,5830000,3098000,6431000,-601000,-3683000,-3739000,None,None,-3739000,None,3098000,16000,-3699000,None,56000,0,8000,-48000,None,None,None,None,8000,None,-3739000,-3739000,None,USD,40492000,950000,None,691000,8749000,31743000,None,422000,318811000,-287180000,None,3915000,27000,8444000,5812000,1851000,1851000,None,19077000,13771000,None,26766000,None,3738000,73000,898000,3539000,None,None,318811000,112000,-287180000,None,None,2779000,None,26721000,3274000,73000,2864000,2937000,None,None,None,None,40492000,8444000,None,40474483,USD,-716000,303000,-716000,-10000,1777000,8463000,6604000,629000,-3739000,4754000,-2993000,-3666000,559000,None,82000,-56000,-887000,754000,706000,-887000,None,4754000,1.47,1.0
3,2019-09-30,USD,5300000,3835000,5659000,-359000,-3317000,-3326000,None,None,-3326000,None,3835000,877000,-4194000,None,9000,0,19000,10000,None,None,None,None,858000,None,-3326000,-3326000,None,USD,35379000,942000,None,750000,8243000,27136000,None,4582000,310465000,-283441000,None,3915000,26000,3690000,5246000,21000,1246000,None,19249000,8421000,None,22167000,None,3138000,42000,843000,3598000,None,None,310465000,112000,-283441000,None,None,2852000,None,26958000,3357000,42000,None,42000,None,None,None,None,35379000,3690000,None,33109222,USD,-1641000,-1103000,-1166000,-447000,-29000,1205000,1225000,-1038000,-3326000,-3249000,-3288000,-4085000,498000,None,9000,393000,559000,450000,1194000,559000,None,-3249000,2.5546,1.47
4,2019-06-30,USD,6219000,3422000,6463000,-244000,-3640000,-3659000,None,None,-3659000,None,3422000,26000,-3666000,None,19000,0,23000,4000,None,None,None,None,3000,None,-3659000,-3659000,None,USD,40645000,961000,None,1453000,9447000,31198000,None,3917000,311201000,-280115000,None,3903000,26000,7414000,6384000,21000,379000,None,18794000,14065000,None,26222000,None,3954000,48000,1244000,5461000,None,None,311201000,112000,-280115000,None,None,2922000,None,26580000,3403000,48000,None,48000,None,None,None,None,40645000,7414000,None,34246714,USD,-4954000,1116000,-4954000,-3795000,-24000,73000,1809000,1011000,-3659000,-6089000,-1208000,-3698000,463000,None,97000,144000,470000,297000,1159000,470000,None,-6089000,2.91,2.5546
5,2019-03-31,USD,6364000,3341000,6021000,343000,-2999000,-3227000,None,None,-3011000,None,3341000,-1000,-2998000,None,12000,0,-12000,-12000,-216000,None,None,None,-1000,-216000,-3011000,-3227000,None,USD,42344000,None,None,1931000,7835000,34509000,None,3744000,310853000,-276456000,None,3178000,41000,13503000,4846000,20000,378000,None,15696000,20461000,None,31219000,943000,3931000,54000,1096000,4017000,None,None,310853000,112000,-276456000,None,None,3009000,None,21883000,3269000,54000,2860000,54000,None,None,None,None,42344000,13503000,None,33029652,USD,-1160000,-1952000,-1160000,-475000,-278000,13355000,11593000,-2177000,-3227000,6234000,-5961000,-3370000,410000,None,2040000,-149000,-1244000,344000,1160000,-1244000,None,6234000,3.72,2.91
6,2018-12-31,USD,4549000,3092000,3938000,611000,-2349000,-2401000,0,0,-2356000,0,3092000,132000,-2481000,0,7000,None,None,None,0,0,0,45000,125000,-216000,-2401000,-2401000,None,USD,30717000,None,None,1757000,7006000,23711000,None,404000,296739000,-273229000,None,3178000,16000,7269000,6861000,686000,32000,None,15010000,12513000,None,20332000,610000,2529000,145000,958000,5771000,None,None,296739000,201000,-273229000,None,None,16000,None,18204000,None,145000,None,145000,None,None,None,None,30717000,7269000,None,29098207,USD,None,1167000,-2801000,-2337000,-13000,116000,26000,-72000,-2401000,-3255000,-570000,-2473000,229000,None,103000,-180000,567000,120000,864000,567000,None,-3255000,3.0,3.72
7,2018-09-30,USD,3463000,2419000,2709000,754000,-1625000,-1627000,0,0,-1627000,0,2419000,40000,-1665000,0,2000,None,None,None,0,0,0,0,38000,-216000,-1627000,-1627000,None,USD,23028000,0,None,475000,2315000,20713000,0,284000,291228000,-270828000,None,0,18000,10524000,2306000,4000,4000,None,9300000,13710000,None,20400000,475000,2074000,9000,637000,2018000,14733000,0,291228000,313000,-270828000,0,None,18000,None,9318000,None,9000,None,9000,None,None,None,None,23028000,10524000,None,27093093,USD,-400000,-204000,-975000,-400000,-1000,5320000,1000,9000,-1627000,2639000,-1706000,-1618000,173000,0,5320000,-123000,-100000,166000,575000,-100000,None,2639000,2.87,3.0
8,2018-06-30,USD,3198000,2830000,2535000,663000,-2158000,-2160000,0,0,-2160000,0,2830000,9000,-2167000,0,2000,None,None,None,0,0,0,0,7000,-216000,-2160000,-2160000,None,USD,19455000,0,None,546000,2621000,16834000,0,280000,285722000,-269201000,None,0,32000,7885000,2611000,4000,4000,None,9097000,10326000,None,16521000,546000,1409000,10000,486000,2327000,14733000,0,285722000,313000,-269201000,0,None,32000,None,9129000,None,10000,None,10000,None,None,None,None,19455000,7885000,None,24254013,USD,None,611000,-1064000,-400000,-1000,3927000,1000,-106000,-2160000,1980000,-883000,-2326000,172000,0,3928000,283000,143000,234000,1064000,143000,None,1980000,2.16,2.87
9,2018-03-31,USD,3552000,2853000,2598000,954000,-1912000,-1913000,0,0,-1913000,0,2853000,-13000,-1899000,0,1000,None,None,None,0,0,0,0,-14000,0,-1913000,-1913000,None,USD,16694000,0,None,439000,1799000,14895000,0,336000,281623000,-267041000,None,0,48000,5905000,1788000,4000,4000,None,7985000,8661000,None,14582000,439000,1552000,11000,765000,1448000,14895000,0,281623000,313000,-267041000,0,None,48000,None,8033000,None,11000,None,11000,None,None,None,None,16694000,5905000,None,19953107,USD,None,-463000,-745000,-400000,-1000,1754000,1000,80000,-1913000,-1073000,-2082000,-1773000,199000,0,1755000,-118000,-279000,352000,745000,-279000,None,-1073000,1.5729,2.16
10,2017-12-31,USD,3149000,34712000,2297000,3774000,-268000,-7830000,0,0,-16125000,3262000,2445000,None,-2166000,-1140000,7000,None,None,None,0,0,0,3000,-10098000,-66696000,26538000,17104000,None,USD,17361000,0,None,519000,2628000,14733000,0,333000,279548000,-265128000,None,0,63000,6978000,2616000,4000,4000,None,7850000,9448000,None,14420000,775000,1273000,12000,678000,2279000,7900000,0,279548000,313000,-265128000,0,None,63000,None,7913000,None,12000,None,12000,None,None,None,None,17361000,6978000,None,18046731,USD,None,-679000,15139000,16001000,-10447000,-4883000,1039000,303000,-4531000,6636000,-3774000,None,757000,0,0,279000,-179000,276000,862000,None,None,None,1.4801,1.5729
11,2017-09-30,USD,3445000,2495000,2305000,1140000,-8234000,3299000,0,0,-8320000,-4775000,2495000,-6879000,-1355000,1710000,86000,None,None,None,0,0,0,-4121000,-685000,6706000,-4199000,3299000,None,USD,32904000,135000,None,2757000,20512000,12392000,798000,18239000,278079000,-260802000,769000,0,11920000,8962000,19701000,19000,19000,-5623000,7123000,13861000,None,11519000,775000,1384000,13000,758000,1443000,7900000,0,278079000,738000,-260802000,0,None,11785000,None,19043000,None,13000,None,811000,None,None,None,None,32904000,8962000,None,16551350,USD,None,-486000,16255000,16712000,-12569000,-9682000,109000,112000,2507000,5794000,-779000,-3211000,264000,0,2778000,229000,182000,2677000,457000,-252000,-16000,5778000,1.3,1.4801
12,2017-06-30,USD,3146000,2667000,2348000,798000,-1814000,-1222000,0,0,-2289000,1929000,2667000,55000,-1869000,-684000,475000,None,None,None,0,0,0,-515000,3750000,304000,-1774000,-1222000,None,USD,31581000,171000,None,6169000,24721000,6860000,505000,16589000,274419000,-264240000,513000,0,13343000,3184000,18283000,24000,5916000,-4800000,6810000,11428000,None,5208000,0,1132000,5892000,943000,1670000,-36000,0,274419000,1481000,-264240000,0,None,13172000,None,20153000,None,5892000,41000,6438000,None,None,None,None,31581000,3184000,None,11575187,USD,None,-199000,-115000,-108000,-360000,190000,1100000,112000,-1470000,-74000,-149000,-5094000,165000,0,-550000,201000,38000,1341000,7000,836000,1000,-73000,0.96,1.3
13,2017-03-31,USD,11435000,3027000,8924000,2511000,-1195000,-2282000,0,0,-2601000,-319000,2913000,-679000,-516000,114000,1406000,None,None,None,0,0,0,0,-2085000,6706000,-2601000,-3060000,778000,USD,32463000,206000,None,896000,24612000,8267000,523000,7745000,273853000,-262879000,494000,790000,2340000,3366000,18521000,7435000,7435000,-4252000,18881000,11242000,1203000,5726000,0,2952000,5568000,4028000,11086000,-36000,0,273853000,1545000,-262879000,0,None,141000,None,21221000,None,5568000,None,6091000,None,None,None,None,32463000,3366000,None,10927204,USD,None,-625000,-132000,542000,-3020000,4795000,1747000,383000,-2601000,2774000,-1889000,383000,1142000,0,6068000,-217000,507000,903000,132000,-874000,141000,2915000,0.86,0.96
14,2016-12-31,USD,3234000,22239000,2414000,5442000,-8230000,-7669000,0,0,-6377000,-699000,2956000,None,-14293000,0,999000,None,None,None,0,0,0,-1837000,1535000,-1792000,-5188000,-8001000,None,USD,28845000,242000,None,1213000,28926000,-632000,1556000,7773000,264232000,-259819000,1527000,790000,2384000,451000,21361000,9878000,3063000,-4346000,18933000,7528000,1241000,-1113000,824000,2091000,6009000,3773000,11483000,-632000,0,264232000,551000,-259819000,0,None,111000,None,21317000,None,6009000,None,7565000,None,-148000,None,None,28845000,451000,None,10790351,USD,None,2448000,1205000,-356000,-1415000,2003000,1740000,-467000,-8530000,-2545000,-3935000,None,936000,0,0,248000,228000,3746000,720000,None,None,None,1.03,0.86
15,2016-09-30,USD,8824000,4046000,6918000,1906000,-804000,-1080000,0,0,-1550000,-470000,3737000,1336000,-2140000,309000,746000,None,None,None,0,3024000,0,26000,2900000,-608000,-1550000,-1080000,None,USD,31226000,476000,None,749000,31865000,-1190000,2872000,8059000,263831000,-258677000,2838000,790000,2386000,2199000,23930000,11982000,11982000,-6344000,19347000,9493000,998000,-1905000,0,2670000,5063000,3875000,11948000,-1190000,0,263831000,551000,-258677000,0,None,122000,None,21733000,None,5063000,None,7935000,None,551000,None,None,31226000,2199000,None,10800686,USD,None,846000,-43000,94000,593000,793000,200000,105000,-1550000,366000,-384000,67000,865000,0,200000,101000,550000,-788000,43000,75000,-144000,222000,1.35,1.03
16,2016-06-30,USD,10545000,7670000,8561000,1984000,-7375000,-6608000,0,0,-8116000,-1508000,4338000,-1689000,-5686000,308000,741000,None,None,None,0,3024000,0,-13000,-3132000,0,-8116000,-6608000,None,USD,32115000,711000,None,807000,31600000,-36000,4038000,7877000,263468000,-257597000,4004000,790000,1623000,1977000,22206000,11061000,None,-5907000,19946000,10546000,None,-986000,0,3782000,5356000,3980000,11145000,-36000,0,263468000,551000,-257597000,0,None,122000,None,21569000,None,5356000,None,9394000,None,551000,None,None,32115000,1977000,None,10496990,USD,None,2029000,-209000,130000,-475000,-484000,2545000,None,-8116000,-335000,358000,148000,875000,0,-2554000,399000,363000,4968000,209000,55000,-14000,-349000,1.6599,1.35
17,2016-03-31,USD,10051000,3727000,7814000,2237000,661000,300000,0,0,-138000,-438000,3379000,2151000,-1490000,348000,799000,None,None,None,0,0,0,0,0,0,-138000,-251000,None,USD,34856000,944000,None,929000,26862000,7667000,2374000,6348000,263244000,-250989000,2340000,3510000,4572000,2326000,15015000,6449000,None,-4588000,19065000,11219000,None,2989000,0,3651000,9473000,4313000,8566000,0,0,263244000,551000,-250989000,0,None,118000,None,23637000,None,9473000,None,11847000,None,-224000,None,None,34856000,2326000,None,10496339,USD,None,78000,1713000,1921000,-1241000,1613000,None,None,-138000,1280000,-2046000,-9000,1013000,0,2854000,-354000,0,-2129000,208000,-507000,-24000,1256000,1.12,1.6599
18,2015-12-31,USD,9914000,46172000,6744000,8070000,-6276000,-8268000,0,0,-10752000,69000,2750000,None,-6276000,1779000,667000,None,None,None,0,3024000,0,-176000,-4476000,-2400000,-10576000,-8268000,None,USD,33635000,1225000,None,895000,26298000,7268000,712000,7114000,262895000,-250738000,678000,3258000,4586000,2991000,14678000,5050000,5050000,-4889000,18328000,10721000,None,2854000,1921000,2978000,10908000,3857000,9628000,0,0,262895000,0,-250738000,0,None,103000,None,22914000,None,10908000,None,11620000,None,69000,None,None,33635000,2991000,None,9537415,USD,None,1392000,-1068000,-356000,2168000,2168000,864000,-383000,-8268000,-2540000,-3794000,None,4063000,0,0,-677000,63000,16000,1068000,None,None,None,1.8989,1.12
19,2015-09-30,USD,8917000,3403000,6860000,2057000,-872000,-524000,0,0,-1576000,-1046000,2977000,474000,-1346000,426000,704000,None,None,None,0,0,0,-6000,0,0,-1570000,-524000,None,USD,35500000,1579000,None,979000,27163000,8142000,846000,6975000,262652000,-249522000,468000,3174000,5338000,3443000,14360000,4912000,None,-4988000,18133000,12029000,None,3584000,1920000,3708000,11957000,3899000,9448000,0,0,262652000,0,-249522000,0,None,585000,None,23471000,None,11957000,None,12803000,None,195000,None,None,35500000,3443000,None,9530806,USD,None,-114000,-416000,0,1292000,1292000,None,None,-1571000,-1275000,-2151000,-367000,908000,0,0,-463000,0,-357000,416000,-187000,177000,-1098000,2.19,1.8989
