,fiscalDateEnding,reportedCurrency_x,totalRevenue,totalOperatingExpense,costOfRevenue,grossProfit,ebit,netIncome_x,researchAndDevelopment,effectOfAccountingCharges,incomeBeforeTax,minorityInterest,sellingGeneralAdministrative,otherNonOperatingIncome,operatingIncome,otherOperatingExpense,interestExpense,taxProvision,interestIncome,netInterestIncome,extraordinaryItems,nonRecurring,otherItems,incomeTaxExpense,totalOtherIncomeExpense,discontinuedOperations,netIncomeFromContinuingOperations,netIncomeApplicableToCommonShares,preferredStockAndOtherAdjustments,reportedCurrency_y,totalAssets,intangibleAssets,earningAssets,otherCurrentAssets,totalLiabilities,totalShareholderEquity,deferredLongTermLiabilities,otherCurrentLiabilities,commonStock,retainedEarnings,otherLiabilities,goodwill,otherAssets,cash,totalCurrentLiabilities,shortTermDebt,currentLongTermDebt,otherShareholderEquity,propertyPlantEquipment,totalCurrentAssets,longTermInvestments,netTangibleAssets,shortTermInvestments,netReceivables,longTermDebt,inventory,accountsPayable,totalPermanentEquity,additionalPaidInCapital,commonStockTotalEquity,preferredStockTotalEquity,retainedEarningsTotalEquity,treasuryStock,accumulatedAmortization,otherNonCurrrentAssets,deferredLongTermAssetCharges,totalNonCurrentAssets,capitalLeaseObligations,totalLongTermDebt,otherNonCurrentLiabilities,totalNonCurrentLiabilities,negativeGoodwill,warrants,preferredStockRedeemable,capitalSurplus,liabilitiesAndShareholderEquity,cashAndShortTermInvestments,accumulatedDepreciation,commonStockSharesOutstanding,reportedCurrency,investments,changeInLiabilities,cashflowFromInvestment,otherCashflowFromInvestment,netBorrowings,cashflowFromFinancing,otherCashflowFromFinancing,changeInOperatingActivities,netIncome_y,changeInCash,operatingCashflow,otherOperatingCashflow,depreciation,dividendPayout,stockSaleAndPurchase,changeInInventory,changeInAccountReceivables,changeInNetIncome,capitalExpenditures,changeInReceivables,changeInExchangeRate,changeInCashAndCashEquivalents,clossingVal,nextClossingVal
0,2020-06-30,USD,14721000,19378000,2390000,14721000,-4577000,-5474000,None,None,-7005000,-94000,14753000,80000,-4657000,4625000,2459000,-1437000,80000,-2379000,None,None,None,-1437000,-393000,None,-5568000,-5474000,None,USD,360374000,73224000,None,5180000,204939000,155757000,20141000,1586000,91000,102837000,20513000,47109000,3769000,14795000,33076000,17249000,17249000,None,181960000,28350000,2896000,35424000,None,5748000,125487000,2627000,14241000,None,None,91000,None,102837000,None,None,26835000,None,332024000,27449000,125487000,26235000,171863000,None,None,None,52829000,360374000,14795000,None,9125000,USD,1152000,2404000,2846000,1936000,2231000,1958000,-273000,2102000,-5568000,4970000,166000,2985000,2300000,-273000,0,108000,-1970000,-93000,242000,-1970000,None,4970000,13.86,
1,2020-04-30,USD,None,None,None,None,None,None,None,None,None,-322000,None,None,None,50000,None,None,None,None,None,None,None,-1437000,None,None,None,-5474000,None,USD,360374000,73224000,None,1752000,204939000,155757000,None,None,91000,102837000,20513000,47109000,3769000,14795000,33076000,None,17249000,None,207922000,28350000,None,35424000,None,5529000,125487000,2627000,3955000,None,None,None,None,None,None,None,873000,None,332024000,27449000,None,372000,171863000,None,None,None,None,None,None,None,None,USD,2846000,2404000,2846000,1152000,2231000,1958000,None,2102000,-5474000,4970000,166000,None,2235000,-273000,0,108000,-1970000,696000,242000,None,None,None,12.53,13.86
2,2020-03-31,USD,40426000,42901000,5782000,40426000,-2390000,-3452000,None,None,-4911000,-41000,34862000,85000,-2475000,8039000,2459000,-1418000,85000,-2374000,None,None,None,-1418000,-8252000,None,-3493000,-3452000,None,USD,361896000,74251000,None,9973000,200620000,161504000,20503000,1552000,91000,108584000,20877000,47109000,5050000,9825000,27799000,14771000,14771000,None,182234000,26767000,4087000,40144000,None,4234000,125669000,2735000,11476000,None,None,91000,None,108584000,None,None,27448000,None,335129000,27827000,125669000,26649000,172821000,None,None,None,52829000,361896000,9825000,None,9125000,USD,46000,-5719000,-1152000,67000,-1454000,-3890000,-21000,1275000,-3493000,-3334000,1708000,1833000,2325000,-368000,-2068000,4000,-428000,7186000,1265000,-428000,None,-3334000,9.97,12.53
3,2020-01-31,USD,None,None,None,None,None,None,None,None,None,-228000,None,None,None,-12000,None,None,None,None,None,None,None,-1418000,None,None,None,-3452000,None,USD,361896000,74251000,None,2343000,200620000,161504000,None,None,91000,108584000,20877000,47109000,5050000,9825000,27799000,None,14771000,None,208719000,26767000,None,40144000,None,3559000,125669000,2735000,2805000,None,None,None,None,None,None,None,963000,None,335129000,27827000,None,374000,172821000,None,None,None,None,None,None,None,None,USD,-1152000,-5719000,-1152000,59000,-1454000,-3890000,-21000,1275000,-3452000,-3334000,1708000,None,2257000,-368000,-2047000,4000,-428000,7703000,1265000,None,None,None,17.73,9.97
4,2019-12-31,USD,48394000,38708000,6776000,48394000,9784000,5634000,None,None,7227000,-166000,29728000,98000,9686000,8980000,2485000,1593000,98000,-2387000,None,None,None,1593000,-46000,None,5634000,5634000,None,USD,376173000,75795000,None,11211000,208968000,167371000,21508000,1521000,93000,112404000,21915000,53630000,5211000,13159000,33380000,14898000,14898000,None,183657000,30899000,4149000,37946000,None,3790000,126928000,2739000,16961000,None,None,93000,None,112404000,None,None,28043000,None,345274000,28266000,126928000,27152000,175588000,None,None,None,54874000,376173000,13159000,None,9258000,USD,357000,-1596000,-2718000,983000,-1763000,-8493000,-10000,1565000,5634000,-938000,10273000,1966000,2265000,-279000,-6451000,-141000,2345000,-200000,4058000,2345000,None,-938000,20.5,17.73
5,2019-10-31,USD,None,None,None,None,None,None,None,None,None,-166000,None,None,None,-26000,None,None,None,None,None,None,None,1593000,None,None,None,5634000,None,USD,376173000,75795000,None,2236000,208968000,167371000,None,None,93000,112404000,21915000,53630000,5211000,13159000,33380000,None,14898000,None,210638000,30899000,None,37946000,None,3131000,126928000,2739000,3202000,None,None,None,None,None,None,None,1062000,None,345274000,28266000,None,407000,175588000,None,None,None,None,None,None,None,None,USD,-2718000,-1596000,-2718000,1289000,-1763000,-8493000,-10000,1565000,5634000,-938000,10273000,None,2204000,-279000,-6441000,-141000,2345000,201000,4058000,None,None,None,18.75,20.5
6,2019-09-30,USD,45183000,42754000,6232000,45183000,-7189000,458000,None,None,-184000,42000,34168000,-9618000,2429000,8586000,2500000,-684000,91000,-2409000,None,None,None,-684000,-5074000,None,500000,458000,None,USD,353637000,75951000,None,10833000,185336000,168457000,21658000,198000,96000,107049000,23354000,53630000,5181000,14097000,34208000,15754000,15754000,None,183956000,34771000,4211000,38876000,None,7243000,127774000,2598000,18454000,None,None,96000,None,107049000,None,None,1118000,None,318866000,None,127774000,1696000,151128000,None,None,None,61312000,353637000,14097000,None,9591000,USD,-1539000,6355000,-1539000,151000,-3109000,-4080000,-49000,-4880000,458000,3141000,8760000,None,2354000,-385000,-537000,-129000,-729000,5273000,3807000,None,None,None,20.68,18.75
7,2019-07-31,USD,None,None,None,None,None,None,None,None,None,-156000,None,None,None,294000,None,None,None,None,None,None,None,-684000,None,None,None,458000,None,USD,353637000,75951000,None,2521000,185336000,168457000,None,None,96000,107049000,23354000,53630000,5181000,14097000,34208000,None,15754000,None,183956000,34771000,None,38876000,None,2176000,127774000,2598000,3810000,None,None,None,None,None,None,None,1118000,None,318866000,None,None,1696000,151128000,None,None,None,None,None,None,None,None,USD,-1539000,6355000,-1539000,151000,-3109000,-4080000,-49000,-4880000,458000,3141000,8760000,None,2354000,-385000,-537000,-129000,-729000,5273000,3807000,None,None,None,16.95,20.68
8,2019-06-30,USD,47027000,37225000,6701000,40326000,12493000,5638000,None,None,7485000,41000,25014000,-38000,9802000,9166000,2543000,1806000,92000,-2451000,None,None,None,1806000,134000,None,5679000,5638000,None,USD,350878000,76285000,None,2090000,181972000,168921000,22076000,1224000,96000,106976000,23732000,55271000,5232000,10956000,28035000,16374000,16374000,None,191493000,22597000,3810000,37365000,None,5001000,130205000,2502000,2544000,None,None,96000,None,106976000,None,None,1422000,None,328281000,None,130205000,1656000,153937000,None,None,None,61849000,350878000,10956000,None,9617000,USD,-720000,-1874000,-720000,2240000,-3313000,-4022000,-21000,649000,5638000,2701000,7443000,734000,2465000,-285000,-403000,95000,578000,-308000,2999000,578000,None,2701000,17.51,16.95
9,2019-03-31,USD,44826000,33660000,18100000,44826000,11318000,6735000,None,None,8673000,8000,25268000,152000,11166000,8392000,2645000,1930000,-2493000,-2570000,None,None,None,1930000,1058000,None,6743000,6735000,None,USD,350873000,76441000,None,4286000,186937000,163971000,21970000,994000,96000,101623000,23576000,55271000,1477000,8255000,23990000,10447000,10447000,None,191966000,21859000,3859000,32259000,None,6721000,139371000,2597000,13543000,None,None,96000,None,101623000,None,None,1477000,None,329014000,None,139371000,1606000,162947000,None,None,None,62252000,350873000,8255000,None,9634000,USD,-384000,-749000,-5370000,1621000,-3384000,-5281000,-20000,1611000,6743000,-1132000,9519000,1581000,2307000,-291000,-1606000,-19000,4000,-348000,6607000,4000,None,-1132000,22.97,17.51
10,2018-12-31,USD,44023000,32891000,6399000,44023000,10736000,6344000,0,None,8215000,60000,25026000,-396000,11132000,7865000,2521000,1811000,None,None,None,None,None,1811000,-1912000,None,6404000,6344000,None,USD,349522000,77289000,None,7519000,190432000,159133000,21473000,429000,97000,95179000,23040000,54731000,4933000,9387000,29195000,14898000,14898000,None,187502000,25067000,3467000,27113000,None,5583000,138197000,2578000,14297000,None,None,97000,None,95179000,None,None,1466000,None,324455000,None,138197000,1567000,161237000,None,None,None,63857000,349522000,9387000,None,9705000,USD,32000,-470000,-19518000,-12255000,373000,-273000,-20000,1939000,6404000,-8339000,11452000,2528000,2148000,-291000,-355000,-163000,1723000,-718000,7295000,1723000,None,-8339000,22.33,22.97
11,2018-09-30,USD,40676000,39143000,6081000,40676000,1580000,-2672000,0,0,-881000,10000,20184000,47000,1533000,18959000,2461000,None,None,None,0,0,0,1781000,-7910000,0,-2662000,-2672000,None,USD,330566000,71532000,None,9403000,176400000,154269000,19552000,134000,97000,89740000,20975000,44425000,4644000,17726000,33845000,19047000,19047000,220000,172403000,36802000,2874000,38312000,0,7320000,121580000,2353000,14798000,127554000,64212000,97000,0,89740000,0,None,2530000,None,293764000,None,121580000,1423000,142555000,None,None,None,64212000,330566000,17726000,None,9719000,USD,29000,1501000,-7775000,-1368000,9281000,8972000,-196000,-3853000,-2662000,4555000,3358000,-3874000,2007000,-309000,0,58000,-1834000,8162000,6436000,-1834000,None,4555000,29.61,22.33
12,2018-06-30,USD,42634000,33142000,6440000,42634000,9544000,5389000,0,0,7236000,18000,25278000,52000,9492000,7864000,2308000,None,None,None,0,0,0,1829000,-2696000,0,5407000,5389000,None,USD,320263000,74733000,None,10715000,161620000,156254000,15882000,3778000,97000,92704000,17333000,43866000,4677000,13171000,25317000,12285000,12285000,None,165715000,31272000,2903000,37655000,0,4975000,118970000,2411000,13032000,158643000,0,97000,0,92704000,0,None,1774000,None,288991000,None,118970000,1451000,136303000,None,None,None,63453000,320263000,13171000,None,9719000,USD,30000,8000,-10273000,-487000,2957000,2610000,-105000,560000,5407000,671000,8334000,635000,2083000,-347000,0,26000,245000,-70000,9816000,245000,None,671000,31.65,29.61
13,2018-03-31,USD,41226000,32995000,6117000,41226000,8299000,4685000,0,0,6193000,9000,31096000,68000,8231000,1899000,2106000,None,None,None,0,0,0,1499000,-4393000,0,4694000,4685000,None,USD,311338000,74372000,None,9488000,157755000,151158000,15882000,2754000,97000,87608000,17277000,43866000,4810000,12500000,25593000,12328000,12328000,None,158650000,29640000,3375000,32920000,0,5220000,114885000,2432000,13265000,153583000,0,97000,0,87608000,0,None,1435000,None,281698000,None,114885000,1395000,132162000,None,None,None,63453000,311338000,12500000,None,9719000,USD,40000,-923000,-6202000,40000,1161000,816000,-164000,-340000,4694000,546000,5932000,-266000,1959000,-345000,0,-13000,-1107000,1588000,6242000,-1107000,None,546000,28.39,31.65
14,2017-12-31,USD,41212000,32072000,17262000,41212000,9207000,14311000,0,0,6128000,44000,30163000,67000,9140000,1909000,3079000,None,None,None,0,0,0,-8227000,-3012000,0,14355000,14311000,None,USD,306579000,74420000,None,9119000,157345000,146764000,15844000,9722000,97000,83214000,1324000,43866000,124715000,11954000,28233000,14048000,14048000,None,154259000,27605000,4965000,28478000,0,4113000,111944000,2419000,14185000,149234000,0,97000,0,83214000,0,None,1464000,None,278974000,None,111944000,1324000,129112000,None,None,None,63453000,306579000,11954000,None,9719000,USD,28000,668000,-2089000,652000,-3678000,-4024000,-1396000,1044000,14355000,2032000,8145000,1662000,2233000,-346000,0,-270000,-926000,-9577000,2769000,-926000,None,2032000,27.98,28.39
15,2017-09-30,USD,39210000,37774000,16361000,39210000,1515000,-2239000,0,0,-1117000,24000,35790000,79000,1436000,1984000,2632000,None,None,None,0,0,0,1112000,-15810000,0,-2229000,-2239000,None,USD,299884000,74424000,None,10984000,164659000,132745000,25541000,10975000,97000,69195000,1095000,43866000,125232000,9922000,31111000,17440000,17440000,None,148410000,26242000,4993000,14455000,0,3187000,106912000,2149000,13671000,127554000,63453000,97000,0,69195000,0,None,1949000,None,273642000,None,106912000,1095000,133548000,None,None,None,63453000,299884000,9922000,None,9719000,USD,29000,-1119000,-2172000,-19054000,-1724000,-1920000,-1025000,-1526000,-2229000,-895000,3197000,-3220000,2024000,-346000,0,115000,878000,8501000,2201000,-875000,None,-895000,24.75,27.98
16,2017-06-30,USD,37429000,29546000,15171000,37429000,7944000,3841000,0,0,5739000,9000,27836000,61000,7883000,1710000,2205000,None,None,None,0,0,0,1889000,0,0,3850000,3841000,None,USD,302666000,76961000,None,12246000,164063000,136080000,25470000,9799000,97000,72530000,665000,45169000,129446000,10817000,28897000,16237000,125268000,None,145581000,27639000,5022000,13950000,0,2312000,109031000,2264000,12660000,130142000,0,97000,0,72530000,0,None,2294000,None,275027000,None,109031000,665000,135166000,None,None,None,63453000,302666000,10817000,None,9719000,USD,23000,52000,-12774000,9625000,3872000,3525000,-78000,951000,3850000,-2382000,6867000,1023000,1760000,-347000,0,-93000,1753000,785000,3368000,-86000,None,-2382000,23.84,24.75
17,2017-03-31,USD,34518000,27031000,14685000,34518000,7576000,3759000,0,0,5664000,-3000,25423000,89000,7487000,1608000,1912000,None,None,None,0,0,0,1908000,0,0,3756000,3759000,None,USD,276059000,52103000,None,8667000,140959000,132532000,25470000,10402000,97000,68982000,593000,45921000,105036000,13199000,24793000,12197000,12197000,None,144571000,26452000,4745000,34508000,0,2526000,90103000,2060000,12596000,130142000,0,97000,0,68982000,0,None,2267000,None,249607000,None,90103000,593000,116166000,None,None,None,63453000,276059000,13199000,None,9719000,USD,35000,-1639000,-590000,2047000,-3288000,-3784000,None,143000,3756000,1135000,5509000,368000,1651000,-348000,2000,46000,1839000,-212000,2672000,1195000,None,1135000,17.32,23.84
18,2016-12-31,USD,33739000,27406000,14533000,33739000,6370000,2898000,0,0,4355000,-7000,25788000,37000,6333000,1618000,2015000,None,None,None,0,0,0,1450000,0,0,2905000,2898000,None,USD,277450000,52143000,None,11101000,145848000,129065000,25470000,12193000,97000,65517000,523000,45921000,105019000,12064000,24192000,9957000,9957000,None,143439000,28992000,4780000,31001000,0,3721000,95663000,2106000,14235000,130142000,0,97000,0,65517000,0,None,2175000,None,248458000,None,95663000,523000,121656000,None,None,None,63451000,277450000,12064000,None,9719000,USD,20000,-272000,-2988000,1915000,-351000,-1796000,None,588000,2905000,737000,5521000,548000,1703000,-344000,-1101000,-87000,644000,40000,3008000,644000,None,737000,17.1,17.32
