,fiscalDateEnding,reportedCurrency_x,totalRevenue,totalOperatingExpense,costOfRevenue,grossProfit,ebit,netIncome_x,researchAndDevelopment,effectOfAccountingCharges,incomeBeforeTax,minorityInterest,sellingGeneralAdministrative,otherNonOperatingIncome,operatingIncome,otherOperatingExpense,interestExpense,taxProvision,interestIncome,netInterestIncome,extraordinaryItems,nonRecurring,otherItems,incomeTaxExpense,totalOtherIncomeExpense,discontinuedOperations,netIncomeFromContinuingOperations,netIncomeApplicableToCommonShares,preferredStockAndOtherAdjustments,reportedCurrency_y,totalAssets,intangibleAssets,earningAssets,otherCurrentAssets,totalLiabilities,totalShareholderEquity,deferredLongTermLiabilities,otherCurrentLiabilities,commonStock,retainedEarnings,otherLiabilities,goodwill,otherAssets,cash,totalCurrentLiabilities,shortTermDebt,currentLongTermDebt,otherShareholderEquity,propertyPlantEquipment,totalCurrentAssets,longTermInvestments,netTangibleAssets,shortTermInvestments,netReceivables,longTermDebt,inventory,accountsPayable,totalPermanentEquity,additionalPaidInCapital,commonStockTotalEquity,preferredStockTotalEquity,retainedEarningsTotalEquity,treasuryStock,accumulatedAmortization,otherNonCurrrentAssets,deferredLongTermAssetCharges,totalNonCurrentAssets,capitalLeaseObligations,totalLongTermDebt,otherNonCurrentLiabilities,totalNonCurrentLiabilities,negativeGoodwill,warrants,preferredStockRedeemable,capitalSurplus,liabilitiesAndShareholderEquity,cashAndShortTermInvestments,accumulatedDepreciation,commonStockSharesOutstanding,reportedCurrency,investments,changeInLiabilities,cashflowFromInvestment,otherCashflowFromInvestment,netBorrowings,cashflowFromFinancing,otherCashflowFromFinancing,changeInOperatingActivities,netIncome_y,changeInCash,operatingCashflow,otherOperatingCashflow,depreciation,dividendPayout,stockSaleAndPurchase,changeInInventory,changeInAccountReceivables,changeInNetIncome,capitalExpenditures,changeInReceivables,changeInExchangeRate,changeInCashAndCashEquivalents,clossingVal,nextClossingVal
0,2020-06-30,USD,11672000.0,None,None,None,None,-24122000.0,None,None,-24294000.0,None,4985000.0,None,None,2978000.0,1643000,-172000,11314000,9671000,None,None,None,-172000.0,None,None,-24122000.0,-24122000.0,None,USD,1346800000.0,2397000.0,None,None,1252348000.0,94452000.0,None,None,102552000.0,-8735000.0,8166000.0,None,1198424000.0,43228000,None,None,None,474000,22176000.0,None,74134000,92055000,74134000,1826000,217010000.0,None,457000.0,None,None,None,None,None,None,None,None,None,None,None,None,None,None,None,None,None,None,None,None,None,None,USD,-283470000,0,-283470000,66000.0,189997000,254119000,64650000.0,108000,-24122000.0,-30007000,-656000.0,None,489000,-694000.0,None,None,763000,22085000,113000.0,None,None,None,5.38,
1,2020-03-31,USD,11701000.0,None,None,None,None,633000.0,None,None,689000.0,None,5056000.0,None,None,2817000.0,1917000,56000,10688000,8771000,None,None,None,56000.0,None,None,633000.0,633000.0,None,USD,1117043000.0,2566000.0,129781000,None,998602000.0,118441000.0,None,None,102386000.0,16081000.0,8960000.0,24754000,922326000.0,73235000,None,None,None,-160000,22553000.0,None,68402000,91121000,68402000,2589000,26992000.0,None,424000.0,None,None,None,None,None,None,None,None,None,None,None,26992000,None,None,None,None,None,134000,None,None,None,9000000,USD,-15007000,0,-15007000,-799000.0,20000000,37511000,18023000.0,-1288000,633000.0,22887000,383000.0,None,490000,-692000.0,180000,None,-175000,702000,1343000.0,None,None,None,6.47,5.38
2,2019-12-31,USD,11863000.0,9951000,None,11707000,None,1273000.0,None,None,1518000.0,None,5273000.0,None,1756000,2683000.0,2009000,245000,11255000,9246000,None,None,None,245000.0,-3150000,None,1273000.0,1273000.0,None,USD,1079954000.0,2736000.0,129838000,2495000,961844000.0,118110000.0,None,None,102206000.0,16140000.0,10066000.0,24754000,886584000.0,50348000,940915000,None,None,-348000,21708000.0,52925000,91247000,90620000,91247000,2414000,6971000.0,82000,435000.0,None,None,None,None,None,None,None,None,None,None,None,6971000,None,None,None,None,None,112000,None,None,None,9000000,USD,47275000,0,47275000,101000.0,20000000,-29582000,-29103000.0,-145000,1273000.0,20507000,2814000.0,None,565000,-690000.0,852000,None,337000,764000,224000.0,None,None,None,12.49,6.47
3,2019-09-30,USD,13232000.0,9252000,None,12183000,None,2266000.0,None,None,2752000.0,None,5232000.0,None,2931000,2979000.0,2154000,486000,13426000,11272000,None,None,None,486000.0,-179000,None,2266000.0,2266000.0,None,USD,1109759000.0,2927000.0,123706000,3087000,992504000.0,117255000.0,None,None,101807000.0,15557000.0,11373000.0,24754000,920175000.0,29841000,970015000,None,None,-409000,22251000.0,33015000,106637000,89574000,106637000,2751000,6951000.0,87000,432000.0,None,None,None,None,None,None,None,None,None,None,None,6951000,None,None,None,None,None,300000,None,None,None,9000000,USD,-971000,0,-971000,-30000.0,-40000,-10685000,-10117000.0,-2317000,2266000.0,-11134000,522000.0,None,479000,-687000.0,641000,None,119000,-84000,256000.0,None,None,None,11.68,12.49
4,2019-06-30,USD,12804000.0,9926000,0,12186000,0,1434000.0,0,0,1702000.0,0,5830000.0,0,2260000,3508000.0,2230000,268000,12908000,10678000,0,0,0,268000.0,-558000,0,1434000.0,1434000.0,0,USD,1120198000.0,3121000.0,130045000,3040000,1004520000.0,115678000.0,0,0,101644000.0,13978000.0,13220000.0,24754000,925619000.0,40975000,980145000,0,0,-248000,22349000.0,44101000,100254000,87803000,100254000,2870000,6932000.0,86000,445000.0,0,0,0,0,0,0,0,0,0,0,0,6932000,0,0,0,0,0,304000,0,0,0,9000000,USD,-8198000,0,-8198000,-82000.0,20000,-22085000,-21329000.0,1158000,1434000.0,-27126000,3157000.0,0,483000,-917000.0,482000,0,148000,-66000,618000.0,0,0,0,10.5,11.68
5,2019-03-31,USD,11562000.0,11643000,0,10979000,0,-687000.0,0,0,-985000.0,0,7510000.0,0,-664000,3044000.0,2207000,-298000,11958000,9751000,0,0,0,-298000.0,-321000,0,-687000.0,-687000.0,0,USD,1138712000.0,3315000.0,157202000,3713000,1025222000.0,113490000.0,0,0,101500000.0,13461000.0,13190000.0,24754000,915723000.0,68101000,1001504000,0,0,-1778000,21961000.0,72275000,100684000,85421000,100684000,3018000,6912000.0,461000,475000.0,0,0,0,0,0,0,0,0,0,0,0,6912000,0,0,0,0,0,307000,0,0,0,9000000,USD,19640000,0,19640000,46000.0,20000,-4118000,-3564000.0,-1259000,-687000.0,14285000,-1237000.0,0,494000,-915000.0,341000,0,-8000,223000,447000.0,0,0,0,11.5,10.5
6,2018-12-31,USD,13620000.0,10566000,0,13620000,0,2472000.0,0,0,2980000.0,0,8302000.0,0,3054000,2264000.0,0,None,None,None,0,0,0,508000.0,-74000,0,2472000.0,2472000.0,0,USD,1137603000.0,3509000.0,None,3647000,1023693000.0,113910000.0,0,0,101134000.0,15063000.0,11724000.0,24754000,928271000.0,53816000,1005077000,0,0,-2619000,18208000.0,58184000,104677000,85647000,37108000,0,6892000.0,721000,1004593000.0,0,0,0,0,0,0,0,0,0,0,0,6892000,0,0,0,0,0,332000,0,0,0,9000000,USD,-7266000,0,16131000,208000.0,-6127000,-23099000,-16171000.0,1692000,2472000.0,-2999000,3969000.0,0,509000,-912000.0,558000,0,0,-760000,398000.0,0,0,0,10.9,11.5
7,2018-09-30,USD,1856046.82,1269781.19,0,1856046.82,0,405887.41,0,0,496149.31,0,824731.76,0,586265.63,445049.43,0,None,None,None,0,0,0,90261.91,-90116.32,0,405887.41,405887.41,0,USD,168401490.78,541717.01,None,533418.74,152091601.28,16309889.5,0,0,14703809.93,1965816.94,1516400.01,3603779.35,138534845.46,8271338.93,148679846.85,0,0,-411565.17,2682671.17,8902007.60,14136470.18,12164393.13,0,0,1895354.42,97249.92,148606618.24,0,0,0,0,0,0,0,0,0,0,0,0,0,0,0,0,0,0,0,0,0,9000000,USD,-1452052,0,2107324.32,-14849.54,-10482.03,319265.09,442865.67,72791.86,405887.41,2940063.18,513473.77,0,75266.78,-132481.18,0,0,0,291.17,27224.16,0,0,0,13.6,10.9
8,2018-06-30,USD,9406107.77,6743503.16,0,9406107.77,0,2045955.07,0,0,2499632.95,0,4575686.39,None,2662604.61,2167816.77,0,None,None,None,0,0,0,453677.87,-162971.66,0,2045955.07,2045955.07,None,USD,845546909.41,2888709.44,None,2686096.02,764452356.48,81094552.93,0,0,73990603.44,8533989.14,7396123.92,18172074.59,716705329.61,26882983.41,747446043.17,0,0,-1741300.84,13611804.43,29635149.02,64533842.31,60033768.90,0,0,9610189.4,66069.59,747116429.31,0,0,0,0,0,0,None,None,None,None,None,None,None,None,None,None,None,None,None,None,None,9000000,USD,574071.36,0,-3327705.18,-60930.85,-50653.35,-15952870.36,-15330347.97,201145.21,2045955.07,-17052562.03,2228013.51,None,405960.95,-667302.89,0,0,0,-483042.14,118191.16,None,None,None,12.65,13.6
9,2018-03-31,USD,12972000.0,9316000,2150000,12972000,0,2811000.0,0,0,3436000.0,0,6444000.0,None,3656000,2872000.0,206000,None,None,None,0,0,0,625000.0,-220000,0,2811000.0,2811000.0,None,USD,1171166000.0,4155000.0,None,3475000,1062766000.0,108400000.0,None,1038605000,100660000.0,9747000.0,10535000.0,24754000,971354000.0,59849000,1039071000,13160000,13160000,-2429000,18714000.0,63416000,88773000,79491000,None,2865000,13160000.0,92000,1038605000.0,None,None,None,None,None,None,None,None,None,None,None,None,None,None,None,None,None,None,None,None,None,9000000,USD,3146000,0,26603000,208000.0,-6073000,6236000,12125000.0,-1328000,2811000.0,34063000,1224000.0,None,507000,-909000.0,184000,None,372000,-1138000,369000.0,None,None,None,12.31,12.65
10,2017-12-31,USD,7463000.0,40290000,2674000,42353000,2910000,-5312000.0,0,0,-1880000.0,0,8051000.0,None,3323000,8511000.0,3915000,None,None,None,0,0,0,3457000.0,-3267000,0,-1194000.0,-5208000.0,None,USD,1163607000.0,29130000.0,None,15827000,1057351000.0,106256000.0,None,1026480000,100476000.0,5357000.0,11638000.0,24754000,169035000.0,13450000,1033312000,364000,364000,-1579000,18631000.0,29513000,93201000,77126000,16373000,3237000,13233000.0,490000,1026480000.0,None,None,None,None,None,None,None,None,None,None,None,None,None,None,None,None,None,None,None,None,None,None,USD,24712000,20000,-111113000,-4164000.0,-30222000,118452000,135075000.0,-2500000,-4911000.0,6666000,-673000.0,None,1240000,-3257000.0,3573000,1058000,-617000,6115000,1008000.0,None,None,None,13.15,12.31
11,2017-09-30,USD,37737000.0,-19051000,1618000,-20413000,-4850000,401000.0,0,0,470000.0,0,3543000.0,None,1829000,2051000.0,452000,None,None,None,0,0,0,69000.0,987000,0,-6164000.0,401000.0,None,USD,681379000.0,6178000.0,None,2514000,624000000.0,57379000.0,None,574950000,45427000.0,11709000.0,5297000.0,5079000,94604000.0,19166000,612413000,43753000,43753000,-1139000,12163000.0,21824000,612176000,51201000,None,1995000,6503000.0,663000,574950000.0,None,None,None,None,None,None,None,None,None,None,None,None,None,None,None,None,None,None,None,None,None,5000000,USD,10808000,21000,-50217000,-5425000.0,2164000,137854000,122390000.0,-415000,401000.0,3489000,596000.0,None,265000,-2010000.0,187000,567000,-344000,1064000,548000.0,None,None,None,13.2,13.15
12,2017-06-30,USD,23865000.0,4832000,1328000,5210000,2425000,179000.0,0,0,169000.0,0,3391000.0,None,1551000,-2404000.0,-344000,None,None,None,0,0,0,65000.0,-209000,0,3014000.0,3881000.0,None,USD,628241000.0,6249000.0,None,2688000,570726000.0,57515000.0,None,523895000,45240000.0,12040000.0,5242000.0,5079000,99275000.0,15677000,554089000,41589000,41589000,-1078000,12132000.0,18570000,568804000,51266000,None,1651000,11589000.0,1242000,523895000.0,None,None,None,None,None,None,None,None,None,None,None,None,None,None,None,None,None,None,None,None,None,None,USD,6042000,2000,-34173000,417000.0,516000,85119000,71335000.0,-642000,179000.0,-6727000,88000.0,None,268000,-1339000.0,13407000,None,75000,53000,323000.0,None,None,None,13.48,13.2
13,2017-03-31,USD,5815000.0,0,1234000,0,-485000,-567000.0,0,0,-582000.0,0,3482000.0,None,740000,769000.0,97000,None,None,None,0,0,0,-15000.0,0,0,-567000.0,-752000.0,None,USD,600373000.0,6320000.0,None,None,543282000.0,57091000.0,None,496507000,31833000.0,11751000.0,5702000.0,5079000,104618000.0,95145000,None,30000000,30000000,-1858000,12116000.0,None,533415000,50771000,None,1881000,11073000.0,1083000,496507000.0,None,None,None,13283000,None,None,None,None,None,None,None,None,None,None,None,None,None,None,None,None,None,None,USD,-54448000,11000,-54014000,215000.0,-1581000,57761000,43947000.0,-603000,-567000.0,3284000,-463000.0,None,419000,-669000.0,16064000,212000,-155000,443000,110000.0,None,None,None,11.95,13.48
14,2016-12-31,USD,21358000.0,16658000,693000,21358000,0,488000.0,0,0,612000.0,0,3198000.0,None,1613000,4984000.0,2172000,None,None,None,0,0,0,124000.0,-671000,0,3067000.0,488000.0,None,USD,543048000.0,6813000.0,None,12576000,501128000.0,41920000.0,None,452560000,29052000.0,12648000.0,5914000.0,5408000,104839000.0,8922000,489252000,5000000,5000000,-2197000,12201000.0,22123000,73113000,35107000,11337000,1726000,11154000.0,1277000,452560000.0,None,None,None,None,None,None,None,None,None,None,None,None,None,None,None,None,None,None,None,None,None,None,USD,-487000,0,-1064000,1654000.0,-9271000,-6454000,4218000.0,-1423000,488000.0,-3568000,3950000.0,None,1127000,-1772000.0,371000,1039000,-132000,1311000,615000.0,None,None,None,11.6,11.95
15,2016-09-30,USD,0.0,0,556000,0,0,971000.0,0,0,1425000.0,0,2872000.0,None,2651000,0.0,0,None,None,None,0,0,0,454000.0,0,0,0.0,971000.0,None,USD,527078000.0,6905000.0,None,None,482917000.0,44161000.0,None,None,22077000.0,14995000.0,6667000.0,5408000,102310000.0,None,None,None,None,None,12287000.0,None,None,None,None,None,11257000.0,1808000,458993000.0,None,None,None,None,None,None,None,None,None,None,None,None,None,None,None,None,None,None,None,None,None,None,USD,None,None,15555000,1381000.0,None,None,10651000.0,None,971000.0,None,2944000.0,None,None,-1327000.0,None,675000,None,None,447000.0,None,None,None,11.4,11.6
16,2016-06-30,USD,0.0,0,712000,0,0,855000.0,0,0,1065000.0,0,2652000.0,None,2365000,0.0,0,None,None,None,0,0,0,210000.0,0,0,0.0,855000.0,None,USD,527313000.0,7001000.0,None,None,483592000.0,43721000.0,None,None,22077000.0,14665000.0,6741000.0,5408000,104234000.0,None,None,None,None,None,12236000.0,None,None,None,None,None,11335000.0,1160000,461447000.0,None,None,None,None,None,None,None,None,None,None,None,None,None,None,None,None,None,None,None,None,None,None,USD,None,None,14540000,98000.0,None,None,13105000.0,None,855000.0,None,2688000.0,None,None,-884000.0,None,958000,None,None,253000.0,None,None,None,12.1,11.4
17,2016-03-31,USD,0.0,0,664000,0,0,753000.0,0,0,927000.0,0,2704000.0,None,2086000,0.0,0,None,None,None,0,0,0,174000.0,0,0,0.0,753000.0,None,USD,540915000.0,6182000.0,None,None,497937000.0,42978000.0,None,None,22077000.0,14089000.0,6033000.0,4757000,103825000.0,None,None,None,None,None,12349000.0,None,None,None,None,None,11400000.0,1637000,455504000.0,None,None,None,None,None,None,None,None,None,None,None,None,None,None,None,None,None,None,None,None,None,None,USD,None,None,11050000,724000.0,None,None,7162000.0,None,753000.0,None,390000.0,None,None,-442000.0,None,578000,None,None,151000.0,None,None,None,11.1,12.1
18,2015-12-31,USD,16167000.0,17489000,1475000,16167000,0,-1376000.0,0,0,-2668000.0,0,2929000.0,None,197000,4660000.0,1929000,None,None,None,0,0,0,-1292000.0,-582000,0,-754000.0,-1376000.0,None,USD,549449000.0,6258000.0,None,12012000,507146000.0,42303000.0,None,448342000,22077000.0,13442000.0,6879000.0,4757000,106929000.0,13364000,491153000,51925000,51925000,-108000,12373000.0,26261000,75850000,36045000,8009000,1594000,9350000.0,1979000,448342000.0,None,None,None,None,None,None,None,None,None,None,None,None,None,None,None,None,None,None,None,None,None,None,USD,-9209000,0,-16941000,1135000.0,22195000,22431000,18000.0,1712000,-754000.0,7116000,1626000.0,None,1297000,-1491000.0,54000,None,-357000,-272000,1496000.0,None,None,None,13.2,11.1
19,2015-09-30,USD,0.0,0,463000,0,0,622000.0,0,0,764000.0,0,2559000.0,None,1487000,0.0,0,None,None,None,0,0,0,142000.0,0,0,0.0,622000.0,None,USD,451965000.0,3472000.0,None,None,415245000.0,36720000.0,None,None,22077000.0,14389000.0,5827000.0,2297000,75645000.0,None,None,None,None,None,11696000.0,None,None,None,None,None,7350000.0,1057000,378735000.0,None,None,None,None,None,None,None,None,None,None,None,None,None,None,None,None,None,None,None,None,None,None,USD,None,None,None,928000.0,None,14913000,4818000.0,None,622000.0,None,1855000.0,None,None,-1118000.0,None,521000,None,None,1036000.0,None,None,None,12.25,13.2
