,fiscalDateEnding,reportedCurrency_x,totalRevenue,totalOperatingExpense,costOfRevenue,grossProfit,ebit,netIncome_x,researchAndDevelopment,effectOfAccountingCharges,incomeBeforeTax,minorityInterest,sellingGeneralAdministrative,otherNonOperatingIncome,operatingIncome,otherOperatingExpense,interestExpense,taxProvision,interestIncome,netInterestIncome,extraordinaryItems,nonRecurring,otherItems,incomeTaxExpense,totalOtherIncomeExpense,discontinuedOperations,netIncomeFromContinuingOperations,netIncomeApplicableToCommonShares,preferredStockAndOtherAdjustments,reportedCurrency_y,totalAssets,intangibleAssets,earningAssets,otherCurrentAssets,totalLiabilities,totalShareholderEquity,deferredLongTermLiabilities,otherCurrentLiabilities,commonStock,retainedEarnings,otherLiabilities,goodwill,otherAssets,cash,totalCurrentLiabilities,shortTermDebt,currentLongTermDebt,otherShareholderEquity,propertyPlantEquipment,totalCurrentAssets,longTermInvestments,netTangibleAssets,shortTermInvestments,netReceivables,longTermDebt,inventory,accountsPayable,totalPermanentEquity,additionalPaidInCapital,commonStockTotalEquity,preferredStockTotalEquity,retainedEarningsTotalEquity,treasuryStock,accumulatedAmortization,otherNonCurrrentAssets,deferredLongTermAssetCharges,totalNonCurrentAssets,capitalLeaseObligations,totalLongTermDebt,otherNonCurrentLiabilities,totalNonCurrentLiabilities,negativeGoodwill,warrants,preferredStockRedeemable,capitalSurplus,liabilitiesAndShareholderEquity,cashAndShortTermInvestments,accumulatedDepreciation,commonStockSharesOutstanding,reportedCurrency,investments,changeInLiabilities,cashflowFromInvestment,otherCashflowFromInvestment,netBorrowings,cashflowFromFinancing,otherCashflowFromFinancing,changeInOperatingActivities,netIncome_y,changeInCash,operatingCashflow,otherOperatingCashflow,depreciation,dividendPayout,stockSaleAndPurchase,changeInInventory,changeInAccountReceivables,changeInNetIncome,capitalExpenditures,changeInReceivables,changeInExchangeRate,changeInCashAndCashEquivalents,clossingVal,nextClossingVal
0,2020-06-30,USD,None,12757202,None,None,-12756173,-11118441,5323953,None,-11118441,None,7433249,None,-12757202,None,None,None,404004,404004,None,None,None,None,1234757,None,-11118441,-11118441,None,USD,134559451,None,None,None,2326102,132233349,None,33,15852,-141650666,None,None,151935,13824258,2326102,None,None,None,2935,134404581,None,132233349,120263581,None,None,None,965169,None,None,None,None,None,None,None,25000,None,154870,None,None,None,0,None,None,None,None,None,None,None,None,USD,-16338317,-137647,-16338317,None,None,22889744,None,226117,-11118441,1597771,-4953656,None,1029,None,None,None,None,6067757,0,None,None,None,44.75,
1,2020-04-30,USD,None,12757202,None,None,-12756173,-11118441,5323953,None,-11118441,None,7433249,None,-12757202,None,None,None,404004,404004,None,None,None,None,1234757,None,-11118441,-11118441,None,USD,134559451,None,None,None,2326102,132233349,None,33,15852,-141650666,None,None,151935,13824258,2326102,None,None,None,2935,134404581,None,132233349,120263581,None,None,None,965169,None,None,None,None,None,None,None,25000,None,154870,None,None,None,0,None,None,None,None,None,None,None,None,USD,None,-137647,-16338317,None,None,None,None,226117,None,None,-4953656,None,None,None,None,None,None,6067757,0,None,None,None,41.96,44.75
2,2020-03-31,USD,0,9974438,None,None,-9973392,-10673316,4507784,None,-10673316,None,5466654,None,-9974438,None,None,None,407652,407652,None,None,None,None,-1106530,None,-10673316,-10673316,None,USD,115420716,None,None,None,2261183,113159533,None,-32,14941,-130532225,None,None,171588,12226487,2261183,None,None,None,3964,115245164,None,113159533,102690508,None,None,None,1102815,None,None,None,None,None,None,None,25000,None,175552,None,None,None,0,None,None,None,243676820,None,114917000,None,15000000,USD,-23632215,580153,-23632215,-23632220,-110247,3004946,None,528991,-10673316,-24052032,-3424763,None,1046,None,3115190,None,None,6145892,0,None,None,None,34.11,41.96
3,2020-01-31,USD,0,9974438,None,None,-9973392,-10673316,4507784,None,-10673316,None,5466654,None,-9974438,None,None,None,407652,407652,None,None,None,None,-1106530,None,-10673316,-10673316,None,USD,115420716,None,None,None,2261183,113159533,None,-32,14941,-130532225,None,None,171588,12226487,2261183,None,None,None,3964,115245164,None,113159533,102690508,None,None,None,1102815,None,None,None,None,None,None,None,25000,None,175552,None,None,None,0,None,None,None,None,None,None,None,None,USD,None,580153,-23632215,None,-110247,None,None,528991,None,None,-3424763,None,None,None,None,None,None,6145892,0,None,None,None,44.35,34.11
4,2019-12-31,USD,0,4564195,None,None,-4563095,-4527048,1626239,None,-4527048,None,2937956,None,-4564195,None,-37916,None,37147,37147,None,None,None,None,37147,None,-4527048,-4527050,None,USD,117136140,None,None,None,1457846,115678294,None,36,14460,-119858909,None,None,25000,36278519,1457846,110250,110247,None,5000,116940296,None,115678294,80164823,73091,None,None,522663,None,None,None,None,None,None,None,25000,None,195844,None,None,None,0,None,None,None,235522750,None,116443340,None,None,USD,-80164823,-743885,-80164820,-80164820,-145678,112473093,None,-219076,-4527048,28428646,-3879624,None,1100,None,113894520,None,None,1609285,0,None,None,None,39.0,44.35
5,2019-09-30,USD,0,3707410,None,None,-3706310,-3669494,1887367,None,-3669494,None,1820043,None,-3707410,None,-37916,None,37916,37916,None,None,None,None,37916,None,-3669494,-3669494,None,USD,8514149,None,None,2,2536863,5977286,None,500000,9937,-115331861,None,None,209683,7849873,2536873,255930,255925,None,6110,8298356,None,5977286,None,71581,None,None,1266548,None,None,None,None,None,None,None,25000,None,215793,None,None,None,-10,None,None,None,121299210,None,7849870,None,10000000,USD,-80164823,342189,-23632215,None,-108279,1167470,None,-142642,-3669494,-1366681,-2534151,None,1100,None,1275750,None,176980,757716,0,None,None,None,10.25,39.0
6,2019-07-31,USD,0,3707410,None,None,-3706310,-3669494,1887367,None,-3669494,None,1820043,None,-3707410,None,None,None,37916,37916,None,None,None,None,None,None,-3669494,-3669494,None,USD,8514149,None,None,2,2536863,5977286,None,None,9937,-115331861,None,None,209683,7849873,2536873,None,255925,None,6110,8298356,None,5977286,None,None,None,None,1266548,None,None,None,None,None,None,None,25000,None,215793,None,None,None,-10,None,None,None,None,None,None,None,None,USD,None,342189,-23632215,None,-108279,None,None,-142642,None,None,-2534151,None,None,None,None,None,None,757716,0,None,None,None,2.2,10.25
7,2019-06-30,USD,0,4135702,None,None,-305512,-4122592,3069899,None,-4122592,None,1065803,None,-4135702,None,-37916,None,13110,13110,None,None,None,None,0,None,-4122592,-4122592,None,USD,10219733,None,None,-55,2606418,7613315,None,-45,9744,-111662367,None,None,228142,9216554,2606418,364200,364204,None,7210,9984381,None,7613315,None,247082,None,None,924359,None,None,None,None,None,None,None,25000,None,235352,None,None,None,0,None,None,None,119236700,None,9216550,None,6000000,USD,0,-155752,-23632215,None,-28769,10829781,None,383697,-4122592,7162701,-3667080,None,1088,None,17760640,None,-176980,403459,0,None,None,None,1.855,2.2
8,2019-04-30,USD,0,4135702,None,None,-305512,-4122592,3069899,None,-4122592,None,1065803,None,-4135702,None,None,None,None,13110,None,None,None,None,0,None,-4122592,-4122592,None,USD,10219733,None,None,-55,2606418,7613315,None,-45,None,-111662367,None,None,None,9216554,2606418,None,364204,None,None,9984381,None,None,None,None,None,None,924359,None,None,None,None,None,None,None,25000,None,235352,None,None,None,0,None,None,None,None,None,None,None,None,USD,None,-155752,-23632215,None,-28769,None,None,383697,None,None,-3667080,None,None,None,None,None,None,403459,0,None,None,None,1.81,1.855
9,2019-03-31,USD,0,2702004,None,None,-2700929,-2686070,1275948,None,-2686070,None,1426060,None,-2702000,None,-37916,None,15940,15939,None,None,None,None,15939,None,-2686065,-2686065,None,USD,2603730,None,None,-7,2129830,473900,None,-50,30980,-107539780,None,None,43910,2053850,2129830,28770,28769,None,8300,2330300,None,473898,None,68654,None,None,1080110,None,None,None,None,None,None,None,43908,None,273427,None,None,None,0,None,None,None,107982690,None,2053850,None,8000000,USD,0,721220,-23632215,None,-85969,6645680,None,-48441,-13195470,-185090,-2011929,None,3780,None,6902090,None,-176980,282,0,None,None,None,1.77,1.81
10,2018-12-31,USD,0,3478984,0,0,-3478984,-7129310,1257418,None,-7129310,None,2221566,None,-3478984,None,-139765,None,None,None,None,None,None,0,-3650326,None,-7129310,-7129310,None,USD,3298858,None,None,None,1864177,1434681,None,1105700,29764,-104853710,None,None,257833,2426751,1864177,None,None,None,9374,3031651,None,1434681,None,67235,None,None,358892,None,None,None,None,None,None,None,None,None,None,None,None,None,None,None,None,None,106258630,None,2426750,None,6000000,USD,None,-660467,None,None,-85466,4687119,None,1136769,-7129310,1539257,-3147862,None,1302,None,5177090,None,-176980,3379197,0,None,None,None,1.15,1.77
11,2018-09-30,USD,0,2411230,0,0,-2411230,-3380093,1421482,None,-3380093,None,989748,None,-2411230,None,-650322,None,None,None,None,None,None,0,-968863,None,-3380093,-3380093,None,USD,1556006,None,None,317000,10296374,-8740368,None,4917675,12550,-97724400,None,None,275172,887494,7103397,None,None,None,10676,1270158,None,-8740368,None,65846,3192977,None,1019357,None,None,None,None,None,None,None,None,None,None,None,None,None,None,None,None,None,None,None,None,None,3000000,USD,None,253918,None,None,-84966,319534,None,438309,-3380093,-1351449,-1670983,None,1405,None,None,None,7617,471341,0,None,None,None,1.12,1.15
12,2018-06-30,USD,0,1927773,0,0,-1927773,-3349932,959253,None,-3349932,None,968520,None,-1927773,None,-630826,None,None,None,None,None,None,0,-1422159,None,-3349932,-3349932,None,USD,3048079,None,None,427000,8561155,-5513076,None,4194634,12550,-94344307,None,None,298032,2238943,5904698,2941627,2941627,None,12080,2737967,None,-5513076,None,72103,2656457,None,765439,None,None,None,None,None,None,None,None,None,None,None,None,None,None,None,None,None,None,None,None,None,3000000,USD,None,-326139,-9800,None,257290,257290,None,-53663,-3349932,-2018683,-2266173,None,929,None,None,None,-7617,942269,9800,None,None,None,1.01,1.12
13,2018-03-31,USD,0,2549911,0,0,-2549911,-3201884,1666902,None,-3201884,None,883009,None,-2549911,None,-397111,None,None,None,None,None,None,0,-651973,None,-3201884,-3201884,None,USD,4795739,None,None,160000,7111732,-2315993,None,3957406,12548,-90994375,None,None,311473,4257626,5535452,1604160,1604160,None,3208,4481058,289874,-2315993,None,63153,1576280,63153,1091582,None,None,None,None,None,None,None,None,None,None,None,None,None,None,None,None,None,None,None,None,None,3000000,USD,None,805526,-9800,None,-56655,-56655,None,59998,-3201884,-1681898,-1625243,None,568,None,None,None,-7617,417127,9800,None,None,None,0.8899,1.01
14,2017-12-31,USD,0,1456585,0,0,-1456585,-1427350,150000,None,-1427350,None,1456000,None,-1456585,None,-312000,None,None,None,None,None,None,0,29235,None,-1427350,-1427350,None,USD,6574000,None,None,240000,5853000,721000,None,4178000,13000,-87792491,None,None,328000,5940000,4575000,1388938,1388938,None,4000,6241819,306160,721158,None,61849,1278000,61849,286000,None,None,None,None,None,None,None,None,None,None,None,None,None,None,None,None,None,None,None,None,None,3000000,USD,None,-89485,-9800,None,2386571,6343000,None,236128,-1427350,1254957,-1131614,None,582,None,None,None,262000,-207068,3000,None,None,None,0.75,0.8899
15,2017-09-30,USD,0,980856,0,0,-980856,-981686,166000,None,-981686,None,980000,None,-980856,None,-312000,None,None,None,None,None,None,0,-830,None,-981686,-981686,None,USD,5614000,None,None,369000,4149000,1465000,None,2925000,13000,-86365141,None,None,345000,4684000,3470000,873039,873039,None,4000,5265132,322110,1464662,None,211188,679000,60571,351000,None,None,None,None,None,None,None,None,None,None,None,None,None,None,None,None,None,None,None,None,None,3000000,USD,None,-232510,-2591,None,3955694,3956000,None,75229,-981686,2974055,-979048,None,548,None,None,None,96000,74572,3000,None,None,None,0.95,0.75
16,2017-06-30,USD,0,1846866,0,0,-1846866,-1633617,184000,None,-1633617,None,1765000,None,-1846866,None,-312000,None,None,None,None,None,None,0,213249,None,-1633617,-1633617,None,USD,2837000,None,None,472000,1377000,1460000,None,570000,13000,-85383455,None,None,360000,1711000,1377000,276670,276670,None,2000,2474917,337730,1460284,None,291916,None,59319,530000,None,None,None,None,None,None,None,None,None,None,None,None,None,None,None,None,None,None,None,None,None,3000000,USD,None,194127,-2202,None,-27583,-27583,None,222477,-1633617,-1046096,-1016311,None,18259,None,None,None,-655,183098,50000,None,None,None,0.82,0.95
17,2017-03-31,USD,0,0,0,0,-1981494,-1981494,491000,None,-1981494,None,1985000,None,-2282952,None,None,None,None,None,None,None,None,0,300985,None,-1981494,-1981494,None,USD,4170000,None,None,255000,1368000,2802000,None,866000,12000,-83749838,139000,None,414000,2757000,1229000,307013,307013,None,512000,3243511,None,2802032,None,None,None,None,335000,None,None,None,None,None,None,None,None,None,None,None,None,None,None,None,None,None,None,None,None,None,3000000,USD,None,140665,-20227,None,-82450,-82450,None,94233,-1981494,-1957685,-1855008,None,23268,None,None,None,-655,-131680,47000,None,None,None,0.9,0.82
18,2016-12-31,USD,0,0,0,0,-1030829,-1030829,254000,None,-1030829,None,1512000,None,-1536401,None,None,None,None,None,None,None,None,0,505950,None,-1030829,-1030829,None,USD,6225000,None,None,347000,1550000,4675000,None,996000,12000,-81768344,137000,None,415000,4715000,1413000,633538,633538,None,514000,5295622,None,4674967,None,2350,None,None,307000,None,None,None,None,None,None,None,None,None,None,None,None,None,None,None,None,None,None,None,None,None,3000000,USD,None,-290712,-2434,None,-54403,-54403,None,165998,-1030829,-1507366,-1450529,None,23581,None,None,None,2350,-320917,27000,None,None,None,1.09,0.9
