,fiscalDateEnding,reportedCurrency_x,totalRevenue,totalOperatingExpense,costOfRevenue,grossProfit,ebit,netIncome_x,researchAndDevelopment,effectOfAccountingCharges,incomeBeforeTax,minorityInterest,sellingGeneralAdministrative,otherNonOperatingIncome,operatingIncome,otherOperatingExpense,interestExpense,taxProvision,interestIncome,netInterestIncome,extraordinaryItems,nonRecurring,otherItems,incomeTaxExpense,totalOtherIncomeExpense,discontinuedOperations,netIncomeFromContinuingOperations,netIncomeApplicableToCommonShares,preferredStockAndOtherAdjustments,reportedCurrency_y,totalAssets,intangibleAssets,earningAssets,otherCurrentAssets,totalLiabilities,totalShareholderEquity,deferredLongTermLiabilities,otherCurrentLiabilities,commonStock,retainedEarnings,otherLiabilities,goodwill,otherAssets,cash,totalCurrentLiabilities,shortTermDebt,currentLongTermDebt,otherShareholderEquity,propertyPlantEquipment,totalCurrentAssets,longTermInvestments,netTangibleAssets,shortTermInvestments,netReceivables,longTermDebt,inventory,accountsPayable,totalPermanentEquity,additionalPaidInCapital,commonStockTotalEquity,preferredStockTotalEquity,retainedEarningsTotalEquity,treasuryStock,accumulatedAmortization,otherNonCurrrentAssets,deferredLongTermAssetCharges,totalNonCurrentAssets,capitalLeaseObligations,totalLongTermDebt,otherNonCurrentLiabilities,totalNonCurrentLiabilities,negativeGoodwill,warrants,preferredStockRedeemable,capitalSurplus,liabilitiesAndShareholderEquity,cashAndShortTermInvestments,accumulatedDepreciation,commonStockSharesOutstanding,reportedCurrency,investments,changeInLiabilities,cashflowFromInvestment,otherCashflowFromInvestment,netBorrowings,cashflowFromFinancing,otherCashflowFromFinancing,changeInOperatingActivities,netIncome_y,changeInCash,operatingCashflow,otherOperatingCashflow,depreciation,dividendPayout,stockSaleAndPurchase,changeInInventory,changeInAccountReceivables,changeInNetIncome,capitalExpenditures,changeInReceivables,changeInExchangeRate,changeInCashAndCashEquivalents,clossingVal,nextClossingVal
0,2020-06-30,USD,18232000,None,None,None,None,5191000,None,None,5785000,None,8818000,None,None,1493000,1326000,594000,6059000,4733000,None,None,None,594000,None,None,5191000,5191000,None,USD,724041000,8094000,None,None,639512000,84529000,None,None,55000,36130000,12045000,None,502853000,76493000,None,None,None,-2669000,5313000,None,54462000,84529000,54462000,1760000,71944000,None,None,None,None,None,None,None,None,None,None,None,None,None,None,None,None,None,None,None,None,None,None,None,None,USD,-10299000,0,-10299000,-1151000,34941000,68632000,33697000,-210000,5191000,54758000,-3575000,None,321000,None,-6000,None,None,-9449000,15000,None,None,None,10.05,
1,2020-03-31,USD,10876000,None,None,None,None,-818000,None,None,-807000,None,8530000,None,None,1326000,1628000,11000,6053000,4425000,None,None,None,11000,None,None,-818000,-818000,None,USD,652886000,7488000,134265000,None,573930000,78956000,None,None,55000,30939000,12617000,None,490756000,21735000,None,None,None,-2870000,5667000,None,55465000,78956000,55465000,1397000,52013000,None,None,None,None,None,None,None,None,None,None,None,None,None,None,None,None,None,None,None,50832000,None,None,None,5000000,USD,-4999000,0,-4999000,-456000,7610000,14414000,7999000,1026000,-818000,12993000,3578000,None,218000,None,-1195000,None,None,2769000,137000,None,None,None,9.59,10.05
2,2019-12-31,USD,10485000,9491000,None,10341000,None,829000,None,None,850000,None,6946000,None,850000,1368000,1827000,21000,6220000,4393000,None,None,None,21000,None,None,829000,829000,None,USD,631004000,8556000,127083000,64185000,552542000,78462000,None,None,56000,31757000,10957000,None,482139000,8742000,519658000,22476000,22476000,-4478000,5748000,74641000,57503000,78462000,57503000,1393000,44403000,None,497042000,None,None,None,None,None,None,None,None,None,None,None,None,None,None,None,None,None,51127000,None,None,None,5000000,USD,-22143000,0,-22143000,568000,-13265000,-9238000,6065000,2000,829000,-978000,30403000,None,214000,None,-2038000,None,None,28983000,237000,None,None,None,17.65,9.59
3,2019-09-30,USD,10876000,9718000,None,10876000,None,1144000,None,None,1158000,None,7464000,None,1158000,1317000,1968000,14000,6541000,4573000,None,None,None,14000,None,None,1144000,1144000,None,USD,641438000,8459000,147735000,95782000,561847000,79591000,None,None,57000,30928000,13333000,None,469208000,9716000,490846000,None,None,-4278000,5911000,107688000,47187000,79591000,47187000,1410000,57668000,None,490830000,None,None,None,None,None,None,None,None,None,None,None,None,None,None,None,None,None,52884000,None,None,None,5000000,USD,24439000,0,24439000,2451000,-63885000,-15813000,49513000,-377000,1144000,-1945000,-10571000,None,218000,None,-1441000,None,None,-11890000,40000,None,None,None,14.52,17.65
4,2019-06-30,USD,10344000,8863000,None,10488000,None,1506000,None,None,1625000,None,6469000,None,1625000,1464000,1965000,119000,6454000,4489000,None,None,None,119000,None,None,1506000,1506000,None,USD,652569000,8201000,166776000,104449000,573216000,79353000,None,None,58000,29784000,9483000,None,463683000,13380000,442180000,None,None,-281000,6162000,120297000,48851000,79353000,48851000,1665000,121553000,90000,441653000,None,None,None,None,None,None,None,None,None,None,None,None,None,None,None,None,None,54083000,None,None,None,5000000,USD,1051000,0,5619000,5838000,37911000,34014000,36774000,-99000,1506000,4907000,-30158000,None,216000,None,-1600000,None,None,-32081000,71000,None,None,None,15.1,14.52
5,2019-03-31,USD,7791000,7847000,None,7791000,None,-51000,None,None,-87000,None,5825000,None,-56000,1129000,1638000,-36000,6016000,4378000,None,None,None,-36000,-31000,None,-51000,-51000,None,USD,614348000,8140000,100396000,43384000,535953000,78395000,None,None,59000,28278000,7974000,None,492663000,8473000,444337000,None,None,-269000,6307000,53399000,50189000,78395000,50189000,1526000,83642000,76000,443821000,None,None,None,None,None,None,None,None,None,None,None,None,None,None,None,None,None,55419000,None,None,None,5000000,USD,4568000,0,4568000,4716000,-5394000,731000,1160000,-379000,-51000,-850000,-6149000,None,209000,None,-429000,None,None,-6200000,148000,None,None,None,15.11,15.1
6,2018-12-31,USD,9126000,7959000,0,9126000,0,-227000,0,0,-210000,0,6788000,None,1167000,1164000,1630000,None,None,None,0,0,0,17000,-1377000,0,-227000,-227000,None,USD,614340000,7786000,None,39978000,536379000,77961000,None,None,60000,28329000,9950000,None,494927000,7118000,521577000,84184000,84184000,-6036000,6368000,50003000,55256000,77961000,2205000,None,4852000,65000,437130000,None,None,None,None,None,None,None,None,None,None,None,None,None,None,None,None,None,55608000,None,None,None,6000000,USD,5231000,0,-9391000,-1229000,11625000,20886000,10346000,-557000,-227000,1198000,-10297000,None,302000,None,-1646000,None,None,-9815000,57000,None,None,None,14.15,15.11
7,2018-09-30,USD,7200000,7379000,1385000,7200000,0,-142000,0,0,-137000,0,6145000,None,-179000,1154000,1207000,None,None,None,0,0,0,5000,42000,0,-142000,-142000,None,USD,589682000,7316000,None,28538000,511552000,78130000,0,None,60000,28556000,6896000,0,480241000,5920000,427245000,None,None,-7035000,6521000,37728000,57876000,78130000,2695000,None,77411000,82000,427173000,0,0,0,0,0,-4179000,None,None,None,None,None,None,None,None,None,None,None,None,None,None,None,6000000,USD,1677000,0,-43556000,-316000,20731000,25256000,4525000,-500000,-142000,-3142000,15158000,None,628000,0,0,6553000,0,15172000,114000,None,None,None,16.53,14.15
8,2018-06-30,USD,6906000,7868000,916000,6906000,0,-1010000,0,0,-1006000,0,6515000,None,-962000,1299000,1006000,None,None,None,0,0,0,4000,-44000,0,-1010000,-1010000,None,USD,565909000,6845000,None,38096000,487536000,78373000,0,None,60000,28698000,7816000,0,439279000,9062000,423040000,56821000,56821000,-6692000,9521000,50555000,59709000,78373000,2695000,None,56680000,193000,422899000,0,0,0,0,0,-4225000,None,None,None,None,None,None,None,None,None,None,None,None,None,None,None,6000000,USD,2851000,0,-14449000,-551000,5760000,32389000,27190000,-359000,-1010000,98000,-17842000,None,498000,0,0,0,0,-16971000,528000,None,None,None,16.8,16.53
9,2018-03-31,USD,6295000,6958000,840000,6295000,0,-707000,0,0,-703000,0,5135000,None,1015000,1016000,745000,None,None,None,0,0,0,4000,-40000,0,-707000,-707000,None,USD,533536000,6599000,None,23425000,453665000,79871000,0,395592000,61000,27425000,7153000,0,83029000,8964000,395623000,50951000,50951000,-6555000,9256000,35680000,62225000,79871000,2695000,1335000,50920000,22283000,395592000,0,0,0,0,0,-4272000,None,None,None,None,None,None,None,None,None,None,None,None,None,None,None,6000000,USD,1092000,0,-5969000,706000,-25034000,4421000,29525000,-247000,-707000,142000,1690000,None,390000,0,0,4847000,0,2254000,731000,None,None,None,16.2348,16.8
10,2017-12-31,USD,27253000,35406000,857000,27253000,406000,-2175000,0,0,-2747000,0,5370000,None,890000,4686000,1537000,None,None,None,0,1665000,0,-572000,-1270000,0,-2028000,-2175000,None,USD,531892000,6397000,None,26822000,450409000,81483000,0,366836000,61000,29248000,7619000,0,85504000,8822000,436192000,69337000,69337000,-5486000,8670000,39144000,64886000,81483000,2940000,1432000,75954000,25583000,366836000,0,0,0,0,0,-4319000,None,None,None,None,None,None,None,None,None,None,None,None,None,None,None,5000000,USD,7599000,0,-64056000,-832000,37287000,52119000,14992000,1660000,-2126000,-6027000,5910000,None,1676000,0,0,5062000,0,4700000,3177000,None,None,None,15.3542,16.2348
11,2017-09-30,USD,0,-13882000,573000,0,-1218000,49000,0,0,178000,0,5350000,None,1849000,-1088000,88000,None,None,None,0,-563000,0,129000,0,0,-842000,49000,None,USD,505512000,6039000,None,27848000,422272000,83240000,0,358901000,59000,31104000,6436000,0,87344000,8155000,0,56954000,56954000,-5375000,7755000,0,None,83240000,0,1307000,56935000,26541000,358901000,0,0,0,0,0,-4366000,None,None,None,None,None,None,None,None,None,None,None,None,None,None,None,5000000,USD,2190000,0,-37473000,0,8471000,25726000,7461000,2902000,49000,-688000,5053000,None,457000,0,0,3911000,0,4291000,1932000,None,None,None,15.31,15.3542
12,2017-06-30,USD,0,7028000,585000,0,1218000,297000,0,0,66000,0,5334000,None,1556000,242000,85000,None,None,None,0,-144000,0,-231000,0,0,1191000,1191000,None,USD,507939000,8992000,None,33276000,424600000,83339000,0,368588000,59000,31272000,7548000,0,91831000,8843000,0,48482000,48482000,-5205000,7051000,0,None,83339000,0,1240000,48464000,32036000,368588000,0,0,0,0,0,-4413000,None,None,None,None,None,None,None,None,None,None,None,None,None,None,None,5000000,USD,978000,0,-30680000,0,17977000,27321000,17527000,-279000,-597000,427000,-2647000,None,269000,0,0,0,0,-12322000,1040000,None,None,None,15.9,15.31
13,2017-03-31,USD,0,0,635000,0,-406000,-447000,0,0,-470000,0,5332000,None,1192000,235000,400000,None,None,None,0,167000,0,-23000,0,0,-447000,-447000,None,USD,482494000,8878000,None,21067000,399532000,82962000,0,362097000,59000,30965000,6948000,0,91489000,8416000,0,30487000,30487000,-5709000,6519000,0,None,82962000,0,1144000,30487000,19923000,362097000,0,0,0,0,0,-4460000,None,None,None,None,None,None,None,None,None,None,None,None,None,None,None,5000000,USD,-18228000,0,-18602000,0,-8180000,2870000,11050000,-865000,-447000,-6433000,9299000,None,135000,0,0,10529000,0,-123000,374000,None,None,None,15.5,15.9
14,2016-12-31,USD,25774000,23332000,589000,25774000,0,174000,0,0,187000,0,5917000,None,1640000,3449000,776000,None,None,None,0,980000,0,10000,-1966000,0,463000,174000,None,USD,481224000,8486000,None,31615000,397922000,83302000,0,351179000,59000,31377000,8076000,0,92977000,14849000,378158000,26932000,26932000,-5791000,6280000,50821000,71115000,83302000,3675000,1163000,38667000,30452000,351179000,0,0,0,0,0,-4507000,None,None,None,None,None,None,None,None,None,None,None,None,None,None,None,None,USD,-7042000,0,-31191000,2524000,-9435000,40480000,-2258000,-358000,463000,10203000,914000,None,1652000,0,56868000,0,0,-843000,1071000,None,None,None,16.12,15.5
15,2016-09-30,USD,0,0,295000,0,0,289000,0,0,289000,0,6039000,None,3336000,0,817000,None,None,None,0,0,0,0,0,0,0,289000,None,USD,489557000,9351000,None,None,403705000,85852000,0,None,59000,34106000,10861000,0,95616000,26993000,0,None,None,None,6309000,0,None,None,0,None,36802000,29445000,356042000,0,0,0,0,0,-4601000,None,None,None,None,None,None,None,None,None,None,None,None,None,None,None,5000000,USD,None,None,-25278000,2157000,None,43596000,5090000,None,289000,None,4029000,None,353000,0,0,437000,0,None,674000,None,None,None,13.63,16.12
16,2016-06-30,USD,0,0,388000,0,0,718000,0,0,718000,0,2744000,None,1632000,0,-362000,None,None,None,0,0,0,-3000,0,0,0,718000,None,USD,456207000,2768000,None,None,422036000,34171000,0,None,0,34171000,6384000,0,74752000,72854000,0,None,None,None,3155000,0,None,None,0,None,24068000,5172000,391584000,0,0,0,0,0,0,None,None,None,None,None,None,None,None,None,None,None,None,None,None,None,None,USD,None,None,-1106000,0,None,70956000,14360000,None,718000,None,-1642000,None,238000,0,0,0,0,None,502000,None,None,None,nan,13.63
17,2016-03-31,USD,0,0,437000,0,0,2000,0,0,5000,0,2596000,None,1282000,0,375000,None,None,None,0,0,0,3000,0,0,0,2000,None,USD,390217000,2653000,None,None,356995000,33222000,0,None,0,33222000,6766000,0,79240000,5315000,0,None,None,None,3258000,0,None,None,0,None,29444000,5036000,320785000,0,0,0,0,0,0,None,None,None,None,None,None,None,None,None,None,None,None,None,None,None,None,USD,None,None,-4179000,0,None,5902000,11372000,None,2000,None,-1054000,None,143000,0,0,0,0,None,510000,None,None,None,nan,nan
18,2015-12-31,USD,15932000,16048000,259000,15932000,0,259000,0,0,156000,0,2677000,None,1601000,2580000,1356000,None,None,None,0,611000,0,-108000,-746000,0,-754000,259000,None,USD,383163000,2567000,None,5033000,350704000,32459000,None,309195000,None,32459000,6595000,None,82430000,4646000,332371000,23176000,23176000,261000,2891000,14961000,64995000,32459000,4675000,1065000,34914000,3370000,309195000,None,None,None,None,None,None,None,None,None,None,None,None,None,None,None,None,None,None,None,None,None,None,USD,13062000,0,-23196000,927000,10835000,25265000,14430000,-510000,259000,-557000,-2715000,None,1117000,None,56868000,None,None,-2568000,406000,None,None,None,nan,nan
19,2015-09-30,USD,0,0,191000,0,0,0,0,0,0,0,2961000,None,970000,0,0,None,None,None,0,0,0,0,0,0,0,0,None,USD,None,None,None,None,None,None,None,None,None,None,None,None,None,None,None,None,None,None,None,None,None,None,None,None,None,None,None,None,None,None,None,None,None,None,None,None,None,None,None,None,None,None,None,None,None,None,None,None,None,USD,None,None,None,None,None,None,None,None,None,None,None,None,None,None,None,None,None,None,0,None,None,None,nan,nan
