,fiscalDateEnding,reportedCurrency_x,totalRevenue,totalOperatingExpense,costOfRevenue,grossProfit,ebit,netIncome_x,researchAndDevelopment,effectOfAccountingCharges,incomeBeforeTax,minorityInterest,sellingGeneralAdministrative,otherNonOperatingIncome,operatingIncome,otherOperatingExpense,interestExpense,taxProvision,interestIncome,netInterestIncome,extraordinaryItems,nonRecurring,otherItems,incomeTaxExpense,totalOtherIncomeExpense,discontinuedOperations,netIncomeFromContinuingOperations,netIncomeApplicableToCommonShares,preferredStockAndOtherAdjustments,reportedCurrency_y,totalAssets,intangibleAssets,earningAssets,otherCurrentAssets,totalLiabilities,totalShareholderEquity,deferredLongTermLiabilities,otherCurrentLiabilities,commonStock,retainedEarnings,otherLiabilities,goodwill,otherAssets,cash,totalCurrentLiabilities,shortTermDebt,currentLongTermDebt,otherShareholderEquity,propertyPlantEquipment,totalCurrentAssets,longTermInvestments,netTangibleAssets,shortTermInvestments,netReceivables,longTermDebt,inventory,accountsPayable,totalPermanentEquity,additionalPaidInCapital,commonStockTotalEquity,preferredStockTotalEquity,retainedEarningsTotalEquity,treasuryStock,accumulatedAmortization,otherNonCurrrentAssets,deferredLongTermAssetCharges,totalNonCurrentAssets,capitalLeaseObligations,totalLongTermDebt,otherNonCurrentLiabilities,totalNonCurrentLiabilities,negativeGoodwill,warrants,preferredStockRedeemable,capitalSurplus,liabilitiesAndShareholderEquity,cashAndShortTermInvestments,accumulatedDepreciation,commonStockSharesOutstanding,reportedCurrency,investments,changeInLiabilities,cashflowFromInvestment,otherCashflowFromInvestment,netBorrowings,cashflowFromFinancing,otherCashflowFromFinancing,changeInOperatingActivities,netIncome_y,changeInCash,operatingCashflow,otherOperatingCashflow,depreciation,dividendPayout,stockSaleAndPurchase,changeInInventory,changeInAccountReceivables,changeInNetIncome,capitalExpenditures,changeInReceivables,changeInExchangeRate,changeInCashAndCashEquivalents,clossingVal,nextClossingVal
0,2020-08-31,USD,None,None,None,None,None,None,None,None,None,None,None,None,None,None,None,None,None,None,None,None,None,34195000,None,None,None,22047000,None,USD,None,None,None,None,None,None,None,None,2867199000,None,414425000,None,215044000,None,None,None,None,None,5759840000,None,None,2867199000,None,None,None,None,None,None,None,None,None,None,None,None,None,None,None,None,None,None,None,None,None,None,None,None,None,None,None,USD,None,311208000,-110318000,None,-2479000,None,-119000,124595000,None,None,1230863000,None,None,None,None,None,None,14564000,0,None,None,None,91.08,
1,2020-06-30,USD,2684712000,2599615000,2080120000,604592000,174125000,22047000,None,None,56242000,None,519495000,None,85097000,None,None,34195000,None,-28855000,None,None,None,34195000,None,None,22047000,22047000,None,USD,11322245000,None,None,None,8455046000,2867199000,None,None,2867199000,None,414425000,None,215044000,3793043000,3153072000,None,802507000,None,5759840000,5347361000,None,2867199000,None,162723000,2286295000,1117983000,1009704000,None,None,None,None,None,None,None,215044000,None,5974884000,3180531000,None,258869000,5301974000,None,None,None,None,None,None,None,None,USD,-110318000,311208000,-110318000,None,-2479000,3004000,-119000,124595000,22047000,1123549000,1230863000,None,89028000,0,-29000,639280000,None,14564000,110318000,None,None,None,85.24,91.08
2,2020-05-31,USD,1842673000,415305000,1889991000,-47318000,-462623000,-305842000,None,None,-469289000,None,415305000,None,-462623000,None,6666000,-163447000,3336000,-6666000,None,None,None,-163447000,None,None,-305842000,-305842000,None,USD,10728046000,None,None,111493000,5278885000,2817392000,163150000,570832000,3559000,1794567000,369654000,None,365040000,2669535000,2623617000,805000000,805000000,2817392000,2696718000,4587915000,None,5449161000,None,414664000,2285614000,1757263000,1247785000,None,None,3559000,None,1794567000,-465645000,None,3078373000,None,5775091000,3202601000,2285614000,206504000,2655268000,None,None,None,1484911000,10728046000,2669535000,None,355922000,USD,-139729000,-1044985000,-139729000,None,2777881000,2517127000,-3135000,-180424000,-305842000,1318956000,-1058442000,88501000,90598000,-101414000,-159340000,75076000,None,38210000,139729000,None,None,1318956000,96.96,85.24
3,2020-03-31,USD,1842673000,2305296000,1889991000,-47318000,-368689000,-305842000,None,None,-469289000,None,415305000,None,-462623000,None,10002000,-163447000,3336000,-6666000,None,None,None,-163447000,None,None,-305842000,-305842000,None,USD,10728046000,None,None,None,7910654000,2817392000,None,None,3559000,1794567000,369654000,None,365040000,2669535000,2623617000,None,805000000,None,5775091000,4587915000,None,2817392000,None,49624000,2285614000,1757263000,706267000,None,None,None,None,None,None,None,365040000,None,6140131000,3202601000,None,206504000,5287037000,None,None,None,None,None,None,None,None,USD,-139729000,-600918000,-139729000,None,2781016000,2517127000,-3135000,-180424000,-305842000,1318956000,-1058442000,None,90598000,-101414000,-164784000,75076000,None,38210000,139729000,None,None,None,86.97,96.96
4,2020-02-29,USD,4413445000,601879000,3224237000,1189208000,587329000,456133000,None,None,590616000,None,601879000,None,587329000,None,-3287000,-163447000,3336000,-6666000,None,None,None,134483000,3287000,None,456133000,456133000,None,USD,9348367000,None,None,147048000,3378590000,3359249000,149679000,564481000,3568000,2330702000,363765000,None,208321000,1351205000,2701934000,None,805000000,3359249000,2653436000,3432828000,None,5969777000,None,310557000,312891000,1832339000,2137453000,None,None,3568000,None,2330702000,-433328000,None,3053782000,None,5707218000,3202601000,312891000,214086000,676656000,None,None,None,1458307000,9348367000,1351205000,None,356775000,USD,-139729000,-197570000,-154232000,517000,2781016000,-398501000,-3135000,22561000,456133000,207883000,760616000,36016000,95803000,-91423000,-307078000,336457000,None,33777000,154232000,None,None,207883000,108.78,86.97
5,2019-12-31,USD,4413445000,3826116000,3224237000,1189208000,688622000,456133000,None,None,590616000,None,601879000,None,587329000,None,2203000,134483000,5490000,3287000,None,None,None,134483000,None,None,456133000,456133000,None,USD,9348367000,None,None,None,5989118000,3359249000,None,None,3568000,2330702000,363765000,None,208321000,1351205000,2701934000,None,None,None,5707218000,3432828000,None,3359249000,None,102236000,312891000,1832339000,1296482000,None,None,None,None,None,None,None,66878000,None,5915539000,3175009000,None,6687000,3287184000,None,None,None,None,None,None,None,None,USD,-154232000,-191495000,-154232000,None,2781016000,-398501000,-3135000,22561000,456133000,207883000,760616000,None,95803000,-91423000,-312836000,336457000,None,33777000,154232000,None,None,None,116.42,108.78
6,2019-11-30,USD,3849117000,604605000,2766432000,1082685000,478080000,370932000,None,None,482482000,None,604605000,None,478080000,None,-4402000,134483000,5490000,3287000,None,None,None,111550000,4402000,None,370932000,370932000,None,USD,9415841000,None,None,170304000,3537690000,3276779000,140740000,559433000,3594000,2267055000,366674000,None,200999000,1142709000,2858238000,None,None,None,2565882000,3606662000,None,5878151000,None,325852000,312778000,2168796000,2298805000,None,None,3594000,None,2267055000,-429583000,None,3042298000,None,5608180000,3175009000,312778000,225934000,679452000,None,None,None,1435713000,9415841000,1142709000,None,359378000,USD,-154232000,159669000,-150937000,517000,2781016000,-416404000,-3135000,66910000,370932000,-239874000,327467000,14413000,88191000,-91728000,-324676000,-332927000,None,27189000,150937000,None,None,-239874000,116.15,116.42
7,2019-09-30,USD,3849117000,3371037000,2766432000,1082685000,572987000,370932000,None,None,482482000,None,604605000,None,478080000,None,2314000,111550000,6716000,4402000,None,None,None,111550000,None,None,370932000,370932000,None,USD,9415841000,None,None,None,6139062000,3276779000,None,None,3594000,2267055000,366674000,None,200999000,1142709000,2858238000,None,None,None,5608180000,3606662000,None,3276779000,None,124853000,312778000,2168796000,1480205000,None,None,None,None,None,None,None,200999000,None,5809179000,3160805000,None,225934000,3280824000,None,None,None,None,None,None,None,None,USD,-150937000,118598000,-150937000,None,2781016000,-416404000,-3135000,66910000,370932000,-239874000,327467000,None,88191000,-91728000,-330221000,-332927000,None,27189000,150937000,None,None,None,109.85,116.15
8,2019-08-31,USD,3979869000,591970000,2843850000,1136019000,544049000,412721000,None,None,548831000,None,591970000,None,544049000,None,-4782000,111550000,6716000,4402000,None,None,None,136110000,4782000,None,412721000,412721000,None,USD,9151947000,None,None,167585000,3359453000,3296264000,139538000,549841000,3622000,2304678000,367380000,None,198790000,1382025000,2679408000,None,None,None,2505040000,3515918000,None,5792494000,None,329229000,312665000,1835869000,2129567000,None,None,3622000,None,2304678000,-425012000,None,2932199000,None,5437239000,3160805000,312665000,227842000,680045000,None,None,None,1412976000,9151947000,1382025000,None,362166000,USD,-150937000,76676000,-154685000,517000,2781016000,-408907000,-92920000,92464000,412721000,10884000,574476000,-7215000,84141000,-92920000,-315987000,-22096000,None,30249000,154685000,None,None,10884000,106.01,109.85
9,2019-06-30,USD,3979869000,3435820000,2843850000,1136019000,635364000,412721000,None,None,548831000,None,591970000,None,544049000,None,2392000,136110000,7174000,4782000,None,None,None,None,None,None,412721000,None,None,USD,9151947000,None,None,None,5855683000,3296264000,None,None,None,2304678000,None,None,None,1382025000,2679408000,None,None,None,None,3515918000,None,None,None,130439000,312665000,1835869000,1359829000,None,None,None,None,None,None,None,198790000,None,5636029000,3046071000,None,227842000,3176275000,None,None,None,None,None,None,None,None,USD,-154685000,None,None,None,None,-408907000,None,None,412721000,10884000,574476000,None,84141000,-92920000,-321598000,-22096000,None,None,154685000,None,None,None,99.12,106.01
10,2019-05-31,USD,3796642000,558250000,2701668000,1094974000,536724000,421142000,None,None,542359000,None,558250000,None,536724000,None,-5635000,136110000,7174000,4782000,None,None,None,121217000,5635000,None,421142000,421142000,None,USD,9049120000,None,None,160733000,3267064000,3267526000,134213000,536900000,3653000,2295858000,361001000,None,207063000,1366592000,2593511000,536900000,536900000,None,2436372000,3462705000,None,5782056000,None,328670000,312552000,1813773000,2056611000,None,None,3653000,None,2295858000,-423543000,None,2942980000,None,5379352000,3046071000,312552000,226788000,673553000,None,None,None,1391558000,9049120000,1366592000,None,365260000,USD,517000,70652000,-95112000,517000,None,-459437000,-92920000,-146673000,421142000,-45562000,508987000,-38465000,82757000,-93722000,-365715000,-63331000,None,36232000,95629000,None,None,-45562000,92.99,99.12
11,2019-02-28,USD,4107388000,575969000,2989744000,1117644000,541675000,441693000,None,None,546988000,None,575969000,None,541675000,None,-5313000,None,None,None,None,None,None,105295000,None,None,441693000,441693000,None,USD,6073691000,None,None,144079000,2767945000,3305746000,124308000,None,3682000,2298762000,None,None,None,1412900000,2009484000,None,None,None,2475201000,3404019000,None,3305746000,None,291057000,312440000,1750442000,2009484000,None,None,3682000,None,2298762000,-372663000,None,None,None,2475201000,None,312440000,321713000,758461000,None,None,None,1375965000,6073691000,1412900000,None,368242000,USD,2750000,-211568000,-117782000,None,-85000000,-432333000,None,None,441693000,66490000,616605000,37242000,84206000,-83326000,-264007000,228638000,None,36394000,120532000,None,None,66490000,94.83,92.99
12,2019-01-31,USD,4107388000,575969000,2989744000,1117644000,541675000,441693000,0,0,546988000,0,575969000,None,541675000,0,-5313000,105295000,None,None,0,0,0,105295000,5313000,0,441693000,441693000,None,USD,6073691000,None,None,144079000,2767945000,3305746000,124308000,47649000,3682000,2298762000,446021000,None,194346000,1412912000,2009484000,None,None,None,2475201000,3404019000,125000,3305746000,0,291057000,312440000,1750442000,2009484000,None,None,3682000,None,2298762000,-372663000,None,2669672000,None,2475201000,None,312440000,321713000,758461000,None,None,None,1375965000,6073691000,1412912000,None,373000000,USD,2750000,-217579000,-117782000,3489000,-85000000,-432333000,-92920000,43253000,441693000,66490000,616605000,37242000,84206000,-83326000,-264007000,228638000,None,36394000,120532000,None,None,66490000,92.12,94.83
13,2018-11-30,USD,3549608000,561577000,2547331000,1002277000,440700000,338108000,0,0,443653000,0,561577000,None,440700000,0,-2953000,None,None,None,0,0,0,105545000,2953000,0,338108000,338108000,None,USD,6235767000,0,None,177681000,3048604000,3187163000,112138000,773268000,3711000,2200742000,483982000,0,193759000,1349196000,2252294000,84997000,84997000,None,2418226000,3623307000,475000,3187163000,11734000,311584000,312328000,1979080000,2167297000,0,0,3711000,0,2200742000,-371959000,None,None,None,2418226000,None,312328000,371844000,796310000,None,None,None,1354669000,6235767000,1349196000,None,371058000,USD,234000,271160000,-114497000,13937000,-85000000,-359333000,-92920000,66945000,338108000,-37942000,435888000,1839000,83748000,-83892000,-275441000,-280691000,0,21724000,114731000,None,None,-37942000,87.6,92.12
14,2018-08-31,USD,3737926000,554581000,2666983000,1070943000,516362000,389404000,0,0,517755000,0,554581000,None,516362000,0,-1393000,None,None,None,0,0,0,128351000,1393000,0,389404000,389404000,None,USD,5963756000,0,None,173531000,2779146000,3184610000,114195000,708736000,3739000,2216878000,488782000,0,199091000,1386935000,1978147000,84989000,84989000,4000,2384301000,3379655000,709000,3184610000,11773000,320599000,312217000,1698390000,1893158000,0,0,3739000,0,2216878000,-369340000,None,None,None,2384301000,None,312217000,374587000,800999000,None,None,None,1333329000,5963756000,1386935000,None,373868000,USD,234000,-127374000,-98842000,9291000,-85000000,-358899000,None,-38916000,389404000,84393000,542134000,-28211000,82606000,-84561000,-274338000,197067000,0,28642000,98842000,None,None,84393000,95.78,87.6
15,2018-05-31,USD,3588619000,524423000,2522219000,1066400000,541977000,418252000,0,0,542480000,0,524423000,None,541977000,0,-503000,None,None,None,0,0,0,124228000,503000,0,418252000,418252000,None,USD,6020836000,0,None,147071000,2890548000,3130288000,109373000,77323000,3771000,2176882000,471818000,0,196833000,1302836000,2106625000,84981000,84981000,7000,2369215000,3454079000,709000,3130288000,11722000,306258000,312105000,1895456000,2021644000,0,0,3771000,0,2176882000,-363077000,None,None,None,2369215000,None,312105000,362445000,783923000,None,None,None,1312705000,6020836000,1302836000,None,377079000,USD,505000,220034000,-79288000,4645000,-85000000,-380896000,None,-51557000,418252000,11866000,472050000,-32914000,79797000,-85410000,-295486000,-253721000,0,40602000,79793000,None,None,11866000,78.88,95.78
16,2018-02-28,USD,4067806000,553306000,2922582000,1145224000,591918000,450747000,0,0,591532000,0,553306000,None,591918000,0,386000,None,None,None,0,0,0,140785000,-7676000,0,450747000,450747000,None,USD,5722051000,0,None,131460000,2672743000,3049308000,85806000,781585000,3796000,2071400000,348541000,0,188430000,1290294000,1926402000,84973000,84973000,27000,2382464000,3151157000,712000,3049308000,512000,275586000,311994000,1641735000,1841429000,0,0,3796000,0,2071400000,-318279000,None,None,None,2382464000,None,311994000,348541000,746341000,None,None,None,1292364000,5722051000,1290806000,None,379618000,USD,2000,-222489000,-87095000,17463000,-85000000,-282425000,None,46763000,450747000,146125000,515645000,30814000,85908000,-61067000,-221358000,198490000,0,-27825000,104560000,None,None,146125000,78.09,78.88
17,2017-08-31,USD,3328894000,517297000,2369148000,959746000,442449000,274449000,0,0,440669000,0,517297000,None,442449000,0,1780000,None,None,None,0,0,0,166220000,0,0,274449000,274449000,None,USD,5766978000,0,None,148677000,2908459000,2858519000,129782000,766622000,3824000,1900878000,325587000,0,182847000,1144169000,2056242000,396848000,396848000,40000,2348186000,3235945000,None,2858519000,518000,285203000,396848000,1840225000,2056242000,0,0,3824000,0,1900878000,-318279000,None,None,None,2348186000,None,396848000,325587000,852217000,None,None,None,1272056000,5766978000,1144687000,None,382000000,USD,19000,232020000,-96453000,1075000,None,-278013000,None,109232000,274449000,-6763000,367703000,-6090000,76350000,-61497000,-216516000,-231892000,0,22866000,97547000,None,None,-6763000,58.45,78.09
18,2017-05-31,USD,3431603000,498276000,2420942000,1010661000,512385000,316539000,0,0,510044000,0,498276000,None,512385000,0,2341000,None,None,None,0,0,0,193505000,0,0,316539000,316539000,None,USD,5514479000,0,None,143052000,2674595000,2839884000,129135000,656114000,3859000,1898244000,319770000,0,182949000,1150932000,1828961000,396729000,396729000,59000,2327113000,3004417000,None,2839884000,13683000,285049000,396729000,1608333000,1828961000,0,0,3859000,0,1898244000,-316002000,None,None,None,2327113000,None,396729000,319770000,845634000,None,None,None,1253724000,5514479000,1150932000,None,386000000,USD,19000,-101667000,-93513000,-187000,None,-276866000,None,-113059000,316539000,-93287000,277092000,-19352000,75085000,-62167000,-214699000,-13573000,0,20060000,93345000,None,None,-93287000,63.92,58.45
19,2017-02-28,USD,3306429000,474819000,2329966000,976463000,501644000,321018000,0,0,498475000,0,474819000,None,501644000,0,3169000,None,None,None,0,0,0,177457000,0,0,321018000,321018000,None,USD,5552975000,0,None,126183000,2775229000,2777746000,131556000,627984000,3894000,1850543000,309339000,0,179551000,1244219000,1937723000,396611000,396611000,75000,2308689000,3064735000,None,2777746000,13653000,279124000,396611000,1594760000,1937723000,0,0,3894000,0,1850543000,-311594000,None,None,None,2308689000,None,396611000,309339000,837506000,None,None,None,1234828000,5552975000,1244219000,None,390000000,USD,19000,211957000,-76031000,-60000,None,-312187000,None,-37168000,321018000,132620000,520838000,-37168000,75820000,-62795000,-249392000,-81874000,0,31085000,75971000,None,None,132620000,68.58,63.92
