,fiscalDateEnding,reportedCurrency_x,totalRevenue,totalOperatingExpense,costOfRevenue,grossProfit,ebit,netIncome_x,researchAndDevelopment,effectOfAccountingCharges,incomeBeforeTax,minorityInterest,sellingGeneralAdministrative,otherNonOperatingIncome,operatingIncome,otherOperatingExpense,interestExpense,taxProvision,interestIncome,netInterestIncome,extraordinaryItems,nonRecurring,otherItems,incomeTaxExpense,totalOtherIncomeExpense,discontinuedOperations,netIncomeFromContinuingOperations,netIncomeApplicableToCommonShares,preferredStockAndOtherAdjustments,reportedCurrency_y,totalAssets,intangibleAssets,earningAssets,otherCurrentAssets,totalLiabilities,totalShareholderEquity,deferredLongTermLiabilities,otherCurrentLiabilities,commonStock,retainedEarnings,otherLiabilities,goodwill,otherAssets,cash,totalCurrentLiabilities,shortTermDebt,currentLongTermDebt,otherShareholderEquity,propertyPlantEquipment,totalCurrentAssets,longTermInvestments,netTangibleAssets,shortTermInvestments,netReceivables,longTermDebt,inventory,accountsPayable,totalPermanentEquity,additionalPaidInCapital,commonStockTotalEquity,preferredStockTotalEquity,retainedEarningsTotalEquity,treasuryStock,accumulatedAmortization,otherNonCurrrentAssets,deferredLongTermAssetCharges,totalNonCurrentAssets,capitalLeaseObligations,totalLongTermDebt,otherNonCurrentLiabilities,totalNonCurrentLiabilities,negativeGoodwill,warrants,preferredStockRedeemable,capitalSurplus,liabilitiesAndShareholderEquity,cashAndShortTermInvestments,accumulatedDepreciation,commonStockSharesOutstanding,reportedCurrency,investments,changeInLiabilities,cashflowFromInvestment,otherCashflowFromInvestment,netBorrowings,cashflowFromFinancing,otherCashflowFromFinancing,changeInOperatingActivities,netIncome_y,changeInCash,operatingCashflow,otherOperatingCashflow,depreciation,dividendPayout,stockSaleAndPurchase,changeInInventory,changeInAccountReceivables,changeInNetIncome,capitalExpenditures,changeInReceivables,changeInExchangeRate,changeInCashAndCashEquivalents,clossingVal,nextClossingVal
0,2020-06-30,USD,285607000,134503000,14531000,160363000,25860000,11301000,31433000,None,13168000,None,91823000,None,25860000,121960000,12692000,1867000,7000,-13129000,None,None,None,1867000,437000,None,11301000,11301000,None,USD,3440446000,348620000,None,56967000,1880631000,1559815000,11562000,231420000,102000,8695000,31045000,1663639000,49598000,900953000,873141000,337888000,337888000,-6127000,169222000,1087595000,None,-452444000,None,129675000,843693000,None,303833000,None,None,102000,None,8695000,-4527000,None,142845000,None,28525000,125697000,843693000,163797000,1007490000,None,None,None,1561672000,3440446000,900953000,None,101990040,USD,-16530000,12922000,-16530000,-38000,64686000,395637000,-6267000,30121000,11301000,475154000,96047000,17102000,39280000,None,337218000,None,1948000,13494000,16492000,1948000,None,475154000,65.01,
1,2020-03-31,USD,276673000,138152000,13772000,153991000,15839000,5605000,31548000,None,3104000,None,95185000,None,15839000,120329000,12735000,-2501000,10000,-12905000,None,None,None,-2501000,170000,None,5605000,5605000,None,USD,2992487000,369942000,None,54405000,1801644000,1190843000,11066000,137904000,96000,-2090000,27964000,1663142000,55668000,425619000,529710000,22500000,22500000,-6268000,165957000,611637000,None,-842241000,None,131613000,1106331000,None,369306000,None,None,96000,None,-2090000,-104000,None,147560000,None,34249000,131099000,1106331000,165603000,1271934000,None,None,None,1199209000,2992487000,425619000,None,96277515,USD,-72716000,-7470000,-72716000,-59462000,-3750000,-3219000,-4375000,-12236000,5605000,-14353000,61582000,27000,37036000,None,4906000,None,12674000,13710000,13254000,12674000,None,-14353000,52.93,65.01
2,2019-12-31,USD,254767000,231155000,111759000,143008000,55885000,20169000,26308000,None,14523000,None,82043000,None,23612000,None,9767000,-5646000,323000,-9444000,None,None,None,-5646000,355000,None,20169000,20169000,None,USD,2969817000,372996000,None,51926000,1796891000,1172926000,11200000,134148000,96000,-7695000,27733000,1611749000,56919000,440477000,525344000,18750000,18750000,-2348000,163282000,635530000,7400000,-811819000,None,143127000,1110501000,None,372446000,None,None,96000,None,-7695000,-39483000,None,152448000,None,33812000,149440000,1110501000,161046000,1271547000,None,None,None,1222356000,2969817000,440477000,None,94744157,USD,-628774000,7661000,-628774000,-667594000,525480000,509852000,-4420000,65787000,20169000,11906000,130828000,None,31595000,None,-12587000,None,-9617000,11722000,12989000,None,None,None,53.75,52.93
3,2019-09-30,USD,255202000,121465000,109098000,146104000,24639000,11704000,27866000,None,15875000,None,83155000,None,24639000,10444000,8764000,4171000,507000,-8790000,None,None,None,4171000,26000,None,11704000,11704000,None,USD,2291910000,260680000,None,39003000,1142598000,1149312000,12294000,123062000,96000,-21371000,21584000,1104006000,53863000,429019000,706739000,309532000,309532000,-2488000,159605000,599414000,7400000,-215374000,None,131392000,291064000,None,274145000,None,None,96000,None,-21371000,-36224000,None,132723000,None,35482000,120527000,291064000,144795000,435859000,None,None,None,1209299000,2291910000,429019000,None,94944850,USD,-47576000,6559000,-47576000,-32531000,-235000,-11361000,-12511000,46166000,11704000,53831000,112768000,42636000,32942000,None,1385000,None,-1750000,20677000,15045000,-1750000,None,53831000,62.86,53.75
4,2019-06-30,USD,243861000,221591000,105608000,138253000,55041000,15063000,28151000,None,14241000,None,75931000,None,22270000,10402000,8864000,-822000,622000,-8242000,None,None,None,-822000,213000,None,15063000,15063000,None,USD,2189123000,262711000,None,17046000,1068804000,1120319000,9688000,113358000,96000,-33075000,16454000,1070828000,55136000,261571000,660669000,319093000,319093000,-2468000,194935000,537467000,7646000,-273620000,None,128080000,275701000,None,32673000,None,None,96000,None,-33075000,-34109000,None,23783000,None,1651656000,113511000,350786000,14999000,408135000,None,None,None,1189875000,2189123000,261571000,None,96000000,USD,-31871000,4992000,-31871000,-19278000,-5392000,-19127000,-8835000,-1359000,15063000,18387000,69385000,5731000,31936000,None,-6092000,None,-2354000,17828000,12593000,-2354000,None,18387000,58.85,62.86
5,2019-03-31,USD,234306000,112699000,99708000,134598000,21899000,11272000,29897000,None,15919000,None,72966000,None,21899000,9836000,5980000,4647000,-5981000,-8581000,None,None,None,4647000,2601000,None,11272000,11272000,None,USD,2144416000,271642000,None,31085000,1059041000,1085375000,9416000,121536000,96000,-47546000,15452000,1052725000,62492000,356425000,653006000,311995000,311995000,-1372000,153956000,512578000,6190000,-238992000,None,125068000,283659000,None,219475000,None,None,96000,None,-47546000,-33753000,None,113220000,None,40295000,105795000,283659000,122376000,406035000,None,None,None,1167950000,2144416000,356425000,None,94733242,USD,-10873000,-9134000,-10873000,None,-4033000,-19353000,-17197000,-60005000,11272000,-26234000,3992000,-43775000,31058000,None,1877000,None,-983000,15554000,10873000,-983000,None,-26234000,60.69,58.85
6,2018-12-31,USD,226974000,107282000,107292000,119682000,12400000,6272000,29772000,0,5654000,0,51337000,None,12400000,26173000,6746000,None,None,None,0,0,0,-618000,-14239000,0,6272000,6272000,None,USD,2097773000,287378000,None,34399000,1034749000,1063024000,9100000,120704000,96000,-58793000,41679000,1053119000,59072000,382758000,412232000,16133000,16133000,-492000,153528000,540753000,3923000,-277473000,None,123596000,580425000,None,275395000,None,None,96000,None,-58793000,-65470000,None,20393000,None,42602000,None,580425000,42092000,622517000,None,None,None,1187683000,2097773000,382758000,None,93650127,USD,-1750000,-8959000,-61735000,-48089000,-4042000,-35993000,-7186000,59508000,6272000,12117000,109845000,74360000,29360000,None,-24765000,None,-7650000,16462000,13646000,-7650000,-150000,11967000,48.19,60.69
7,2018-09-30,USD,224953000,111895000,94486000,130467000,18572000,9073000,28942000,0,9756000,0,73215000,None,18572000,9738000,8816000,None,None,None,0,0,0,683000,-9335000,0,9073000,9073000,None,USD,2038727000,293382000,None,38049000,963004000,1075723000,8900000,110507000,97000,-44372000,41972000,1009462000,57103000,370791000,629528000,306001000,306001000,207000,151213000,523281000,4286000,-227121000,90919000,114441000,291504000,0,213020000,0,0,97000,0,-44372000,-70319000,None,18992000,None,42397000,None,291504000,41972000,333476000,None,None,None,1190110000,2038727000,370791000,None,94025304,USD,-1750000,570000,-107793000,-92999000,-4038000,-29930000,-28101000,-15970000,9073000,-104981000,32742000,-21554000,28780000,0,2209000,0,118000,15755000,14794000,118000,80000,-104901000,65.9,48.19
8,2018-06-30,USD,216252000,113703000,85741000,130511000,16808000,8479000,30771000,0,8290000,0,82932000,None,16808000,0,8518000,None,None,None,0,0,0,-189000,-9686000,0,8479000,8479000,None,USD,2023906000,276983000,None,31305000,984531000,1039375000,8100000,111238000,96000,-53445000,46480000,918785000,58852000,475692000,642669000,303041000,303041000,253000,145340000,619481000,4465000,-156393000,102518000,112484000,295382000,0,228390000,0,0,96000,0,-53445000,-67360000,None,20710000,None,42607000,None,295382000,46480000,341862000,None,None,None,1159831000,2023906000,475692000,None,93959957,USD,None,-5407000,-147308000,-137475000,-54182000,377413000,-12905000,-9142000,8479000,261554000,31449000,-3782000,28238000,0,444500000,0,-8833000,12754000,9833000,-8833000,14000,261568000,55.1,65.9
9,2018-03-31,USD,201301000,106371000,76660000,124641000,18270000,10901000,29040000,0,10600000,0,77331000,None,18270000,0,7670000,None,None,None,0,0,0,-301000,-8677000,0,10901000,10901000,None,USD,1540348000,238704000,None,25238000,1018321000,522027000,5457000,222299000,87000,-61924000,41196000,751017000,60209000,214124000,343736000,16133000,16133000,275000,145522000,340367000,4529000,-467694000,112478000,101005000,633389000,0,105304000,0,0,87000,0,-61924000,-68407000,None,19533000,None,45205000,None,633389000,35739000,674585000,None,None,None,651996000,1540348000,214124000,None,84507545,USD,-1800000,12195000,-14460000,0,-3217000,-7405000,-9226000,3530000,10901000,48906000,70771000,-4753000,26272000,0,5038000,0,15648000,10508000,12660000,15648000,-127000,48779000,51.5,55.1
10,2017-12-31,USD,187680000,104354000,73513000,114167000,9813000,-20865000,25890000,0,3593000,0,78464000,None,9813000,0,6220000,None,None,None,0,0,0,24458000,-31338000,0,-20865000,-20865000,None,USD,1516293000,252337000,None,18729000,1014418000,501875000,5538000,212679000,87000,-75046000,47051000,751052000,1059286000,165345000,332907000,14116000,14116000,243000,148428000,308579000,4329000,-501514000,96002000,124505000,634460000,0,106112000,0,0,87000,0,-75046000,-61260000,None,11010000,None,44887000,None,634460000,41513000,681511000,None,None,None,637851000,1516293000,165345000,None,83180401,USD,-200000,9443000,-313837000,-302461000,247571000,242838000,-10133000,2994000,-20865000,-39960000,31039000,2284000,24288000,0,5400000,0,-18702000,35059000,11176000,-19170000,-31000,-39991000,44.3,51.5
11,2017-09-30,USD,169058000,95472000,69348000,99710000,4238000,6834000,21885000,0,-439000,0,73587000,None,4238000,0,4677000,None,None,None,0,0,0,-7273000,0,0,6834000,6834000,None,USD,1258828000,143447000,None,20597000,742138000,516690000,5640000,195814000,87000,-54181000,43774000,565425000,788104000,201894000,305253000,4600000,4600000,105000,147069000,323655000,None,-192182000,92560000,101164000,393111000,0,104839000,0,0,87000,0,-54181000,-51545000,None,9643000,None,69589000,None,393111000,38134000,436885000,None,None,None,622224000,1258828000,201894000,None,83130124,USD,-200000,2395000,-237430000,-225983000,-1133000,-3739000,-11069000,1360000,6834000,-215345000,25824000,-223000,19197000,0,8463000,0,468000,3784000,11447000,-6163000,88000,-215257000,39.9,44.3
12,2017-06-30,USD,161306000,87895000,67544000,93762000,5867000,6213000,21290000,0,3081000,0,66605000,None,5867000,0,2786000,None,None,None,0,0,0,-3132000,0,0,6213000,6213000,None,USD,1221447000,110318000,None,19354000,721876000,499571000,5896000,207716000,87000,-61015000,40795000,359420000,543055000,431070000,289265000,3833000,395649000,27000,138241000,540151000,None,29833000,106479000,89727000,391816000,0,77716000,0,0,87000,0,-61015000,-41364000,None,10057000,None,63260000,None,391816000,34899000,432611000,None,None,None,601836000,1221447000,431070000,None,82964638,USD,-200000,11690000,-81979000,-64775000,272182000,300749000,-8156000,6560000,6213000,265027000,46257000,-371000,16517000,0,36723000,0,6631000,11511000,17204000,697000,48000,265075000,35.95,39.9
13,2017-03-31,USD,152919000,79785000,63042000,89877000,10092000,8195000,20387000,0,9006000,0,59398000,None,10092000,0,1086000,None,None,None,0,0,0,811000,0,0,8195000,8195000,None,USD,876907000,94381000,None,17687000,425568000,451339000,6173000,194583000,86000,-67228000,38912000,312837000,476843000,155946000,268910000,3125000,3125000,3000,138379000,261685000,None,44121000,96430000,88052000,117746000,0,71202000,0,0,86000,0,-67228000,-33934000,None,10430000,None,59195000,None,117746000,32739000,156658000,None,None,None,552412000,876907000,155946000,None,82867780,USD,-200000,-3380000,-76028000,-66103000,-1389000,-3499000,-10037000,-1462000,8195000,-45320000,34207000,-1462000,14440000,0,7927000,0,5934000,10480000,9925000,5934000,-50000,-45370000,34.9,35.95
14,2016-12-31,USD,149071000,75797000,61364000,87707000,11910000,7361000,18714000,0,10998000,0,57083000,None,11910000,0,912000,None,None,None,0,-1500000,0,3637000,-4871000,0,7361000,7361000,None,USD,788098000,74976000,None,16548000,403335000,384763000,6308000,173173000,86000,-119260000,36151000,259938000,360215000,188540000,250527000,5469000,5469000,-53000,130428000,297455000,4098000,49849000,83654000,92367000,116657000,2110000,71885000,0,0,86000,0,-119260000,-30358000,None,9636000,15665000,490643000,None,116657000,29843000,152808000,None,None,None,534348000,788098000,188540000,None,81087353,USD,-3000000,10952000,-9736000,4500000,-781000,14519000,2949000,31814000,7361000,35875000,31092000,2748000,13960000,0,12351000,0,-12239000,6303000,14236000,-10232000,-79000,35796000,30.0,34.9
15,2016-09-30,USD,147955000,75030000,64111000,83844000,8814000,4210000,18743000,0,7750000,0,55537000,None,8814000,0,1064000,None,None,None,0,750000,0,3540000,0,0,4210000,4210000,None,USD,756534000,84579000,None,19152000,403026000,353508000,6582000,174059000,85000,-126621000,41870000,261768000,370445000,161374000,242989000,4688000,4688000,-595000,122119000,263970000,None,7161000,92284000,83444000,118167000,1774000,64242000,0,0,85000,0,-126621000,-28117000,None,8642000,15456000,492564000,None,118167000,35288000,160037000,None,None,None,508756000,756534000,161374000,None,80565811,USD,-3000000,1734000,-25614000,-95000,-905000,3486000,-3740000,15895000,4210000,22395000,44523000,15760000,14052000,0,8131000,0,2007000,12025000,22519000,-3258000,7000,22402000,25.7,30.0
16,2016-06-30,USD,142719000,75939000,62078000,80641000,4702000,2083000,18878000,0,3628000,0,57061000,None,4702000,0,1090000,None,None,None,0,-3000000,0,1545000,0,0,2083000,2083000,None,USD,729694000,91624000,None,33580000,395247000,334447000,6922000,159569000,85000,-130831000,42304000,261768000,378125000,123023000,233265000,3906000,3906000,-799000,114757000,236812000,None,-18945000,76335000,80209000,119678000,2185000,69790000,0,0,85000,0,-130831000,-26517000,None,5870000,18863000,492882000,None,119678000,35382000,161982000,None,None,None,492509000,729694000,123023000,None,77000000,USD,-3000000,5082000,-40422000,-12153000,-1055000,-1954000,-2581000,2448000,2083000,-10744000,31632000,2448000,14215000,0,1682000,0,1251000,11505000,28269000,-3701000,-67000,-10811000,22.33,25.7
17,2016-03-31,USD,128383000,67817000,54748000,73635000,5818000,2996000,17272000,0,5110000,0,50545000,None,5818000,0,708000,None,None,None,0,750000,0,2114000,0,0,2996000,2996000,None,USD,722819000,91723000,None,36190000,399854000,322965000,6992000,167924000,84000,-129140000,40443000,255398000,373610000,142667000,238223000,3125000,3125000,-529000,94188000,255021000,None,-24156000,85168000,76164000,121188000,3394000,67174000,0,0,84000,0,-129140000,-25600000,None,5571000,20918000,467798000,None,121188000,33451000,161631000,None,None,None,478150000,722819000,142667000,None,80021740,USD,-3000000,-1463000,-69369000,-59152000,84144000,66892000,-2334000,100000,2996000,26492000,28969000,100000,12607000,0,-14918000,0,4952000,9777000,10217000,4952000,96000,26588000,20.84,22.33
18,2015-12-31,USD,121700000,65672000,48453000,73247000,7575000,3900000,15880000,0,7174000,0,49265000,None,7575000,0,401000,None,None,None,0,527000,0,3274000,-23309000,0,3900000,3900000,None,USD,623201000,81280000,None,31379000,296749000,326452000,6979000,169605000,83000,-120415000,41402000,220097000,319060000,116372000,215347000,45408000,45408000,-546000,82198000,221943000,None,25075000,85461000,74192000,40000000,548000,45742000,0,0,83000,0,-120415000,-24338000,None,5632000,12051000,401258000,None,40000000,34423000,81402000,None,None,None,471668000,623201000,116372000,None,78793670,USD,-3000000,4219000,-14432000,399000,-4145000,-651000,-251000,4635000,3900000,12415000,27498000,3059000,12104000,0,3745000,0,-8701000,9948000,14831000,-5732000,-70000,12345000,22.45,20.84
19,2015-09-30,USD,121588000,82115000,52879000,68709000,-13406000,-8192000,16858000,0,-13797000,0,44983000,None,-13406000,0,391000,None,None,None,0,20274000,0,-5794000,0,0,-8192000,-8192000,None,USD,595464000,87287000,None,12181000,283545000,311919000,8546000,171173000,82000,-120898000,17681000,220104000,312592000,112652000,220425000,None,None,-476000,71944000,210928000,None,4528000,94086000,86095000,44000000,0,49252000,0,0,82000,0,-120898000,-23496000,None,5201000,None,384536000,None,44000000,10574000,63120000,None,None,None,456707000,595464000,112652000,None,77000000,USD,None,2277000,-7536000,-60000,-6143000,-22909000,-1206000,None,-8192000,-10725000,19720000,-2578000,11913000,0,-15560000,0,2969000,19282000,7476000,-2982000,-31000,-10756000,16.62,22.45
