,fiscalDateEnding,reportedCurrency_x,totalRevenue,totalOperatingExpense,costOfRevenue,grossProfit,ebit,netIncome_x,researchAndDevelopment,effectOfAccountingCharges,incomeBeforeTax,minorityInterest,sellingGeneralAdministrative,otherNonOperatingIncome,operatingIncome,otherOperatingExpense,interestExpense,taxProvision,interestIncome,netInterestIncome,extraordinaryItems,nonRecurring,otherItems,incomeTaxExpense,totalOtherIncomeExpense,discontinuedOperations,netIncomeFromContinuingOperations,netIncomeApplicableToCommonShares,preferredStockAndOtherAdjustments,reportedCurrency_y,totalAssets,intangibleAssets,earningAssets,otherCurrentAssets,totalLiabilities,totalShareholderEquity,deferredLongTermLiabilities,otherCurrentLiabilities,commonStock,retainedEarnings,otherLiabilities,goodwill,otherAssets,cash,totalCurrentLiabilities,shortTermDebt,currentLongTermDebt,otherShareholderEquity,propertyPlantEquipment,totalCurrentAssets,longTermInvestments,netTangibleAssets,shortTermInvestments,netReceivables,longTermDebt,inventory,accountsPayable,totalPermanentEquity,additionalPaidInCapital,commonStockTotalEquity,preferredStockTotalEquity,retainedEarningsTotalEquity,treasuryStock,accumulatedAmortization,otherNonCurrrentAssets,deferredLongTermAssetCharges,totalNonCurrentAssets,capitalLeaseObligations,totalLongTermDebt,otherNonCurrentLiabilities,totalNonCurrentLiabilities,negativeGoodwill,warrants,preferredStockRedeemable,capitalSurplus,liabilitiesAndShareholderEquity,cashAndShortTermInvestments,accumulatedDepreciation,commonStockSharesOutstanding,reportedCurrency,investments,changeInLiabilities,cashflowFromInvestment,otherCashflowFromInvestment,netBorrowings,cashflowFromFinancing,otherCashflowFromFinancing,changeInOperatingActivities,netIncome_y,changeInCash,operatingCashflow,otherOperatingCashflow,depreciation,dividendPayout,stockSaleAndPurchase,changeInInventory,changeInAccountReceivables,changeInNetIncome,capitalExpenditures,changeInReceivables,changeInExchangeRate,changeInCashAndCashEquivalents,clossingVal,nextClossingVal
0,2020-03-31,USD,8047406,8049913,5508392,2539014,33133,11946,536238,None,12507,None,1999773,None,-2507,None,8650,561,None,None,None,None,None,561,15014,None,11946,11946,None,USD,14358034,None,None,None,9589699,4768335,None,None,26035,-21176240,None,None,6132,8249260,9589699,None,None,-126287,117605,14234297,None,4768335,None,5111493,None,None,None,None,None,None,None,None,None,None,123737,None,123737,112775,None,None,0,None,None,None,26044830,None,8249260,None,26000000,USD,0,746769,None,None,None,1805837,None,-289400,11946,1480132,-313520,None,35640,None,-69163,None,-960713,142238,0,None,None,None,2.99,
1,2020-01-31,USD,None,None,None,None,None,None,None,None,None,None,None,None,None,None,None,None,None,None,None,None,None,561,None,None,None,11946,None,USD,None,None,None,None,None,None,None,None,26035,-21176240,None,None,6132,None,None,None,None,-126287,117605,None,None,4768335,None,None,None,None,None,None,None,None,None,None,None,None,None,None,None,None,None,None,None,None,None,None,None,None,None,None,None,USD,None,746769,None,None,None,None,None,-289400,None,None,-313520,None,None,None,None,None,None,142238,0,None,None,None,3.48,2.99
2,2019-12-31,USD,7530438,8245041,5256638,2273800,-677944,-592172,548719,None,-682620,None,2432844,None,-714603,None,-5460,806,None,None,91250,None,None,806,31983,91254,-683426,-592172,None,USD,11698661,None,None,None,8875670,2822991,None,2873415,24476,-21188186,None,None,6327,6769128,8864226,None,None,-111610,155542,11536792,None,2822991,None,4150780,None,None,5856740,None,None,None,None,None,None,None,161869,None,161869,145515,None,None,11444,None,None,None,24098310,None,6769130,None,24000000,USD,0,1424636,None,None,None,-127499,None,-219609,-592172,1181295,1307919,None,36659,None,-127499,None,226027,432378,0,None,None,None,3.6,3.48
3,2019-10-31,USD,None,None,None,None,None,None,None,None,None,None,None,None,None,None,None,None,None,None,None,None,None,806,None,91254,None,-592172,None,USD,None,None,None,None,None,None,None,None,24476,-21188186,None,None,6327,None,None,None,None,-111610,155542,None,None,2822991,None,None,None,None,None,None,None,None,None,None,None,None,None,None,None,None,None,None,None,None,None,None,None,None,None,None,None,USD,None,1424636,None,None,None,None,None,-219609,None,None,1307919,None,None,None,None,None,None,432378,0,None,None,None,2.46,3.6
4,2019-09-30,USD,7595113,7709693,5278578,2316535,-77509,-81457,499191,None,-101154,None,1924366,None,-114580,None,12120,6494,None,None,26190,None,None,6494,13426,26191,-107648,-81457,None,USD,10500173,None,None,None,7482686,3017487,None,2418795,24442,-20596014,None,None,14382,5587833,7437136,None,None,-113153,191572,10294219,None,3017487,None,4376807,None,None,4886724,None,None,None,None,None,None,None,205954,None,205954,177167,None,None,45550,None,None,None,23702210,None,5587830,None,24000000,USD,0,132418,None,None,None,-71875,None,-11143,-81457,234743,309732,None,37071,None,-71875,None,116362,116481,0,None,None,None,2.45,2.46
5,2019-07-31,USD,None,None,None,None,None,None,None,None,None,None,None,None,None,None,None,None,None,None,None,None,None,6494,None,26191,None,-81457,None,USD,None,None,None,None,None,None,None,None,24442,-20596014,None,None,14382,None,None,None,None,-113153,191572,None,None,3017487,None,None,None,None,None,None,None,None,None,None,None,None,None,None,None,None,None,None,None,None,None,None,None,None,None,None,None,USD,None,132418,None,None,None,None,None,-11143,None,None,309732,None,None,None,None,None,None,116481,0,None,None,None,2.75,2.45
6,2019-06-30,USD,7474602,7650826,5246997,2227605,-113673,-71853,549198,None,-151233,None,1846280,None,-176224,None,0,4895,None,0,84280,None,None,4895,24991,84275,-156128,-71853,None,USD,10413329,None,None,None,7381614,3031715,None,2310206,24376,-20514557,None,None,14406,5353090,7302288,None,None,-109585,229073,10169850,None,3031715,None,4493169,None,None,4862895,None,None,None,None,None,None,None,243479,None,243479,208513,None,None,79326,None,None,None,23631480,None,5353090,None,24000000,USD,-6721,-630566,-6721,None,None,59175,None,749741,-71853,50006,1316,None,37560,None,-40825,None,-126194,42628,6721,None,None,None,2.78,2.75
7,2019-04-30,USD,None,None,None,None,None,None,None,None,None,None,None,None,None,None,None,None,None,None,None,None,None,4895,None,84275,None,-71853,None,USD,None,None,None,None,None,None,None,None,24376,-20514557,None,None,14406,None,None,None,None,-109585,229073,None,None,3031715,None,None,None,None,None,None,None,None,None,None,None,None,None,None,None,None,None,None,None,None,None,None,None,None,None,None,None,USD,None,-630566,-6721,None,None,None,None,749741,None,None,1316,None,None,None,None,None,None,42628,0,None,None,None,2.25,2.78
8,2019-03-31,USD,7377960,7548772,5198300,2179660,-106715,-117680,537685,None,-145240,None,2343160,None,-173110,None,0,5480,None,0,33040,None,None,5482,25573,33044,-150724,-117680,None,USD,10964340,None,None,None,8043220,2921110,None,2069455,24230,-20442700,None,None,14400,5303080,7930450,126780,126780,-105960,259780,10690160,None,2921114,None,4366980,112775,None,5734212,None,None,None,None,None,None,None,274178,None,274178,239555,None,None,112775,None,None,None,23445550,None,5303080,None,24000000,USD,-4953,1116810,-9110,None,None,-159200,None,-138458,-888110,394900,575130,None,30470,None,-159200,None,-399378,98028,9110,None,None,None,2.15,2.25
9,2018-12-31,USD,6988842,7653399,5000603,1988239,-664557,-592537,None,None,-640793,None,2643063,None,-664557,None,None,None,None,None,None,None,None,7442,23764,55698,-648235,-592537,None,USD,9915638,None,None,None,6956780,2958858,None,2024235,24239,-20325024,None,None,14386,4761528,6811266,124409,124409,-100745,293162,9608090,None,2958858,None,3967597,145514,None,4662622,None,None,None,None,None,None,None,None,None,None,None,None,None,None,None,None,None,None,None,None,None,24000000,USD,None,684788,-4154,None,None,-38078,None,-334431,-592537,234501,277404,None,38355,None,None,None,83639,397590,4154,None,None,None,2.45,2.15
10,2018-09-30,USD,6952521,7186393,5004566,1947955,-233872,-177888,None,None,-210387,None,2170712,None,-233872,None,None,None,None,None,None,None,None,9221,23485,41720,-219608,-177888,None,USD,9439176,None,None,518000,6301323,3137853,None,1635527,24156,-19732487,None,None,14432,4527027,6124156,122087,122087,-99077,328314,9096430,None,3137853,None,4051236,177167,None,4366542,None,None,None,None,None,None,None,None,None,None,None,None,None,None,None,None,None,None,None,None,None,24000000,USD,None,-350623,-4154,None,None,-75200,None,-85269,-177888,-381153,-300123,None,39453,None,None,None,200015,74189,4154,None,None,None,2.4,2.45
11,2018-06-30,USD,7165873,7314914,5220221,1945652,-149041,-85210,None,None,-128745,None,2061962,None,-149041,None,None,None,None,None,None,None,None,7681,20296,51216,-136426,-85210,None,USD,9960393,None,None,420000,6680991,3279402,None,1665746,24017,-19554599,None,None,14372,4908180,6472478,119786,119786,-94707,366367,9579654,None,3279402,None,4251251,208513,None,4686946,None,None,None,None,None,None,None,None,None,None,None,None,None,None,None,None,None,None,None,None,None,23000000,USD,None,12558,-4154,None,None,-24306,None,32947,-85210,106875,129761,None,60787,None,None,None,84806,23873,4154,None,None,None,1.95,2.4
12,2018-03-31,USD,7281508,7552009,5363144,1918364,-270501,-195986,None,None,-254732,None,2156097,None,-270501,32768,-2000,None,None,None,None,None,None,10531,15769,69277,-265263,-195986,None,USD,10011952,21600,None,431000,6697196,3314756,None,1652160,23980,-19469389,None,None,14459,4801305,6457641,117507,117507,-93780,407814,9568079,None,3293156,None,4336057,239555,None,4687974,None,None,None,None,None,None,None,None,None,None,None,None,None,None,None,None,None,None,None,None,None,23000000,USD,None,-20065,-43200,-43200,None,-25478,None,662486,-195986,-123315,-44914,None,60546,None,-25478,None,-596958,45063,4154,None,None,None,1.3,1.95
13,2017-12-31,USD,6823000,7525649,5087000,1735870,-702429,-624580,None,None,-694117,None,2392000,None,-702429,46330,-3000,None,None,None,None,None,None,10000,8312,79353,-703933,-624580,None,USD,10175000,None,None,1052000,6745000,3430000,None,1306000,24000,-19273403,None,None,14000,4925000,6475000,115263,115263,-86395,445000,9715770,None,3429265,None,3739099,270000,None,5054000,None,None,None,None,None,None,None,None,None,None,None,None,None,None,None,None,None,None,None,None,None,23000000,USD,None,325950,-5882,-43200,None,-63283,None,-123502,-624580,382135,455599,None,73841,None,-63283,None,1726000,235213,29000,None,None,None,1.22,1.3
14,2017-09-30,USD,6748000,7576005,4998000,1749439,-828165,-772965,None,None,-818363,None,2537000,None,-828165,40568,-3000,None,None,None,None,None,None,12000,9802,57149,-830114,-772965,None,USD,10256000,32000,None,877000,6447000,3809000,None,1357000,24000,-18648823,None,None,46000,4542000,6147000,113065,113065,-79680,483000,9726588,None,3777653,None,4307776,300000,None,4677000,None,None,None,None,None,None,None,None,None,None,None,None,None,None,None,None,None,None,None,None,None,23000000,USD,None,-1744282,-37654,-14252,None,-39672,None,-82945,-772965,-1231465,-1145760,None,67816,None,-39672,None,1158000,229093,23000,None,None,None,1.15,1.22
15,2017-06-30,USD,6839000,7596401,5131000,1707910,-756894,-402447,None,None,-749948,None,2422000,None,-756894,36893,3000,None,None,None,None,None,None,7000,6946,354510,-756957,-402447,None,USD,12562000,42000,None,763000,8217000,4345000,None,1335000,24000,-17875858,None,None,56000,5774000,7889000,439187,439187,-70729,504000,12002351,None,4302753,None,5465299,328000,None,6443000,None,None,None,None,None,None,None,None,None,None,None,None,None,None,None,None,None,None,None,None,None,23000000,USD,None,752000,361000,421000,None,-39672,None,-82945,-402447,-1231465,-1145760,None,67816,None,-109000,None,297000,229093,60000,None,None,None,0.99,1.15
16,2017-03-31,USD,6644000,0,5056000,2047521,-310431,-637490,None,None,-313431,None,2334000,None,-320574,33906,3000,None,None,None,None,None,None,5000,10143,-318515,-318975,-637490,None,USD,12509000,58000,None,1474000,7947000,4562000,None,1164000,24000,-17473411,None,None,77000,5243000,7590000,88124,88124,-59399,529000,11902624,None,4502947,None,5186517,357000,None,6338000,None,None,None,None,None,None,None,None,None,None,None,None,None,None,None,None,None,None,None,None,None,23000000,USD,None,648000,-26225,430694,None,-7974,None,-34557,-637490,-1505649,-1452046,None,51924,None,-7974,None,575000,112326,42000,None,None,None,1.08,0.99
17,2016-12-31,USD,6086000,0,4711000,1693901,-734734,-842960,None,None,-737734,None,2401000,None,-740158,32426,3000,None,None,None,None,None,None,9000,5424,-95889,-747071,-842960,None,USD,13420000,77000,None,1438000,8308000,5112000,None,1168000,24000,-16835921,None,None,96000,6749000,8308000,None,None,-41309,71000,13252850,None,5034676,None,5065558,None,None,7140000,None,None,None,None,None,None,None,None,None,None,None,None,None,None,None,None,None,None,None,None,None,23000000,USD,None,1450000,-10532,-4542,None,-55826,None,-881106,-842960,182413,777000,None,32426,None,-55826,None,696000,303096,16000,None,None,None,1.03,1.08
18,2016-09-30,USD,6178000,None,4745000,None,None,None,None,None,None,None,1898000,None,None,None,3000,None,None,None,None,None,None,14000,None,None,None,None,None,USD,11891000,92000,None,569000,6188000,5703000,None,871000,24000,None,None,None,100000,6566000,6188000,None,None,None,79000,None,None,None,None,None,None,None,5317000,None,None,None,None,None,None,None,None,None,None,None,None,None,None,None,None,None,None,None,None,None,23000000,USD,None,None,None,None,None,None,None,None,None,None,534000,None,None,None,None,None,1185000,None,10000,None,None,None,1.04,1.03
19,2016-06-30,USD,6156000,None,4726000,None,None,None,None,None,None,None,1586000,None,None,None,3000,None,None,None,None,None,None,5000,None,None,None,None,None,USD,12372000,105000,None,338000,6331000,6041000,None,640000,24000,None,None,None,113000,6077000,6331000,None,None,None,82000,None,None,None,None,None,None,None,5691000,None,None,None,None,None,None,None,None,None,None,None,None,None,None,None,None,None,None,None,None,None,18000000,USD,None,79000,None,None,None,4746000,None,None,None,None,185000,None,None,None,None,None,None,None,58000,None,None,None,1.08,1.04
