,fiscalDateEnding,reportedCurrency_x,totalRevenue,totalOperatingExpense,costOfRevenue,grossProfit,ebit,netIncome_x,researchAndDevelopment,effectOfAccountingCharges,incomeBeforeTax,minorityInterest,sellingGeneralAdministrative,otherNonOperatingIncome,operatingIncome,otherOperatingExpense,interestExpense,taxProvision,interestIncome,netInterestIncome,extraordinaryItems,nonRecurring,otherItems,incomeTaxExpense,totalOtherIncomeExpense,discontinuedOperations,netIncomeFromContinuingOperations,netIncomeApplicableToCommonShares,preferredStockAndOtherAdjustments,reportedCurrency_y,totalAssets,intangibleAssets,earningAssets,otherCurrentAssets,totalLiabilities,totalShareholderEquity,deferredLongTermLiabilities,otherCurrentLiabilities,commonStock,retainedEarnings,otherLiabilities,goodwill,otherAssets,cash,totalCurrentLiabilities,shortTermDebt,currentLongTermDebt,otherShareholderEquity,propertyPlantEquipment,totalCurrentAssets,longTermInvestments,netTangibleAssets,shortTermInvestments,netReceivables,longTermDebt,inventory,accountsPayable,totalPermanentEquity,additionalPaidInCapital,commonStockTotalEquity,preferredStockTotalEquity,retainedEarningsTotalEquity,treasuryStock,accumulatedAmortization,otherNonCurrrentAssets,deferredLongTermAssetCharges,totalNonCurrentAssets,capitalLeaseObligations,totalLongTermDebt,otherNonCurrentLiabilities,totalNonCurrentLiabilities,negativeGoodwill,warrants,preferredStockRedeemable,capitalSurplus,liabilitiesAndShareholderEquity,cashAndShortTermInvestments,accumulatedDepreciation,commonStockSharesOutstanding,reportedCurrency,investments,changeInLiabilities,cashflowFromInvestment,otherCashflowFromInvestment,netBorrowings,cashflowFromFinancing,otherCashflowFromFinancing,changeInOperatingActivities,netIncome_y,changeInCash,operatingCashflow,otherOperatingCashflow,depreciation,dividendPayout,stockSaleAndPurchase,changeInInventory,changeInAccountReceivables,changeInNetIncome,capitalExpenditures,changeInReceivables,changeInExchangeRate,changeInCashAndCashEquivalents,clossingVal,nextClossingVal
0,2020-06-30,USD,13751000,None,None,None,None,480000,None,None,566000,None,6116000,None,None,764000,1110000,86000,12238000,11128000,None,None,None,86000,None,None,480000,480000,None,USD,1377374000,886000,None,None,1229896000,147478000,None,None,222000,81240000,632000,27076000,1019892000,158084000,None,None,None,2762000,17613000,None,137775000,119678000,137749000,5202000,56684000,None,None,None,None,None,None,None,None,None,None,None,None,2359000,None,None,None,None,None,None,None,None,None,None,None,USD,-85320000,0,-85320000,-1200000,29990000,195649000,168230000,-1881000,480000,115867000,5538000,None,732000,-1133000,-1447000,None,-1498000,4718000,847000,None,None,None,5.65,
1,2020-03-31,USD,12692000,8818000,None,12692000,3874000,2894000,None,None,3874000,None,8818000,None,3874000,652000,1241000,980000,12291000,11050000,None,None,None,980000,None,None,2894000,2894000,None,USD,1180808000,759000,180418000,249000,1031965000,148843000,None,990448000,225000,81870000,1977000,27076000,933153000,43388000,1002231000,None,None,2099000,17078000,47341000,1047479000,121008000,148291000,3704000,26662000,None,11783000,None,None,225000,None,81870000,None,None,37798000,None,3277000,2369000,26662000,3072000,29734000,None,None,None,64649000,1180808000,43388000,None,22544285,USD,-15253000,-6508000,-16599000,-4189000,-9000,-1799000,350000,-5661000,2894000,-20155000,-1757000,879000,808000,-1130000,-1019000,None,25000,145000,1605000,25000,None,-20155000,5.01,5.65
2,2019-12-31,USD,14655000,9248000,None,14655000,5407000,4128000,None,None,5407000,None,9248000,None,5407000,637000,1274000,1279000,12766000,11492000,None,None,None,1279000,-40000,None,4128000,4128000,None,USD,1184100000,799000,187291000,249000,1038294000,145806000,None,990464000,227000,80103000,906000,27076000,909228000,63503000,1008947000,None,None,-161000,16021000,67481000,1030886000,117931000,155757000,3729000,26640000,None,18483000,None,None,227000,None,80103000,None,None,38421000,None,3416000,2378000,26640000,2707000,29347000,None,None,None,65637000,1184100000,63503000,None,22748385,USD,3214000,758000,1420000,-1045000,-9000,6383000,7395000,532000,4128000,13235000,5432000,-386000,701000,-1022000,10000,None,98000,133000,749000,98000,None,13235000,8.21,5.01
3,2019-09-30,USD,14888000,8962000,None,14888000,5885000,4534000,None,None,5885000,None,6740000,None,5926000,682000,1163000,1351000,12882000,11719000,None,None,None,1351000,-41000,None,4534000,4534000,None,USD,1173019000,1086000,195340000,249000,1029900000,143119000,None,982275000,227000,77112000,1734000,27076000,903700000,49137000,995281000,None,None,221000,20195000,55869000,163713000,115204000,163682000,3827000,26619000,None,17502000,None,None,227000,None,77112000,None,None,38071000,None,3296000,2387000,28903000,3504000,30123000,None,None,None,65559000,1173019000,50268000,None,23000000,USD,16453000,0,16453000,2278000,-56949000,2630000,60433000,600000,4534000,24776000,5693000,764000,729000,-1019000,217000,None,162000,-318000,517000,162000,None,24776000,7.38,8.21
4,2019-06-30,USD,14606000,9194000,None,14606000,5412000,4192000,None,None,5412000,None,9194000,None,5412000,738000,1086000,1220000,12516000,11430000,None,None,None,1220000,-120000,None,4192000,4192000,None,USD,1165234000,880000,204684000,747000,1026571000,138663000,None,922274000,226000,73602000,1346000,27076000,910375000,27770000,996890000,56941000,None,-491000,15453000,203268000,876568000,110707000,170762000,3989000,26597000,None,17675000,None,None,226000,None,73602000,None,None,38469000,None,3520000,2395000,26597000,3084000,29681000,None,None,None,65326000,1165234000,198532000,None,22705385,USD,-2070000,-735000,-2152000,-14000,347000,-3235000,-2730000,724000,4192000,1162000,6549000,1418000,877000,-904000,52000,None,-70000,867000,82000,-70000,None,1162000,8.54,7.38
5,2019-03-31,USD,14542000,8836000,None,14542000,5580000,4207000,None,None,5580000,None,6585000,None,5706000,707000,930000,1373000,12464000,11873000,None,None,None,1373000,-126000,None,4207000,4207000,None,USD,1156921000,920000,212852000,747000,1023799000,133122000,None,925068000,226000,70428000,1983000,27076000,4195000,26594000,994190000,56586000,None,-2626000,15458000,209486000,865603000,105126000,178226000,3919000,28978000,None,12536000,None,None,226000,None,70428000,None,None,34183000,None,4195000,2403000,28978000,631000,29609000,None,None,None,65094000,1156921000,204820000,None,22607712,USD,-3033000,-3338000,-24971000,-23925000,22036000,-17000000,-70568000,-3945000,17266000,-21817000,20154000,-707000,2718000,-3163000,179000,None,-130000,-1213000,1046000,-130000,None,-444000,7.31,8.54
6,2018-12-31,USD,14462000,9028000,656000,14462000,5659000,4388000,0,None,5659000,None,8406000,None,5434000,622000,0,None,None,None,None,None,None,1271000,225000,None,4388000,4388000,None,USD,1151225000,966000,None,747000,1023131000,128094000,None,943578000,226000,67126000,192000,27076000,891752000,26129000,993976000,34543000,None,-4314000,14940000,212945000,857170000,100052000,182280000,3789000,26553000,None,15855000,None,None,226000,None,67126000,None,None,33448000,None,4680000,None,28963000,192000,29155000,None,None,None,65056000,1151225000,208409000,None,23000000,USD,-9105000,0,-5329000,3886000,34535000,-5798000,-39541000,3069000,4388000,-3686000,7441000,990000,734000,-792000,151000,None,None,-632000,110000,-118000,None,-3686000,7.28,7.31
7,2018-09-30,USD,14368000,8915000,861000,14368000,5453000,4229000,0,None,5453000,None,8915000,None,5453000,787000,0,None,None,None,None,None,None,1224000,-61000,None,4229000,4229000,None,USD,1148447000,1011000,None,3984000,1026037000,122410000,0,982272000,226000,63642000,1050000,27076000,873427000,28433000,996039000,None,None,-6502000,15403000,226880000,838367000,94323000,190792000,3671000,28948000,0,13767000,0,65044000,226000,0,63642000,0,None,34358000,None,5352000,None,28948000,1050000,29998000,None,None,None,65044000,1148447000,219225000,None,22598712,USD,-15953000,5189000,-14951000,1015000,-6000,-237000,408000,3811000,4229000,-6188000,9000000,-1431000,1038000,-790000,151000,309000,0,68000,13000,-93000,None,-6188000,8.84,7.28
8,2018-06-30,USD,14739000,9019000,418000,14739000,5720000,4442000,0,None,5720000,None,9019000,None,5720000,760000,0,None,None,None,None,None,None,1278000,-122000,None,4442000,4442000,None,USD,1140268000,1057000,None,4971000,1020440000,119828000,0,982350000,226000,60204000,580000,27076000,849848000,34621000,990929000,28931000,28931000,-5484000,15674000,243270000,815277000,91695000,200100000,3578000,28931000,0,8579000,0,64882000,226000,0,60204000,0,None,32875000,None,5039000,None,28931000,580000,29511000,None,None,None,64882000,1140268000,234721000,None,22570179,USD,-2771000,-886000,-1658000,1294000,-7000,-14063000,-13379000,-815000,4442000,-11499000,4222000,133000,872000,-677000,0,282000,0,-238000,181000,-101000,None,-11499000,8.44,8.84
9,2018-03-31,USD,13320000,9127000,587000,13320000,4193000,3009000,0,0,4193000,0,9127000,None,4193000,876000,2349000,None,None,None,0,0,0,1184000,-149000,0,3009000,3009000,None,USD,1151535000,1103000,None,5967000,1034634000,116901000,0,995691000,226000,56552000,1824000,27076000,834816000,46120000,1005082000,28915000,28915000,-4748000,15783000,268785000,800862000,88722000,213221000,3477000,28915000,298000,9391000,0,64871000,226000,0,56552000,0,None,33113000,None,4813000,None,28915000,637000,29552000,None,None,None,64871000,1151535000,259341000,None,22570179,USD,-6170000,315000,-5563000,996000,-1056000,22223000,23877000,1254000,3009000,21662000,5002000,871000,970000,-678000,80000,702000,0,-150000,389000,-13000,None,21662000,9.34,8.44
10,2017-12-31,USD,13686000,8558000,582000,13686000,5128000,1520000,0,0,5128000,0,8558000,None,5128000,169000,0,None,None,None,0,0,0,3608000,-169000,0,1520000,1520000,None,USD,1128342000,1161000,None,6963000,1011539000,116803000,0,972214000,226000,53878000,9377000,27076000,295485000,24328000,982381000,1050000,29948000,-2004000,15680000,259686000,786855000,88566000,224931000,3464000,28898000,649000,9117000,0,64703000,226000,0,53878000,0,None,33896000,None,3988000,None,28898000,260000,29158000,None,None,None,64703000,1128342000,249259000,None,22551912,USD,-39524000,-1851000,-36840000,2915000,1044000,-18112000,-18713000,-2516000,1520000,-53140000,1812000,-874000,981000,-506000,63000,489000,0,2389000,231000,-353000,None,-53140000,8.67,9.34
11,2017-09-30,USD,13438000,8759000,590000,13438000,4679000,3059000,0,0,4679000,0,8759000,None,4679000,409000,0,None,None,None,0,0,0,1620000,0,0,3059000,3059000,None,USD,1147680000,1219000,None,9797000,1030938000,116742000,0,990299000,225000,53034000,11758000,27076000,272166000,77426000,1001137000,28881000,28881000,-1129000,15740000,290918000,773480000,88447000,200584000,3111000,28881000,645000,10838000,0,64612000,225000,0,53034000,-26000,None,33080000,None,6167000,None,28881000,920000,29801000,None,None,None,64612000,1147680000,278010000,None,22533912,USD,21335000,2575000,22554000,1245000,-6000,16698000,17178000,2226000,3059000,42137000,2885000,-349000,-2374000,-506000,32000,401000,0,-1000,26000,-25000,None,42137000,8.4,8.67
12,2017-06-30,USD,13171000,9174000,590000,13171000,3997000,2654000,0,0,3997000,0,9174000,None,3997000,58000,0,None,None,None,0,0,0,1343000,0,0,2654000,2654000,None,USD,1125161000,1277000,None,11042000,1011244000,113917000,0,973483000,225000,50482000,8898000,27076000,275991000,35289000,981785000,28863000,28863000,-1346000,16041000,254429000,787735000,85564000,205012000,3086000,28863000,1066000,8302000,0,64556000,225000,0,50482000,-52000,None,32552000,None,6051000,None,28863000,596000,29459000,None,None,None,64556000,1125161000,240301000,None,22527401,USD,-25626000,-4794000,-25733000,0,-5000,-7012000,-6627000,2818000,2654000,-30505000,2240000,-137000,3838000,-450000,70000,0,0,824000,107000,-145000,None,-30505000,6.64,8.4
13,2017-03-31,USD,-4861000,8918000,538000,-4861000,-13779000,2034000,0,0,3013000,0,8918000,None,-13779000,2897000,1869000,None,None,None,0,-2300000,0,3813000,-1262000,0,-800000,2034000,None,USD,1133939000,1335000,None,11042000,1022675000,111264000,0,980058000,225000,48335000,13773000,27076000,272372000,65794000,993138000,28844000,28844000,-1764000,16232000,279991000,769446000,82853000,200214000,2941000,28844000,776000,13080000,0,64468000,225000,0,48335000,-77000,None,32249000,None,7610000,None,28844000,693000,29537000,None,None,None,64468000,1133939000,266008000,None,22510890,USD,5700000,2356000,21504000,16193000,-5000,8831000,9287000,5169000,2034000,36351000,6016000,-1297000,914000,-451000,0,445000,0,1838000,389000,171000,None,36351000,7.15,6.64
14,2016-12-31,USD,10835000,7851000,450000,10835000,2984000,1993000,0,0,2984000,0,7851000,None,2984000,270000,437000,None,None,None,0,5100000,0,991000,0,0,1993000,1993000,None,USD,985669000,25962000,None,11291000,876269000,109400000,0,840391000,225000,46750000,10738000,25572000,276133000,29322000,850841000,None,None,-2023000,13953000,250730000,655799000,83828000,207271000,2846000,25140000,1977000,10450000,0,64448000,225000,0,46750000,-103000,None,30950000,None,8665000,None,25140000,288000,25428000,None,None,None,64448000,985669000,236593000,None,22510890,USD,-77016000,2316000,-70913000,6126000,-5000,496000,940000,846000,1993000,-64745000,5672000,721000,965000,-450000,11000,0,0,102000,23000,-425000,None,-64745000,7.0,7.15
15,2016-09-30,USD,19199000,8397000,442000,19199000,10802000,1680000,0,0,2272000,0,8397000,None,10802000,-135000,-442000,None,None,None,0,-2875000,0,-592000,0,0,2864000,1680000,None,USD,984045000,25957000,None,15275000,873059000,110986000,0,838902000,225000,45207000,9012000,25572000,219154000,94067000,847077000,None,None,1129000,14206000,264014000,641933000,85414000,152251000,2421000,25145000,1530000,8175000,0,64425000,225000,0,45207000,-129000,None,30504000,None,7816000,None,25145000,837000,25982000,None,None,None,64425000,984045000,246318000,None,22507890,USD,-9814000,985000,-9903000,1000,-6000,49208000,49663000,-132000,1680000,42630000,3325000,-285000,1026000,-449000,0,0,0,-112000,90000,31000,None,42630000,5.38,7.0
16,2016-06-30,USD,18599000,7815000,439000,18599000,10784000,1697000,0,0,2522000,0,7815000,None,10784000,27000,-439000,None,None,None,0,575000,0,-825000,0,0,3347000,1697000,None,USD,932447000,25953000,None,16271000,822456000,109991000,0,789555000,225000,43976000,7750000,25572000,230516000,51437000,796784000,None,None,1369000,14403000,233843000,620383000,84419000,163684000,2451000,25151000,1026000,7229000,109991000,0,225000,0,43976000,-155000,None,30105000,None,8141000,None,25151000,521000,25672000,None,None,None,64421000,932447000,215121000,None,22507890,USD,-17453000,-119000,-17528000,21000,-5000,9210000,9664000,232000,1697000,-5023000,3295000,69000,1074000,-449000,0,135000,0,642000,96000,-68000,None,-5023000,4.73,5.38
17,2016-03-31,USD,17839000,-52325000,82000,17839000,70164000,1405000,0,0,94990000,0,-52325000,None,70164000,2717000,-432000,None,None,None,0,100000,0,-2487000,-1169000,0,97477000,1405000,None,USD,921229000,25952000,None,16769000,812956000,108273000,0,779803000,225000,42728000,7997000,25572000,218433000,56460000,787191000,25156000,25156000,902000,14595000,226303000,615437000,82701000,150690000,2384000,25156000,1098000,7388000,108273000,0,225000,0,42728000,-181000,None,30133000,None,9189000,None,25156000,609000,25765000,None,None,None,64418000,921229000,207150000,None,22507890,USD,-8555000,191000,-8631000,9000,-4000,32194000,32591000,-957000,1405000,26433000,2870000,-209000,1084000,-393000,0,630000,0,354000,85000,45000,None,26433000,4.2,4.73
18,2015-12-31,USD,17825000,7349000,434000,17825000,10476000,1706000,0,0,2555000,0,7349000,None,10476000,0,-434000,None,None,None,0,0,0,-849000,0,0,3404000,1706000,None,USD,886152000,25958000,None,17761000,780159000,105993000,0,747565000,225000,41773000,7434000,25572000,223282000,29955000,754743000,None,None,-422000,14814000,204437000,601017000,80421000,154292000,2429000,25160000,788000,7178000,0,0,225000,0,41773000,-206000,None,29498000,None,10814000,None,25160000,256000,25416000,None,None,None,64417000,886152000,184247000,None,22507890,USD,-32813000,676000,-32554000,374000,-5000,-11730000,-9887000,None,1706000,-39898000,4386000,None,999000,-336000,-1502000,662000,0,1253000,115000,-248000,None,-39898000,4.69,4.2
19,2015-09-30,USD,17281000,7284000,139000,17281000,9997000,1652000,0,0,2395000,0,7284000,None,9997000,0,-439000,None,None,None,0,0,0,743000,0,0,1652000,1652000,None,USD,896302000,25964000,None,21247000,789370000,106362000,0,756996000,225000,40460000,7209000,25572000,203488000,188674000,763493000,None,None,344000,15059000,227852000,586814000,80790000,15750000,2181000,25165000,1859000,6497000,0,0,225000,0,40460000,-232000,None,29852000,None,11153000,None,25165000,712000,25877000,None,None,None,65333000,896302000,204424000,None,22507890,USD,-15775000,-863000,-15536000,282000,-11000,34542000,34832000,None,1652000,20716000,1710000,386000,1050000,-279000,0,44000,0,-403000,43000,-112000,None,20716000,4.75,4.69
