,fiscalDateEnding,reportedCurrency_x,totalRevenue,totalOperatingExpense,costOfRevenue,grossProfit,ebit,netIncome_x,researchAndDevelopment,effectOfAccountingCharges,incomeBeforeTax,minorityInterest,sellingGeneralAdministrative,otherNonOperatingIncome,operatingIncome,otherOperatingExpense,interestExpense,taxProvision,interestIncome,netInterestIncome,extraordinaryItems,nonRecurring,otherItems,incomeTaxExpense,totalOtherIncomeExpense,discontinuedOperations,netIncomeFromContinuingOperations,netIncomeApplicableToCommonShares,preferredStockAndOtherAdjustments,reportedCurrency_y,totalAssets,intangibleAssets,earningAssets,otherCurrentAssets,totalLiabilities,totalShareholderEquity,deferredLongTermLiabilities,otherCurrentLiabilities,commonStock,retainedEarnings,otherLiabilities,goodwill,otherAssets,cash,totalCurrentLiabilities,shortTermDebt,currentLongTermDebt,otherShareholderEquity,propertyPlantEquipment,totalCurrentAssets,longTermInvestments,netTangibleAssets,shortTermInvestments,netReceivables,longTermDebt,inventory,accountsPayable,totalPermanentEquity,additionalPaidInCapital,commonStockTotalEquity,preferredStockTotalEquity,retainedEarningsTotalEquity,treasuryStock,accumulatedAmortization,otherNonCurrrentAssets,deferredLongTermAssetCharges,totalNonCurrentAssets,capitalLeaseObligations,totalLongTermDebt,otherNonCurrentLiabilities,totalNonCurrentLiabilities,negativeGoodwill,warrants,preferredStockRedeemable,capitalSurplus,liabilitiesAndShareholderEquity,cashAndShortTermInvestments,accumulatedDepreciation,commonStockSharesOutstanding,reportedCurrency,investments,changeInLiabilities,cashflowFromInvestment,otherCashflowFromInvestment,netBorrowings,cashflowFromFinancing,otherCashflowFromFinancing,changeInOperatingActivities,netIncome_y,changeInCash,operatingCashflow,otherOperatingCashflow,depreciation,dividendPayout,stockSaleAndPurchase,changeInInventory,changeInAccountReceivables,changeInNetIncome,capitalExpenditures,changeInReceivables,changeInExchangeRate,changeInCashAndCashEquivalents,clossingVal,nextClossingVal
0,2020-06-30,USD,1668000,4220000,646000,1022000,-2462000,-2855000,954000,None,-2787000,None,2620000,None,-2552000,None,249000,68000,None,-254000,None,None,None,68000,19000,None,-2855000,-2855000,None,USD,22706000,None,None,None,10807000,11899000,None,487000,993000,-175164000,644000,None,1037000,14064000,8847000,None,4548000,None,1973000,19696000,None,11899000,None,1054000,218000,3455000,2117000,None,None,None,None,None,None,None,1037000,None,3010000,1718000,None,50000,1960000,None,None,None,None,None,None,None,None,USD,-6000,-567000,-6000,-15000,-933000,613000,-12000,530000,-2855000,-2585000,-3192000,None,76000,None,None,-115000,-328000,67000,6000,None,None,None,1.76,
1,2020-03-31,USD,760000,4362000,387000,373000,-3463000,-3840000,985000,None,-3848000,None,2990000,None,-3602000,None,310000,-8000,-237000,-319000,None,None,None,-8000,73000,None,-3840000,-3840000,None,USD,25217000,None,None,None,12134000,13083000,None,395000,903000,-172309000,548000,None,1049000,16602000,10351000,None,5699000,None,2206000,21962000,None,13083000,None,726000,None,3340000,2789000,None,None,None,None,None,None,None,1049000,None,3255000,1893000,None,51000,1783000,None,None,None,184489000,None,16602000,None,10000000,USD,-9000,15000,-9000,-15000,-1266000,4690000,-1044000,-587000,-3840000,340000,-4341000,None,75000,None,5956000,-267000,68000,195000,9000,None,None,None,0.432,1.76
2,2019-12-31,USD,1181000,4388000,465000,716000,-3149000,-3575000,1056000,None,-3572000,None,2867000,None,-3207000,None,344000,3000,-360000,-349000,None,None,None,3000,-16000,None,-3575000,-3575000,None,USD,24372000,None,None,339000,13592000,10780000,None,402000,504000,-168469000,582000,None,1061000,16253000,10168000,5438000,5438000,None,2238000,21073000,None,10780000,None,794000,1527000,3123000,2698000,None,None,None,None,None,None,None,1061000,None,3299000,1952000,1527000,61000,3424000,None,None,None,178745000,None,16253000,None,6000000,USD,-14000,-259000,-14000,-15000,-461000,-551000,-1044000,531000,-3575000,-4155000,-3590000,None,79000,None,23204000,-393000,-222000,249000,14000,None,None,None,2.16,0.432
3,2019-09-30,USD,1234000,4265000,585000,649000,-2957000,-3389000,1018000,None,-3391000,None,2662000,None,-3031000,None,365000,-2000,-355000,-370000,None,None,None,-2000,10000,None,-3389000,-3389000,None,USD,28426000,None,None,None,14311000,14115000,None,428000,503000,-164894000,576000,None,1045000,20410000,9459000,4443000,4443000,None,2244000,25137000,None,14115000,None,572000,2983000,2980000,3043000,None,None,None,None,None,None,None,1045000,None,3289000,1905000,2983000,67000,4852000,None,None,None,178506000,None,20410000,None,7000000,USD,-8000,204000,-8000,-15000,-440000,-440000,-1019000,189000,-3389000,-3717000,-3269000,None,69000,None,23294000,-407000,-155000,220000,8000,None,None,None,3.06,2.16
4,2019-06-30,USD,877000,5112000,442000,435000,-4499000,-4587000,1860000,None,-4588000,None,2810000,None,-4235000,None,10000,-1000,-343000,-396000,None,None,None,-1000,43000,None,-4587000,-4587000,None,USD,31972000,None,None,None,14704000,17268000,None,406000,503000,-161505000,557000,None,1110000,24054000,8370000,3493000,3493000,None,2346000,28516000,None,17268000,None,417000,4373000,2661000,2817000,None,None,None,None,None,None,None,1110000,None,3456000,2039000,4373000,68000,6334000,None,None,None,178270000,None,24054000,None,5000000,USD,None,388000,-8000,None,-420000,18893000,-1225000,-374000,-4587000,15190000,-3703000,None,79000,None,23294000,-183000,675000,299000,8000,None,None,None,4.35,3.06
5,2019-03-31,USD,1581000,5156000,655000,926000,-3495000,-4000000,1414000,None,-3993000,None,3087000,None,-3575000,None,404000,7000,-407000,-415000,None,None,None,7000,-3000,None,-4000000,-4000000,None,USD,17036000,None,None,None,14981000,2055000,None,473000,253000,-156918000,515000,None,1096000,8862000,7271000,2587000,2587000,None,2526000,13414000,None,2055000,None,1092000,5699000,2478000,2756000,None,None,None,None,None,None,None,1096000,None,3622000,2143000,5699000,86000,7710000,None,None,None,158720000,None,8862000,None,3000000,USD,None,213000,-8000,None,-401000,3580000,-496000,-271000,-4000000,-673000,-4253000,None,94000,None,3981000,-238000,-334000,283000,8000,None,None,None,0.2161,4.35
6,2018-12-31,USD,1579000,5552000,965000,614000,-3973000,-5018000,1704000,0,-5027000,0,2883000,None,-3973000,0,-1034000,-9000,None,None,0,0,0,-9000,-1054000,0,-5018000,-5018000,None,USD,14962000,None,None,538000,13017000,1945000,None,682000,193000,-152918000,670000,None,1099000,9546000,5382000,1722000,1722000,None,626000,13237000,None,1945000,None,758000,6965000,2240000,2328000,None,None,None,None,None,None,None,None,None,None,None,6965000,None,None,None,None,None,154670000,None,9546000,None,1000000,USD,None,92000,-10000,-13000,-4403000,6888000,-2080000,556000,-5018000,4278000,-2600000,None,112000,None,13577000,232000,405000,1021000,10000,None,None,None,0.1741,0.2161
7,2018-09-30,USD,1617000,5740000,855000,762000,-4123000,-4533000,1597000,0,-4528000,0,3288000,None,-4123000,0,-414000,None,None,None,0,0,0,5000,-405000,0,-4533000,-4533000,None,USD,11874000,0,None,1235000,17095000,-5221000,0,623000,100000,-147900000,602000,0,1046000,5230000,11049000,6978000,6978000,None,728000,10100000,None,-5221000,0,1163000,5444000,2472000,2778000,0,0,0,0,0,0,None,None,None,None,None,None,None,None,None,None,None,None,None,None,None,1000000,USD,None,-259000,-10000,-13000,-792000,-756000,-57000,-330000,-4533000,-3862000,-3106000,None,122000,0,0,544000,694000,656000,10000,None,None,None,0.89,0.1741
8,2018-06-30,USD,1770000,7046000,1003000,767000,-5276000,-5798000,1897000,0,-5798000,0,4146000,None,-5276000,0,-455000,None,None,None,0,0,0,0,-522000,0,-5798000,-5798000,None,USD,17025000,0,None,1238000,18289000,-1264000,0,779000,100000,-143367000,578000,0,1058000,9094000,11071000,6441000,6441000,None,762000,15205000,None,-1264000,0,1857000,6640000,3016000,2957000,0,0,0,0,0,0,None,None,None,None,None,None,None,None,None,None,None,None,None,None,None,1000000,USD,None,459000,-3000,-13000,-1156000,4308000,-397000,7000,-5798000,263000,-4042000,None,116000,0,0,493000,-344000,1024000,3000,None,None,None,0.9799,0.89
9,2018-03-31,USD,1579000,7221000,897000,682000,-5642000,-6327000,2151000,0,-6327000,0,4173000,None,-5642000,0,-495000,None,None,None,0,0,0,0,-685000,0,-6327000,-6327000,None,USD,17720000,0,None,2018000,19219000,-1499000,0,557000,86000,-137570000,626000,0,1082000,8818000,10797000,6441000,6441000,-42000,756000,15882000,None,-1499000,0,1566000,7796000,3480000,2873000,0,0,0,0,0,0,None,None,None,None,None,None,None,None,None,None,None,None,None,None,None,1000000,USD,None,483000,-3000,-13000,-1115000,-729000,-12000,222000,-6327000,-5755000,-5026000,None,113000,0,0,134000,-433000,782000,3000,None,None,None,1.1,0.9799
10,2017-12-31,USD,1515000,35209000,786000,2393000,-19519000,-18871000,1609000,0,-18767000,0,6221000,None,-16640000,0,525000,None,None,None,0,0,0,94000,-2606000,0,-25089000,-25089000,None,USD,22863000,0,None,1625000,19156000,3707000,262000,1475000,84000,-131220000,518000,0,1085000,14567000,9727000,6441000,6441000,None,840000,20938000,None,3707000,0,1103000,8911000,3643000,1811000,0,0,0,0,0,0,None,None,None,None,None,None,None,None,None,None,None,None,None,None,None,1000000,USD,None,-1566000,-21000,-13000,-3102000,13408000,-2546000,-558000,-24717000,-9075000,-22462000,None,642000,0,9309000,-582000,151000,4168000,21000,None,None,None,1.1,1.1
11,2017-09-30,USD,1732000,-11738000,865000,-33000,-9516000,463000,1618000,0,482000,0,6060000,None,15000,0,516000,None,None,None,0,0,0,15000,0,0,-6119000,-6119000,None,USD,21484000,0,None,1703000,20144000,1340000,250000,1528000,60000,-125058000,524000,0,1182000,12928000,9617000,5663000,5663000,None,906000,19396000,None,1340000,0,1265000,10003000,3500000,2426000,0,0,0,0,0,0,None,None,None,None,None,None,None,None,None,None,None,None,None,None,None,1000000,USD,None,-563000,-19000,1932000,-333000,6341000,-76000,-279000,-18555000,-3327000,-17072000,None,0,0,9060000,381000,11000,924000,19000,None,None,None,1.45,1.1
12,2017-06-30,USD,2007000,6274000,1089000,-308000,12698000,91000,1385000,0,73000,0,6108000,None,288000,0,690000,None,None,None,0,0,0,-18000,0,0,12891000,12891000,None,USD,24321000,0,None,1259000,20918000,3403000,283000,1462000,56000,-119212000,568000,0,1210000,16255000,11813000,15978000,15978000,None,1068000,22043000,None,3403000,0,1114000,8537000,3415000,2910000,0,0,0,0,0,0,None,None,None,None,None,None,None,None,None,None,None,None,None,None,None,1000000,USD,None,-129000,-22000,1422000,-1246000,3830000,-272000,61000,-12709000,-873000,-11231000,None,0,0,6224000,296000,140000,1216000,22000,None,None,None,1.75,1.45
13,2017-03-31,USD,2499000,0,1270000,1049000,-5655000,-6400000,1430000,0,-6386000,0,6704000,None,-5655000,0,750000,None,None,None,0,0,0,14000,0,0,-6400000,-6400000,None,USD,25274000,0,None,1361000,21932000,3342000,333000,1463000,46000,-112903000,605000,0,1220000,17128000,12835000,8386000,8386000,None,1117000,22937000,None,3342000,0,1401000,8492000,3047000,2986000,0,0,0,0,0,0,None,None,None,None,None,None,None,None,None,None,None,None,None,None,None,1000000,USD,None,-483000,-10000,739000,-1168000,-490000,-41000,-225000,-6400000,-6550000,-6050000,None,0,0,658000,188000,147000,837000,10000,None,None,None,2.1,1.75
14,2016-12-31,USD,1591000,35210000,1530000,446000,-29341000,-24503000,2291000,0,-24589000,0,7903000,None,-21938000,0,520000,None,None,None,0,0,0,-6000,-3159000,0,-32503000,-32503000,None,USD,31763000,0,None,1291000,23503000,8260000,284000,1479000,45000,-106492000,587000,0,1018000,23678000,12398000,7495000,7495000,None,1258000,29335000,None,8260000,0,1254000,10518000,3264000,3424000,0,0,0,0,0,0,None,None,None,None,None,None,None,None,None,None,None,None,None,None,None,1000000,USD,None,748000,-437000,-13000,19078000,33783000,-501000,101000,-32503000,6599000,-26747000,None,696000,0,4099000,-911000,892000,4060000,452000,None,None,None,2.8,2.1
15,2016-09-30,USD,1400000,0,934000,205000,0,1078000,1968000,0,1194000,0,7693000,None,1185000,0,500000,None,None,None,0,0,0,9000,0,0,0,0,None,USD,20819000,0,None,1604000,16117000,4702000,215000,1752000,36000,-97948000,441000,0,1101000,12399000,10496000,None,None,None,1346000,18372000,None,None,0,None,5180000,3425000,3445000,0,0,0,0,0,0,None,None,None,None,None,None,None,None,None,None,None,None,None,None,None,1000000,USD,None,675000,-408000,1462000,None,15138000,None,None,-24000000,None,-20200000,None,0,0,4110000,1004000,1202000,None,408000,None,None,None,5.79,2.8
16,2016-06-30,USD,817000,0,568000,-408000,0,-2156000,3074000,0,-2201000,0,8673000,None,-2173000,0,502000,None,None,None,0,0,0,12000,0,0,0,0,None,USD,24638000,0,None,1792000,16588000,8050000,225000,1633000,33000,-90000000,409000,0,1107000,15686000,9835000,None,None,None,1451000,22080000,None,None,0,None,6344000,3415000,4239000,0,0,0,0,0,0,None,None,None,None,None,None,None,None,None,None,None,None,None,None,None,None,USD,None,1159000,-395000,967000,None,11725000,None,None,-16000000,None,-13500000,None,0,0,691000,936000,959000,None,395000,None,None,None,6.48,5.79
17,2016-03-31,USD,2061000,0,1405000,493000,0,-6922000,1695000,0,-6904000,0,6908000,None,-6415000,0,488000,None,None,None,0,0,0,18000,0,0,0,0,None,USD,31099000,0,None,1469000,15185000,15914000,0,1822000,33000,0,370000,0,1026000,21809000,7300000,None,None,None,1294000,0,None,None,0,None,7515000,3060000,2852000,0,0,0,0,0,0,None,None,None,None,None,None,None,None,None,None,None,None,None,None,None,None,USD,None,296000,-129000,479000,None,11006000,None,None,-6922000,None,-6937000,None,0,0,0,526000,295000,None,129000,None,None,None,9.4,6.48
18,2015-12-31,USD,1336000,28920000,1112000,214000,-25174000,-25415000,1687000,0,-25362000,0,7539000,None,-25174000,0,8000,None,None,None,0,0,0,29000,-188000,0,-25415000,-25415000,None,USD,25574000,0,None,1227000,4654000,20920000,0,1869000,33000,-73989000,311000,0,470000,17869000,4343000,None,None,None,1328000,23776000,None,20920000,43000,2146000,0,2534000,2474000,0,0,0,0,0,0,None,None,None,None,None,None,None,None,None,None,None,None,None,None,None,None,USD,1667000,1433000,1083000,-13000,19078000,137000,-501000,-976000,-25415000,-23960000,-25180000,None,438000,0,0,-2525000,-191000,2284000,584000,None,None,None,14.47,9.4
19,2015-09-30,USD,1165000,0,954000,0,0,0,1263000,0,0,0,6392000,None,0,0,7000,None,None,None,0,0,0,24000,0,0,0,0,None,USD,32968000,None,None,707000,5230000,27738000,None,1783000,None,None,268000,None,491000,25138000,4962000,None,None,None,1251000,None,None,None,None,None,None,3348000,3179000,None,None,None,None,None,None,None,None,None,None,None,None,None,None,None,None,None,None,None,None,None,None,USD,None,None,1235000,None,None,112000,None,None,None,None,None,None,None,None,None,None,None,None,0,None,None,None,7.68,14.47
