,fiscalDateEnding,reportedCurrency_x,totalRevenue,totalOperatingExpense,costOfRevenue,grossProfit,ebit,netIncome_x,researchAndDevelopment,effectOfAccountingCharges,incomeBeforeTax,minorityInterest,sellingGeneralAdministrative,otherNonOperatingIncome,operatingIncome,otherOperatingExpense,interestExpense,taxProvision,interestIncome,netInterestIncome,extraordinaryItems,nonRecurring,otherItems,incomeTaxExpense,totalOtherIncomeExpense,discontinuedOperations,netIncomeFromContinuingOperations,netIncomeApplicableToCommonShares,preferredStockAndOtherAdjustments,reportedCurrency_y,totalAssets,intangibleAssets,earningAssets,otherCurrentAssets,totalLiabilities,totalShareholderEquity,deferredLongTermLiabilities,otherCurrentLiabilities,commonStock,retainedEarnings,otherLiabilities,goodwill,otherAssets,cash,totalCurrentLiabilities,shortTermDebt,currentLongTermDebt,otherShareholderEquity,propertyPlantEquipment,totalCurrentAssets,longTermInvestments,netTangibleAssets,shortTermInvestments,netReceivables,longTermDebt,inventory,accountsPayable,totalPermanentEquity,additionalPaidInCapital,commonStockTotalEquity,preferredStockTotalEquity,retainedEarningsTotalEquity,treasuryStock,accumulatedAmortization,otherNonCurrrentAssets,deferredLongTermAssetCharges,totalNonCurrentAssets,capitalLeaseObligations,totalLongTermDebt,otherNonCurrentLiabilities,totalNonCurrentLiabilities,negativeGoodwill,warrants,preferredStockRedeemable,capitalSurplus,liabilitiesAndShareholderEquity,cashAndShortTermInvestments,accumulatedDepreciation,commonStockSharesOutstanding,reportedCurrency,investments,changeInLiabilities,cashflowFromInvestment,otherCashflowFromInvestment,netBorrowings,cashflowFromFinancing,otherCashflowFromFinancing,changeInOperatingActivities,netIncome_y,changeInCash,operatingCashflow,otherOperatingCashflow,depreciation,dividendPayout,stockSaleAndPurchase,changeInInventory,changeInAccountReceivables,changeInNetIncome,capitalExpenditures,changeInReceivables,changeInExchangeRate,changeInCashAndCashEquivalents,clossingVal,nextClossingVal
0,2020-06-30,USD,52871000,3887000,3558000,49313000,-882000,-2515000,None,None,-4895000,None,3853000,6000,-888000,None,4013000,-2380000,0,-4013000,None,34000,None,-2380000,-31000,None,-2515000,-2515000,None,USD,541300000,326138000,None,407863000,409824000,131759000,73317000,26357000,283000,-81680000,76971000,23691000,3706000,19048000,68003000,19000000,19000000,None,84380000,51342000,None,131476000,None,29302000,213396000,707000,22646000,None,None,283000,None,-81680000,-34006000,None,2755000,None,84380000,61103000,213396000,55108000,341821000,None,None,None,246879000,541300000,19048000,None,None,USD,1645000,-1462000,1645000,1645000,4935000,4918000,-17000,886000,-2515000,17795000,11232000,8967000,3792000,0,None,-60000,None,-601000,948000,3111000,None,17795000,1.13,
1,2020-03-31,USD,58250000,21845000,3700000,54550000,-18013000,-55204000,None,None,-22045000,None,4205000,-3000,-18010000,None,4032000,33159000,0,-4032000,None,17640000,None,33159000,-17638000,None,-55204000,-55204000,None,USD,534663000,326977000,None,410099000,400768000,134178000,75795000,18510000,283000,-79165000,78054000,23691000,5491000,1253000,57834000,14000000,14000000,None,86630000,39288000,None,133895000,None,36034000,213212000,647000,25324000,None,None,283000,None,-79165000,-34006000,None,4639000,None,86630000,60430000,213212000,53927000,342934000,None,None,None,246783000,534663000,1253000,None,27000000,USD,-2097000,4541000,-2097000,-2097000,-312000,-4389000,-3410000,-2988000,-55204000,1247000,7733000,-693000,3927000,-667000,None,70000,None,52673000,1671000,2419000,None,1247000,0.8601,1.13
2,2019-12-31,USD,64633000,8104000,3838000,60795000,3058000,-4512000,None,None,-1232000,None,3553000,1389000,1669000,None,4290000,3280000,1000,-4289000,None,4551000,None,3280000,-3162000,None,-4512000,-4512000,None,USD,558430000,345218000,None,430245000,368767000,189946000,42734000,18157000,283000,23294000,44991000,23998000,5088000,6000,53134000,12426000,12426000,None,87673000,41723000,None,189663000,None,39789000,216468000,717000,22551000,None,None,283000,None,23294000,-34006000,None,4197000,None,87673000,62728000,216468000,56431000,315633000,None,None,None,246680000,558430000,6000,None,27000000,USD,14808000,-6354000,14808000,14808000,-6078000,-17348000,-10603000,-1868000,-4512000,-1000,2539000,415000,4135000,-667000,None,-68000,1768000,7155000,1718000,1768000,None,-1000,1.44,0.8601
3,2019-09-30,USD,64116000,59183000,51109000,13007000,-10596000,-20005000,None,None,-18897000,None,4183000,None,4933000,None,4410000,1108000,0,-4410000,None,19460000,None,1108000,-19420000,None,-20005000,-20005000,None,USD,586245000,348801000,None,8731000,391574000,194671000,268000,17745000,283000,-18115000,42091000,26425000,5199000,7000,64916000,18065000,18065000,None,145306000,60514000,797000,-180555000,None,33465000,228091000,649000,4305000,None,None,283000,None,-18115000,-34006000,None,4134000,None,525731000,64736000,228224000,546000,326658000,None,None,None,246509000,586245000,7000,None,27000000,USD,-672000,4288000,-672000,3000,-4297000,-6040000,-13000,-2974000,-20005000,-2000,6710000,-1346000,3891000,-1730000,None,-19000,-2366000,23587000,1405000,-2366000,None,-2000,1.53,1.44
4,2019-06-30,USD,64680000,3975000,3976000,60704000,5619000,-3644000,None,None,1248000,None,4332000,18000,5601000,None,4371000,4892000,0,-4371000,None,-357000,None,4892000,375000,None,-3644000,-3644000,None,USD,611059000,381663000,None,5383000,394830000,216512000,38728000,20267000,283000,3620000,40648000,26445000,5370000,9000,66163000,22416000,22416000,None,94591000,41210000,889000,-191879000,None,35188000,227887000,630000,23480000,None,None,283000,None,3620000,-34006000,None,65957000,None,304000,69852000,227887000,62052000,328667000,None,None,None,246332000,611059000,9000,None,27000000,USD,-1815000,-4006000,-1815000,-1815000,4793000,3026000,-39000,-2616000,-3644000,5000,-1206000,-1690000,4232000,-1728000,None,-97000,-1755000,5754000,2293000,-1755000,None,5000,2.43,1.53
5,2019-03-31,USD,60469000,7895000,4229000,56240000,-556000,322000,None,None,-4981000,None,3871000,428000,-984000,None,4425000,-5303000,-4424000,-4424000,None,4024000,None,-5303000,-3597000,None,322000,322000,None,USD,612267000,381941000,None,5867000,391602000,220948000,33994000,21227000,283000,8992000,35476000,26445000,4166000,4000,66440000,16000000,16000000,None,95546000,39832000,998000,-187721000,None,33428000,227683000,533000,29213000,None,None,283000,None,8992000,-34006000,None,67167000,None,338000,71541000,227683000,63485000,325162000,None,None,None,245396000,612267000,4000,None,26000000,USD,-1388000,3579000,-1388000,-1388000,167000,-7692000,-6157000,-2071000,322000,-113000,8967000,286000,4488000,-1702000,None,-256000,1758000,-1210000,2404000,1758000,None,-113000,2.555,2.43
6,2018-12-31,USD,67188000,-9896000,-79510000,146698000,4094000,-3060000,0,0,-455000,0,-13019000,417000,3677000,0,4549000,2605000,None,None,0,3123000,0,2605000,-7259000,0,-3060000,-3060000,None,USD,559028000,387857000,None,6504000,337159000,222152000,48703000,11645000,283000,10372000,50146000,26789000,4237000,117000,52878000,19718000,19718000,None,96508000,43637000,218000,-192777000,None,36339000,234135000,677000,21515000,None,None,283000,None,10372000,-34006000,None,3638000,None,381000,None,234135000,1443000,284281000,None,None,None,245220000,559028000,117000,None,26000000,USD,None,-6142000,-1400000,-1400000,428000,-1263000,11000,910000,-3060000,100000,2763000,-100000,4851000,-1702000,43000,214000,1015000,5985000,2754000,1015000,None,100000,2.09,2.555
7,2018-09-30,USD,65528000,3228000,4636000,60892000,6278000,1207000,0,0,1771000,0,3987000,3000,6275000,0,4507000,564000,None,None,0,-759000,0,564000,-3745000,0,1207000,1207000,None,USD,568933000,392394000,None,8751000,342482000,226451000,47189000,12490000,283000,15134000,48804000,26789000,5274000,17000,53496000,10228000,10228000,None,96712000,47764000,217000,-192732000,0,38105000,240182000,891000,30778000,0,0,283000,0,15134000,-34006000,None,3590000,1070000,397000,None,240182000,1615000,288986000,None,None,None,245040000,568933000,17000,None,26000000,USD,None,6758000,-6719000,-1285000,1340000,-3400000,-157000,-342000,-132000,8000,10127000,614000,4910000,-1702000,22000,62000,-2730000,645000,5434000,-2730000,None,8000,3.4,2.09
8,2018-06-30,USD,66272000,17653000,47276000,18996000,1489000,-2167000,0,0,-3265000,0,12499000,146000,1343000,-4487000,4754000,-1098000,None,None,0,5154000,0,-1098000,-9834000,0,-2167000,-2167000,None,USD,564576000,384455000,None,15232000,337843000,226733000,46825000,11533000,283000,15629000,48239000,25803000,5291000,9000,49344000,12020000,12020000,None,96423000,52604000,35000,-183525000,0,36410000,240260000,953000,25791000,0,0,283000,0,15629000,-34006000,None,3768000,1070000,418000,None,240260000,1414000,288499000,None,None,None,244827000,564576000,9000,None,26000000,USD,None,-6249000,-220000,-1592000,1856000,3025000,-35000,-351000,-2167000,3000,-2802000,-4713000,4830000,-1701000,2000,-145000,-2275000,4574000,1372000,-1099000,None,3000,5.15,3.4
9,2018-03-31,USD,63795000,12300000,45824000,17971000,5748000,828000,0,0,1230000,0,12295000,77000,5671000,4487000,4518000,402000,None,None,0,5000,0,402000,-4446000,0,828000,828000,None,USD,570172000,392632000,None,10910000,339699000,230473000,463000,27440000,283000,19497000,49732000,26424000,6138000,6000,40191000,105000,105000,None,98653000,46325000,8000,-188583000,0,34601000,249776000,808000,62378000,0,0,283000,0,19497000,-34006000,None,3597000,1070000,463000,None,249776000,None,249776000,None,None,None,244699000,570172000,6000,None,26000000,USD,None,6744000,-2385000,87000,-8844000,-10485000,41000,-211000,828000,3000,12873000,855000,4773000,-1701000,19000,-78000,1176000,579000,2472000,None,None,3000,3.6,5.15
10,2017-12-31,USD,67211000,15852000,46828000,20383000,4532000,22358000,0,0,-18000,0,11537000,1000,4531000,13135000,4550000,None,None,None,0,4315000,0,-22376000,-22501000,0,22358000,22358000,None,USD,572819000,394331000,None,10324000,341538000,231564000,49746000,10499000,283000,20370000,15659000,26424000,426619000,3000,42149000,9109000,9000000,None,100480000,46720000,53000,-189474000,0,35663000,249579000,730000,22541000,0,0,283000,0,20370000,-34006000,None,3191000,1070000,550000,None,249579000,64000,299389000,None,None,None,244634000,572819000,3000,None,26000000,USD,None,-8621000,-488000,1866000,13000,-1675000,-8057000,-619000,22358000,-1000,2162000,22740000,4676000,-1701000,13000,79000,144000,-17319000,2354000,607000,None,-1000,4.5,3.6
11,2017-09-30,USD,65433000,12485000,47943000,17490000,4926000,-46000,0,0,124000,0,12390000,-79000,5005000,11941000,4802000,None,None,None,0,95000,0,170000,0,0,-46000,-46000,None,USD,583624000,403309000,None,7288000,370387000,213237000,70704000,10835000,283000,1160000,16124000,26436000,436468000,4000,50244000,6741000,6741000,None,102203000,44953000,None,-216508000,0,36944000,249375000,809000,32668000,0,0,283000,0,1160000,-34006000,None,3205000,1877000,549000,None,249375000,64000,320143000,None,None,None,245800000,583624000,4000,None,26000000,USD,None,6199000,-4863000,-1299000,-2086000,-3741000,-469000,-231000,0,-15000,8589000,-289000,4513000,-1701000,46000,58000,0,1240000,3564000,-3132000,None,-15000,6.6,4.5
12,2017-06-30,USD,66112000,11642000,45851000,20261000,5886000,1272000,0,0,1962000,0,12152000,-2733000,8619000,-12236000,3924000,None,None,None,0,-510000,0,690000,0,0,1272000,1272000,None,USD,577809000,401195000,None,8091000,363139000,214670000,69313000,9219000,283000,2907000,14858000,25628000,432681000,19000,44568000,10116000,259322000,None,101617000,43511000,191000,-212153000,0,34534000,249206000,867000,25233000,0,0,283000,0,2907000,-34006000,None,3284000,1877000,506000,None,249206000,52000,318571000,None,None,None,245486000,577809000,19000,None,27000000,USD,None,-424000,-1861000,353000,-4415000,-5745000,-30000,-937000,1272000,-64000,7542000,348000,4498000,-1697000,397000,-26000,2669000,3281000,2214000,-135000,None,-64000,7.1,6.6
13,2017-03-31,USD,64980000,13852000,46309000,18671000,5136000,1060000,0,0,1706000,0,13828000,317000,4819000,4122000,3430000,None,None,None,0,24000,0,646000,0,0,1060000,1060000,None,USD,578515000,402324000,None,7144000,363861000,214654000,68768000,9365000,282000,3332000,15131000,25628000,433015000,83000,39352000,2095000,2095000,None,102558000,42942000,17000,-213298000,0,34874000,255519000,841000,27892000,0,0,282000,0,3332000,-34006000,None,3104000,1877000,65000,None,255519000,222000,324509000,None,None,None,245046000,578515000,83000,None,26000000,USD,None,-1258000,-3130000,-446000,-4112000,-5954000,-209000,169000,1060000,-47000,9037000,1229000,4331000,-1691000,58000,-171000,2804000,2102000,2684000,2804000,None,-47000,7.45,7.1
14,2016-12-31,USD,70695000,19174000,48063000,22632000,5109000,2972000,0,0,1423000,0,11986000,1651000,3458000,13067000,3686000,None,None,None,0,7188000,0,-1549000,-20824000,0,2972000,2972000,None,USD,590268000,403257000,None,7287000,376422000,214128000,75617000,9491000,282000,3963000,15429000,25613000,431969000,130000,39140000,590000,590000,None,102790000,55509000,65000,-215024000,0,47422000,261084000,670000,29059000,0,0,282000,0,3963000,-34006000,None,2952000,None,82000,None,261084000,581000,337282000,None,None,None,243607000,590268000,130000,None,26000000,USD,None,-2296000,-3099000,-3203000,-3822000,-9208000,-3732000,1361000,2972000,50000,12357000,4318000,4875000,-1678000,24000,76000,4236000,4780000,104000,604000,None,50000,6.25,7.45
15,2016-09-30,USD,71272000,12666000,54626000,21501000,9681000,2192000,0,0,5955000,0,13123000,846000,8382000,12443000,3726000,None,None,None,0,-457000,0,3763000,0,0,2192000,2192000,None,USD,599073000,436290000,None,8003000,386660000,212413000,77598000,10739000,282000,2669000,16990000,25724000,439664000,80000,41536000,2681000,2681000,None,103322000,56087000,96000,-223877000,0,47258000,265368000,746000,28116000,0,0,282000,0,2669000,-34006000,None,3179000,None,99000,None,265368000,2158000,345124000,None,None,None,243468000,599073000,80000,None,26000000,USD,None,1268000,-5272000,228000,-437000,-1483000,-361000,5741000,2192000,36000,6791000,1504000,4543000,-1679000,633000,147000,3632000,2768000,5500000,-3449000,None,36000,5.88,6.25
16,2016-06-30,USD,67779000,11214000,51473000,20916000,9276000,3356000,0,0,5546000,0,12215000,-426000,9702000,-12369000,3730000,None,None,None,0,-1001000,0,2190000,0,0,3356000,3356000,None,USD,592341000,432412000,None,7315000,381405000,210936000,74161000,10667000,280000,2156000,17917000,24793000,435786000,44000,37852000,4439000,4439000,None,104559000,51996000,154000,-221476000,0,43734000,266378000,903000,22746000,0,0,280000,0,2156000,-34006000,None,3104000,None,116000,None,266378000,3014000,343553000,None,None,None,242506000,592341000,44000,None,26000000,USD,None,-885000,-1444000,1902000,-4220000,-7236000,-555000,-47000,3356000,-40000,8640000,3881000,4389000,-3321000,305000,-32000,7081000,983000,3346000,304000,None,-40000,7.22,5.88
17,2016-03-31,USD,64575000,13421000,45071000,19504000,4317000,353000,0,0,521000,0,13271000,-1766000,6083000,4135000,3796000,None,None,None,0,150000,0,168000,0,0,353000,353000,None,USD,593650000,407667000,None,7840000,383256000,210394000,71475000,11039000,279000,2121000,16896000,24784000,435569000,84000,42198000,6108000,6108000,None,105229000,52852000,130000,-222057000,0,44057000,266959000,871000,25051000,0,0,279000,0,2121000,-34006000,None,2855000,None,133000,None,266959000,2624000,341058000,None,None,None,242000000,593650000,84000,None,26000000,USD,None,-2829000,-5678000,-3248000,-5445000,-5414000,-2604000,145000,353000,-14000,11078000,498000,4376000,0,31000,22000,6777000,2234000,2430000,6777000,None,-14000,5.76,7.22
18,2015-12-31,USD,69147000,12922000,46960000,22187000,12030000,5255000,0,0,8179000,0,12458000,2765000,9265000,17741000,3851000,None,None,None,0,464000,0,2924000,-14082000,0,5255000,5255000,None,USD,597375000,405345000,None,7985000,387554000,209821000,71012000,13128000,279000,1768000,15364000,24563000,435093000,98000,43654000,5662000,5662000,None,105483000,56799000,173000,-220087000,0,47823000,271454000,893000,24864000,0,0,279000,0,1768000,-34006000,None,2500000,None,2512000,None,271454000,1434000,343900000,None,None,None,241780000,597375000,98000,None,26000000,USD,None,-720000,-6585000,-344000,-2605000,-4201000,-11000,3743000,5255000,-88000,10698000,12489000,4667000,-1656000,71000,180000,1958000,-85000,6241000,62000,None,-88000,4.98,5.76
19,2015-09-30,USD,67491000,11852000,46839000,20652000,7294000,2077000,0,0,3394000,0,11855000,-1506000,8800000,0,3900000,None,None,None,0,-3000,0,1317000,0,0,2077000,2077000,None,USD,594892000,403582000,None,9324000,388874000,206018000,66333000,12928000,278000,-1831000,16680000,24968000,434032000,186000,47413000,7662000,None,None,103645000,57215000,222000,-222532000,0,46632000,272183000,1073000,26823000,0,0,278000,0,-1831000,-34006000,None,2591000,None,2669000,None,272183000,2945000,341461000,None,None,None,241577000,594892000,186000,None,26000000,USD,None,4896000,-10321000,-4711000,2485000,830000,-16000,None,2077000,-6000,9485000,-581000,4796000,-1655000,16000,-487000,1896000,3203000,5610000,-4419000,None,-6000,6.12,4.98
