,fiscalDateEnding,reportedCurrency_x,totalRevenue,totalOperatingExpense,costOfRevenue,grossProfit,ebit,netIncome_x,researchAndDevelopment,effectOfAccountingCharges,incomeBeforeTax,minorityInterest,sellingGeneralAdministrative,otherNonOperatingIncome,operatingIncome,otherOperatingExpense,interestExpense,taxProvision,interestIncome,netInterestIncome,extraordinaryItems,nonRecurring,otherItems,incomeTaxExpense,totalOtherIncomeExpense,discontinuedOperations,netIncomeFromContinuingOperations,netIncomeApplicableToCommonShares,preferredStockAndOtherAdjustments,reportedCurrency_y,totalAssets,intangibleAssets,earningAssets,otherCurrentAssets,totalLiabilities,totalShareholderEquity,deferredLongTermLiabilities,otherCurrentLiabilities,commonStock,retainedEarnings,otherLiabilities,goodwill,otherAssets,cash,totalCurrentLiabilities,shortTermDebt,currentLongTermDebt,otherShareholderEquity,propertyPlantEquipment,totalCurrentAssets,longTermInvestments,netTangibleAssets,shortTermInvestments,netReceivables,longTermDebt,inventory,accountsPayable,totalPermanentEquity,additionalPaidInCapital,commonStockTotalEquity,preferredStockTotalEquity,retainedEarningsTotalEquity,treasuryStock,accumulatedAmortization,otherNonCurrrentAssets,deferredLongTermAssetCharges,totalNonCurrentAssets,capitalLeaseObligations,totalLongTermDebt,otherNonCurrentLiabilities,totalNonCurrentLiabilities,negativeGoodwill,warrants,preferredStockRedeemable,capitalSurplus,liabilitiesAndShareholderEquity,cashAndShortTermInvestments,accumulatedDepreciation,commonStockSharesOutstanding,reportedCurrency,investments,changeInLiabilities,cashflowFromInvestment,otherCashflowFromInvestment,netBorrowings,cashflowFromFinancing,otherCashflowFromFinancing,changeInOperatingActivities,netIncome_y,changeInCash,operatingCashflow,otherOperatingCashflow,depreciation,dividendPayout,stockSaleAndPurchase,changeInInventory,changeInAccountReceivables,changeInNetIncome,capitalExpenditures,changeInReceivables,changeInExchangeRate,changeInCashAndCashEquivalents,clossingVal,nextClossingVal
0,2020-06-30,USD,1654691000,67370000,1523218000,131473000,68067000,44880000,5181000,None,59607000,None,59314000,3964000,64103000,62000,8460000,14727000,764000,-7696000,None,2875000,None,14727000,325000,None,44880000,44880000,None,USD,4474699000,None,None,427214000,2821217000,1653482000,None,175793000,6295000000,-3774970000,214725000,None,344326000,1117217000,2213045000,673437000,673437000,37670000,574799000,3500112000,None,1653482000,30000000,1042011000,333675000,883670000,1363815000,None,None,None,None,None,None,None,122503000,None,277285000,None,333675000,274497000,608172000,None,None,None,None,4474699000,1147217000,None,None,USD,-30000000,76364000,-39441000,258000,-4688000,-22479000,None,-51552000,44880000,1847000,63767000,20515000,28886000,None,-17791000,1325000,-123735000,15532000,9699000,-123735000,785000,2632000,25.04,
1,2020-04-30,USD,1654691000,1587713000,1523218000,131473000,96953000,44880000,5181000,None,59607000,None,59314000,None,66978000,62000,8460000,14727000,764000,-7696000,None,None,None,14727000,325000,None,44880000,44880000,None,USD,4474699000,None,None,None,2821217000,1653482000,None,None,6295000000,-3774970000,214725000,None,344326000,1117217000,2213045000,None,673437000,37670000,630261000,3500112000,None,1653482000,30000000,1042011000,333675000,883670000,1252116000,None,None,None,None,None,None,None,122503000,None,974587000,None,None,274497000,608172000,None,None,None,None,None,None,None,None,USD,None,122396000,-39441000,None,-4688000,None,None,-51552000,None,None,63767000,None,None,None,None,None,None,15532000,0,None,None,None,27.73,25.04
2,2020-03-31,USD,1590550000,83052000,1483129000,107421000,17127000,4882000,5767000,None,11087000,None,62257000,-7242000,24369000,-2328000,6040000,6205000,418000,-5622000,None,15028000,None,6205000,-22688000,None,4882000,4882000,None,USD,4360185000,None,None,446405000,2742436000,1617749000,None,225330000,6287370000,-3819850000,211472000,None,348321000,1114585000,2131076000,673437000,673437000,36380000,591738000,3363299000,None,1617749000,None,918582000,338105000,883727000,1232309000,None,None,None,None,None,None,None,119904000,None,285244000,None,338105000,273255000,611360000,None,None,None,None,4360185000,1114585000,None,72000000,USD,-16410000,-37637000,-16410000,212000,629702000,565539000,None,17549000,4882000,684857000,135728000,23891000,28042000,None,-64163000,-42024000,142545000,16029000,16622000,142545000,-836000,684021000,27.28,27.73
3,2020-01-31,USD,1590550000,1551153000,1483129000,107421000,45169000,4882000,5767000,None,11087000,None,62257000,None,39397000,-2328000,6040000,6205000,418000,-5622000,None,None,None,6205000,-22688000,None,4882000,4882000,None,USD,4360185000,None,None,None,2742436000,1617749000,None,None,6287370000,-3819850000,211472000,None,348321000,1114585000,2131076000,None,673437000,36380000,648565000,3363299000,None,1617749000,None,918582000,338105000,883727000,1126997000,None,None,None,None,None,None,None,119904000,None,996886000,None,None,273255000,611360000,None,None,None,None,None,None,None,None,USD,None,-45871000,-16410000,None,629702000,None,None,17549000,None,None,135728000,None,None,None,None,None,None,16029000,0,None,None,None,31.84,27.28
4,2019-12-31,USD,1840171000,77701000,1705289000,134882000,58809000,38345000,5200000,None,52932000,None,63151000,1628000,57181000,9350000,5877000,14587000,310000,-5567000,None,None,None,14587000,-8032000,None,38345000,38345000,None,USD,3829735000,None,None,466991000,2150350000,1679385000,None,204749000,6279267000,-3824732000,221484000,None,352150000,430564000,1530132000,38728000,38728000,46518000,612214000,2805241000,None,1679385000,None,1063922000,342537000,843764000,1286655000,None,None,None,None,None,None,None,135460000,None,276820000,None,342537000,277681000,620218000,None,None,None,None,3829735000,430564000,None,73000000,USD,-28046000,-155116000,-28046000,420000,-4688000,-17386000,None,-13440000,38345000,-24261000,21171000,-23188000,28735000,None,-12698000,57357000,65449000,9589000,28466000,65449000,84000,-24177000,34.24,31.84
5,2019-10-31,USD,1840171000,1773640000,1705289000,134882000,87544000,38345000,5200000,None,52932000,None,63151000,None,66531000,190000,5877000,14587000,310000,-5567000,None,None,None,14587000,-8032000,None,38345000,38345000,None,USD,3829735000,None,None,None,2150350000,1679385000,None,None,6279267000,-3824732000,221484000,None,352150000,430564000,1530132000,None,38728000,46518000,672344000,2805241000,None,1679385000,None,1063922000,342537000,843764000,1180179000,None,None,None,None,None,None,None,135460000,None,1024494000,None,None,277681000,620218000,None,None,None,None,None,None,None,None,USD,None,-139304000,-28046000,None,-4688000,None,None,-13440000,None,None,21171000,None,None,None,None,None,None,9589000,0,None,None,None,30.73,34.24
6,2019-09-30,USD,1892207000,1827281000,1750503000,141704000,89335000,19757000,6244000,None,54406000,None,66050000,None,64926000,5709000,6421000,34649000,223000,-6198000,None,None,None,34649000,-4322000,None,19757000,19757000,None,USD,3905513000,None,None,None,2262940000,1642573000,None,81000000,697000,-3863077000,216947000,28516000,325421000,454741000,1683022000,38354000,38354000,42259000,630647000,2920929000,None,1614057000,None,1128379000,346971000,900557000,1336914000,None,None,None,None,None,-804118000,None,74134000,None,984584000,None,346971000,232947000,579918000,None,None,None,6266812000,None,454741000,None,72000000,USD,-29174000,-9867000,-29174000,7033000,-121000000,-120180000,-2727000,382000,19757000,40468000,190197000,None,28508000,None,0,13340000,105752000,41332000,32649000,None,None,None,32.11,30.73
7,2019-07-31,USD,1892207000,1827281000,1750503000,141704000,89335000,19757000,6244000,None,54406000,None,66050000,None,64926000,5709000,6421000,34649000,223000,-6198000,None,None,None,34649000,-4322000,None,19757000,19757000,None,USD,3905513000,None,None,None,2262940000,1642573000,None,None,697000,-3863077000,216947000,None,325421000,454741000,1683022000,None,38354000,42259000,630647000,2920929000,None,1614057000,None,1128379000,346971000,900557000,1336914000,None,None,None,None,None,None,None,74134000,None,984584000,None,None,232947000,579918000,None,None,None,None,None,None,None,None,USD,None,-9867000,-29174000,None,-121000000,None,None,382000,None,None,190197000,None,None,None,None,None,None,41332000,0,None,None,None,31.75,32.11
8,2019-06-30,USD,2026995000,80421000,1879200000,147795000,66224000,42921000,7272000,None,58625000,None,66768000,-1150000,67374000,6381000,7599000,15704000,330000,-7269000,None,None,None,15704000,-7861000,None,42921000,42921000,None,USD,4019957000,None,None,437227000,2392485000,1627472000,None,199824000,6256423000,-3882834000,199339000,None,383295000,414273000,1827674000,154634000,154634000,58001000,635020000,3001642000,None,1627472000,None,1234987000,351472000,915155000,1473216000,None,None,None,None,None,None,None,75025000,None,308270000,None,351472000,213339000,564811000,None,None,None,None,4019957000,414273000,None,72000000,USD,-26644000,-103516000,-26644000,2419000,-133140000,-130364000,-724000,-14191000,42921000,8458000,165466000,16120000,29561000,None,2776000,91484000,78936000,9960000,29063000,78936000,321000,8779000,30.28,31.75
9,2019-03-31,USD,2126639000,74987000,1973537000,153102000,77588000,40885000,7599000,None,69116000,None,64186000,-527000,78115000,3202000,8472000,28231000,364000,-8108000,None,None,None,28231000,-4093000,None,40885000,40885000,None,USD,4206687000,None,None,450159000,2625968000,1580719000,None,208839000,6244907000,-3925755000,207440000,None,391698000,405494000,2418528000,643360000,643360000,65081000,639901000,3175088000,None,1580719000,None,1312887000,None,1006548000,1566329000,None,None,None,None,None,None,None,79617000,None,312081000,None,None,207440000,207440000,None,None,None,None,4206687000,405494000,None,71000000,USD,-35232000,-76604000,-35232000,564000,-80000000,-74397000,-724000,2991000,40885000,-3891000,105738000,15182000,29088000,None,5603000,47267000,31233000,18687000,35796000,31233000,95000,-3796000,28.85,30.28
10,2018-12-31,USD,2188018000,71794000,2038681000,149337000,71743000,37952000,6437000,None,63472000,None,63028000,-5800000,77543000,2329000,8271000,None,None,None,None,None,None,25520000,-16400000,None,37952000,37952000,None,USD,4316853000,None,None,465780000,2784236000,1532617000,None,215215000,6232372000,-3966640000,196740000,None,399563000,409290000,2573135000,708362000,378362000,70093000,643518000,3273772000,None,1532617000,None,1344536000,14361000,1054166000,1649558000,None,None,None,None,None,None,None,75632000,None,323931000,None,14361000,196740000,211101000,None,None,None,None,4316853000,409290000,None,71000000,USD,-499000,68715000,-36591000,575000,112997000,104723000,-2003000,74593000,37952000,-10304000,-78436000,-40965000,29792000,None,-8274000,-30708000,-204972000,17752000,37166000,-160974000,66000,-10238000,24.06,28.85
11,2018-09-30,USD,1876335000,111264000,1755252000,121083000,10840000,782000,6774000,0,3430000,0,62534000,1021000,9819000,190000,7410000,None,None,None,0,36214000,0,2672000,-45373000,0,758000,782000,None,USD,4085133000,2702000,None,43676000,2612289000,1472844000,0,136427000,678000,-4032722000,196048000,28516000,396575000,419528000,2401895000,593321000,378321000,73944000,642913000,3014427000,None,1472844000,0,1177219000,14346000,1374004000,1672147000,0,0,678000,0,-4032722000,-791366000,None,83669000,344124000,1070706000,None,14346000,196048000,210394000,None,None,None,6222310000,4085133000,419528000,None,67777000,USD,-499000,196925000,-20639000,774000,-16299000,-24946000,-1701000,23012000,782000,14959000,60544000,7438000,29686000,0,-6946000,-187132000,-24081000,36926000,21413000,-24081000,-208000,14751000,27.6,24.06
12,2018-06-30,USD,1813366000,71476000,1694830000,118536000,48552000,33963000,8144000,0,41268000,0,62311000,1492000,47060000,1021000,7284000,None,None,None,0,404676000,0,7300000,-6813000,0,33968000,33963000,None,USD,3892528000,0,None,48279000,2415772000,1476756000,0,145954000,1400151000,0,185904000,0,462803000,404777000,2215306000,611280000,378280000,76605000,635733000,2793992000,None,1476756000,0,1153930000,14562000,1187006000,1458072000,0,0,0,0,0,0,None,117023000,None,345780000,None,14562000,185904000,200466000,None,None,None,None,3892528000,404777000,None,72000000,USD,None,106627000,-22647000,3790000,-11416000,-40588000,-2003000,-7064000,33963000,-1478000,61757000,7846000,29632000,0,-29172000,-66865000,-67962000,18516000,26437000,-67962000,978000,-500000,29.3,27.6
13,2018-03-31,USD,1675629000,65924000,1560931000,114698000,48578000,24632000,8221000,0,41752000,0,65384000,-196000,48774000,-7681000,6826000,None,None,None,0,-149843000,0,17100000,1569000,0,24652000,24632000,None,USD,3779355000,0,None,55510000,2316365000,1462990000,0,125332000,1385725000,0,205770000,0,473710000,405277000,1717359000,244416000,3416000,77265000,635127000,2670518000,None,1462990000,0,1087713000,393236000,1122018000,1347611000,0,0,0,0,0,0,None,119052000,None,354658000,None,393236000,205770000,599006000,None,None,None,None,3779355000,405277000,None,74000000,USD,-2019000,-21159000,-24501000,-2003000,73299000,-842000,-1701000,8022000,24632000,340000,25683000,-11590000,29879000,0,-74141000,-41878000,22967000,11676000,22498000,34123000,23000,363000,26.15,29.3
14,2017-12-31,USD,1744800000,95678000,1635334000,109466000,17303000,-154910000,7615000,0,11089000,0,63603000,3515000,13788000,918000,6214000,None,None,None,0,23542000,0,166000000,-26241000,0,-154911000,-154910000,None,USD,3758580000,0,None,46345000,2256992000,1501588000,0,121001000,1424969000,0,202142000,0,470883000,404914000,1662655000,169416000,3416000,76619000,635000000,2652697000,None,1501588000,0,1121800000,392195000,1079638000,1372238000,0,0,0,0,0,0,None,114223000,None,356660000,None,392195000,202142000,594337000,None,None,None,None,3758580000,404914000,None,72000000,USD,-2019000,-2612000,-48391000,142000,81000000,38041000,-1701000,-4813000,-154910000,-1910000,8440000,4103000,29623000,0,-42959000,-28293000,-11156000,171685000,48533000,-11156000,163000,-1747000,33.0,26.15
15,2017-09-30,USD,1755003000,80782000,1631152000,123851000,45337000,25848000,8714000,0,39659000,0,69078000,2268000,43069000,6662000,5678000,None,None,None,0,-2523000,0,13811000,-13143000,0,25848000,25848000,None,USD,3847363000,68344000,None,47586000,2199679000,1647684000,0,116582000,717000,-3980458000,186735000,59126000,590838000,406661000,1616043000,88416000,3416000,76794000,640275000,2616250000,None,1647684000,0,1110334000,391447000,1051669000,1411045000,0,0,717000,0,-3980458000,-633740000,None,114284000,476554000,1231113000,None,391447000,192189000,583636000,None,None,None,6184371000,3847363000,406661000,None,71664000,USD,-2019000,45227000,-25032000,0,85000000,-52973000,-2262000,23269000,25848000,-28713000,49292000,1391000,31231000,0,-137973000,-3885000,-136072000,22871000,25032000,-73391000,-126000,-28839000,37.15,33.0
16,2017-06-30,USD,1711377000,64112000,1580689000,130688000,67747000,36404000,8394000,0,62244000,0,58708000,1171000,66576000,-2990000,5503000,None,None,None,0,3251000,0,25840000,-2896000,0,36404000,36404000,None,USD,3808856000,0,None,45940000,2069309000,1739547000,0,119979000,0,0,182698000,30800000,601672000,435500000,1495654000,3416000,394373000,67449000,642853000,2564331000,None,1739547000,0,1036049000,390957000,1046842000,1372259000,0,0,0,0,0,0,None,117906000,None,483766000,None,390957000,182698000,573655000,None,None,None,None,3808856000,435500000,None,78000000,USD,-2019000,52296000,-31411000,108000,-3416000,-24326000,-1701000,-6550000,36404000,3284000,59021000,8085000,29271000,0,-20910000,-27245000,62681000,24010000,31519000,-63800000,-311000,2973000,38.1,37.15
17,2017-03-31,USD,1682262000,75044000,1549052000,133210000,62216000,31717000,8437000,0,56730000,0,66607000,4050000,58166000,0,5486000,None,None,None,0,-728000,0,25013000,2373000,0,31717000,31717000,None,USD,3720108000,0,None,54362000,2003405000,1716703000,0,130724000,0,0,182442000,30800000,619664000,432527000,1427201000,3416000,3416000,None,623037000,2477407000,None,1716703000,0,971363000,393762000,1019155000,1293061000,0,0,0,0,0,0,None,118989000,None,500675000,None,393762000,182442000,576204000,None,None,None,None,3720108000,432527000,None,78000000,USD,None,37557000,-33370000,245000,-40000000,-27952000,None,1213000,31717000,27399000,88721000,1213000,29277000,0,12048000,-54032000,1119000,19021000,33615000,23968000,-112000,27287000,40.6,38.1
18,2016-12-31,USD,1719977000,73506000,1587815000,132162000,60114000,44864000,8171000,0,54847000,0,65335000,1458000,58656000,0,5267000,None,None,None,0,0,0,9983000,-3809000,0,44864000,44864000,None,USD,3667987000,0,None,55394000,2005221000,1662766000,0,115371000,0,0,176674000,0,629488000,405240000,1435249000,43416000,43416000,None,620911000,2417588000,None,1662766000,0,993049000,393298000,963905000,1276462000,0,0,0,0,0,0,None,116468000,None,513020000,None,393298000,176674000,569972000,None,None,None,None,3667987000,405240000,None,77000000,USD,None,6534000,-18085000,3582000,-25000000,-30242000,-2262000,1614000,44864000,5600000,53927000,1614000,28972000,0,-2980000,-19306000,22849000,14098000,21667000,-22849000,1352000,6952000,36.65,40.6
