,fiscalDateEnding,reportedCurrency_x,totalRevenue,totalOperatingExpense,costOfRevenue,grossProfit,ebit,netIncome_x,researchAndDevelopment,effectOfAccountingCharges,incomeBeforeTax,minorityInterest,sellingGeneralAdministrative,otherNonOperatingIncome,operatingIncome,otherOperatingExpense,interestExpense,taxProvision,interestIncome,netInterestIncome,extraordinaryItems,nonRecurring,otherItems,incomeTaxExpense,totalOtherIncomeExpense,discontinuedOperations,netIncomeFromContinuingOperations,netIncomeApplicableToCommonShares,preferredStockAndOtherAdjustments,reportedCurrency_y,totalAssets,intangibleAssets,earningAssets,otherCurrentAssets,totalLiabilities,totalShareholderEquity,deferredLongTermLiabilities,otherCurrentLiabilities,commonStock,retainedEarnings,otherLiabilities,goodwill,otherAssets,cash,totalCurrentLiabilities,shortTermDebt,currentLongTermDebt,otherShareholderEquity,propertyPlantEquipment,totalCurrentAssets,longTermInvestments,netTangibleAssets,shortTermInvestments,netReceivables,longTermDebt,inventory,accountsPayable,totalPermanentEquity,additionalPaidInCapital,commonStockTotalEquity,preferredStockTotalEquity,retainedEarningsTotalEquity,treasuryStock,accumulatedAmortization,otherNonCurrrentAssets,deferredLongTermAssetCharges,totalNonCurrentAssets,capitalLeaseObligations,totalLongTermDebt,otherNonCurrentLiabilities,totalNonCurrentLiabilities,negativeGoodwill,warrants,preferredStockRedeemable,capitalSurplus,liabilitiesAndShareholderEquity,cashAndShortTermInvestments,accumulatedDepreciation,commonStockSharesOutstanding,reportedCurrency,investments,changeInLiabilities,cashflowFromInvestment,otherCashflowFromInvestment,netBorrowings,cashflowFromFinancing,otherCashflowFromFinancing,changeInOperatingActivities,netIncome_y,changeInCash,operatingCashflow,otherOperatingCashflow,depreciation,dividendPayout,stockSaleAndPurchase,changeInInventory,changeInAccountReceivables,changeInNetIncome,capitalExpenditures,changeInReceivables,changeInExchangeRate,changeInCashAndCashEquivalents,clossingVal,nextClossingVal
0,2020-06-30,USD,507226000,330268000,19904000,487322000,120977000,22813000,None,None,22953000,305000,49088000,-36077000,157054000,274938000,98024000,-165000,699000,-102513000,None,6242000,None,-165000,-42464000,None,23118000,22813000,None,USD,9390539000,3174567000,None,57767000,13681182000,-4304992000,4781000,386305000,1119000,-5972657000,183834000,None,441299000,249171000,552659000,24000000,24000000,-867877000,2658889000,624086000,None,-7465210000,225853000,91295000,10555568000,None,142354000,None,None,1119000,None,-5972657000,None,None,2932997000,None,8766453000,2343452000,10555568000,2572955000,13128523000,None,14349000,None,2534423000,9390539000,475024000,None,111918000,USD,-225014000,13479000,-281958000,-29256000,6690000,-8786000,38047000,30268000,23117000,23932000,314676000,7884000,183895000,-51970000,-1553000,None,None,54163000,27688000,32138000,None,23932000,297.92,
1,2020-03-31,USD,517067000,346149000,19715000,497352000,-96214000,-127058000,None,None,-194471000,-875000,49617000,-247417000,151203000,282177000,98257000,-66538000,885000,-102511000,None,14355000,None,-66538000,-261317000,None,-127933000,-127058000,None,USD,9359502000,3294369000,None,60709000,13662254000,-4317230000,5059000,383050000,1116000,-5943386000,179533000,None,437210000,227149000,1019552000,522691000,522691000,-846846000,2697778000,395058000,None,-7597121000,None,107200000,10050737000,None,113811000,None,None,1116000,None,-5943386000,None,None,2972297000,None,8964444000,2385302000,10050737000,2591965000,12642702000,None,14478000,None,2471886000,9359502000,227149000,None,111559000,USD,-12000,11286000,-132012000,-92709000,224373000,-43335000,-51046000,1640000,-127933000,102395000,277742000,3826000,187718000,-52201000,-164461000,None,None,201330000,39291000,1515000,None,102395000,269.97,297.92
2,2019-12-31,USD,513658000,333267000,26475000,487183000,182942000,67350000,None,None,84348000,206000,43962000,29026000,153916000,279833000,98594000,16792000,808000,-104919000,None,9472000,None,16792000,20318000,None,67556000,67350000,None,USD,9759941000,3626773000,None,63594000,13410896000,-3667007000,4865000,377470000,1118000,-5560695000,180587000,None,384495000,138552000,1048293000,522090000,522090000,-568765000,2794602000,334271000,47583000,-7277728000,None,132125000,9812335000,None,148733000,None,None,1118000,None,-5560695000,None,None,3004295000,None,9425670000,2526415000,9812335000,2550268000,12362603000,None,16052000,None,2461335000,9759941000,138552000,None,111775000,USD,202000,158000,-532092000,-489439000,483422000,245267000,-486000,19685000,67557000,-21764000,265061000,-272000,199846000,-41514000,-196155000,None,1763000,-18219000,42855000,15991000,None,-21764000,240.99,269.97
3,2019-09-30,USD,507547000,323184000,30516000,477031000,115993000,21679000,None,None,18764000,87000,42272000,-37854000,153847000,272672000,97229000,-3002000,1311000,-101075000,None,8240000,None,-3002000,-46940000,None,21766000,21679000,None,USD,9201138000,3261885000,None,21946000,12747435000,-3560374000,4342000,353378000,1126000,-5387091000,178869000,None,397011000,156280000,510152000,24000000,24000000,-620778000,2763055000,329254000,656000,-6808182000,656000,151028000,9821502000,None,132774000,None,None,1126000,None,-5387091000,None,None,2846944000,None,8871884000,2404709000,9821502000,2415781000,12237283000,None,14077000,None,2446369000,9201138000,156280000,None,112604000,USD,16684000,17415000,-159591000,-137679000,147036000,-43118000,-307000,2758000,21765000,36169000,238878000,-4290000,174988000,-41873000,-147974000,None,-9363000,53104000,38596000,-24104000,None,36169000,241.15,240.99
4,2019-06-30,USD,500147000,332707000,30988000,469159000,145679000,31973000,None,None,47581000,14077000,55524000,9227000,136452000,267563000,98098000,15608000,1581000,-101633000,None,9620000,None,15608000,603000,None,31973000,31973000,None,USD,9269415000,3238031000,None,48252000,12608761000,-3339346000,4258000,335989000,1131000,-5193942000,144049000,None,451474000,124426000,1428138000,943161000,943161000,-554920000,2761580000,315729000,25537000,-6577377000,25537000,143051000,8749450000,None,148988000,None,None,1131000,None,-5193942000,None,None,2954075000,None,8953686000,2467205000,8749450000,2431173000,11180623000,None,None,None,2408385000,9269415000,124426000,None,113090000,USD,-30546000,-12951000,-170499000,-103542000,-42000000,-106416000,5710000,-592000,31973000,-33474000,243441000,5086000,171564000,-41873000,-70126000,None,-6477000,40070000,36411000,7699000,None,-33474000,224.84,241.15
5,2019-03-31,USD,493293000,322919000,31101000,462192000,135504000,25989000,None,None,36196000,14077000,50959000,-3769000,139273000,266189000,99308000,10207000,-102569000,-102569000,None,5771000,None,10207000,-8716000,None,25989000,25989000,None,USD,9312759000,3258952000,None,22574000,12615540000,-3302781000,4054000,339074000,1132000,-5131347000,132177000,None,61411000,141496000,1404654000,942442000,942442000,-531761000,2761325000,300569000,None,-6561733000,None,136499000,8780606000,None,123138000,None,None,1132000,None,-5131347000,None,None,2991913000,None,9012190000,2511579000,8780606000,2430280000,11210886000,None,None,None,2359195000,9312759000,141496000,None,113205000,USD,504000,-3946000,-84976000,-49106000,-215000000,-158047000,-6522000,-8225000,25989000,-20358000,222665000,4334000,171038000,-41873000,63475000,None,1931000,36982000,36374000,-11732000,None,-20358000,199.66,224.84
6,2018-12-31,USD,483849000,211225000,122303000,361546000,171607000,57153000,0,0,73032000,14077000,35626000,21286000,150321000,171243000,98575000,None,None,None,6040000,4356000,0,15879000,-81213000,0,57153000,57153000,None,USD,7213707000,3331465000,None,63126000,10590530000,-3376823000,27020000,117856000,1124000,-5136368000,387426000,None,722033000,175908000,1206279000,941728000,941728000,-511905000,2786355000,373854000,None,-6708288000,None,134820000,8996825000,23785000,146695000,None,None,1124000,None,-5136368000,None,None,722033000,None,6839853000,None,8996825000,387426000,9384251000,None,None,None,2270326000,7213707000,175908000,None,112433000,USD,-2160000,12718000,-98030000,-51024000,198941000,-117348000,25753000,18077000,57153000,11097000,226475000,-9979000,174478000,-41873000,-342042000,None,-24772000,2064000,44846000,-9959000,None,11097000,161.89,199.66
7,2018-09-30,USD,467221000,212474000,116741000,350480000,110514000,16144000,0,0,14165000,0,34908000,-27492000,138006000,170698000,96349000,None,None,None,0,6868000,0,-1979000,-130311000,0,16144000,16144000,None,USD,7213823000,3387955000,None,59641000,10358906000,-3145083000,26682000,107110000,1142000,-4851501000,383249000,0,710491000,160921000,265512000,24000000,24000000,-528517000,2787714000,327663000,None,-6533038000,24700000,107101000,9710145000,17799000,134402000,0,0,1142000,0,-4851501000,0,None,710491000,None,6886160000,None,9710145000,383249000,10093394000,None,None,None,2233793000,7213823000,160921000,None,116000000,USD,-3933000,8088000,-150162000,-109877000,28989000,-57906000,21120000,-25347000,16144000,-8981000,199087000,-12459000,172683000,0,-108015000,0,-7483000,37692000,36352000,-23061000,None,-8981000,160.63,161.89
8,2018-06-30,USD,456323000,216038000,114414000,341909000,18637000,-57391000,0,0,-75640000,0,35943000,-107234000,125871000,172691000,94277000,None,None,None,0,7404000,0,-18249000,-208407000,0,-57391000,-57391000,None,USD,7289378000,3459866000,None,66227000,10331513000,-3042135000,27101000,111027000,1148000,-4759637000,377965000,0,724264000,159493000,277810000,24000000,24000000,-500919000,2778372000,326876000,None,-6502001000,24842000,101156000,9675738000,13763000,142783000,0,0,1148000,0,-4759637000,0,None,724264000,None,6962502000,None,9675738000,377965000,10053703000,None,None,None,2217273000,7289378000,159493000,None,115000000,USD,-3933000,12425000,-218558000,-181040000,296906000,-7332000,2741000,15560000,-57391000,20589000,246479000,-6325000,174455000,0,-306979000,0,8026000,99387000,37518000,23928000,None,20589000,165.12,160.63
9,2018-03-31,USD,458302000,212997000,115337000,342965000,129783000,31545000,0,0,40127000,0,36049000,-185000,129968000,168442000,89656000,None,None,None,0,8506000,0,8582000,-97697000,0,31545000,31545000,None,USD,7405082000,3600640000,None,50916000,9993323000,-2588241000,27519000,107289000,1165000,-4395286000,378709000,0,698184000,137722000,250928000,20000000,20000000,-379109000,2803478000,302780000,None,-6188881000,28372000,114142000,9363686000,13039000,123639000,0,0,1165000,0,-4395286000,0,None,698184000,None,7102302000,None,9363686000,378709000,9742395000,None,None,None,2184989000,7405082000,137722000,None,118000000,USD,-3933000,-12671000,-151597000,-120501000,66848000,34049000,5746000,-22749000,31545000,61029000,178577000,-9277000,170786000,0,-38545000,0,-5198000,18529000,31096000,-20335000,None,61029000,170.92,165.12
10,2017-12-31,USD,443072000,209461000,114530000,328542000,97799000,7662000,0,0,10733000,0,30521000,-21282000,119081000,168151000,87066000,None,None,None,0,10789000,0,3071000,-309389000,0,7662000,7662000,None,USD,7320205000,3598131000,None,49716000,9919319000,-2599114000,27703000,106810000,1164000,-4388288000,318108000,0,4248326000,101707000,278905000,20000000,20000000,-379460000,2812346000,259533000,8600000,-6197245000,32924000,108110000,9290686000,17437000,152095000,0,0,1164000,0,-4388288000,0,None,650195000,None,7060672000,None,9290686000,349728000,9640414000,None,None,None,2167470000,7320205000,101707000,None,121000000,USD,231000,20114000,-314192000,-273689000,331061000,23028000,23131000,-12332000,7660000,-64166000,226998000,1280000,167980000,0,-331164000,0,-20893000,38907000,40734000,-8943000,None,-67703000,163.36,170.92
11,2017-09-30,USD,433945000,205466000,111468000,322477000,134621000,49161000,0,0,52539000,0,32559000,17610000,117011000,163490000,82082000,None,None,None,0,9417000,0,3378000,37494000,0,49161000,49161000,None,USD,7300470000,3550710000,None,54262000,9558268000,-2257798000,0,112277000,1184000,-4064805000,350041000,0,4199065000,169879000,1022715000,773289000,773289000,-342450000,2777339000,324066000,None,-5808508000,30368000,99925000,8185512000,0,137149000,0,0,1184000,0,-4064805000,0,None,648355000,None,6976404000,None,8185512000,350041000,8535553000,None,None,None,2148273000,7300470000,169879000,None,121000000,USD,231000,-9869000,-122274000,-85399000,279658000,-93492000,5782000,-21227000,49162000,-28493000,187273000,-7093000,166862000,0,-378932000,0,0,-918000,36875000,-10871000,3762000,-24731000,144.05,163.36
12,2017-06-30,USD,427294000,203360000,109344000,317950000,91796000,9233000,0,0,12623000,0,33394000,-22794000,114590000,161826000,79173000,None,None,None,0,8140000,0,3390000,-35142000,0,9233000,9233000,None,USD,7308853000,3569045000,None,53807000,9294534000,-1985681000,0,106512000,1210000,-3735062000,341927000,0,4197991000,194614000,1046419000,772517000,772517000,-378922000,2774398000,336464000,None,-5554726000,30093000,88043000,7906188000,0,167390000,0,0,1210000,0,-3735062000,0,None,628946000,None,6972389000,None,7906188000,341927000,8248115000,None,None,None,2127093000,7308853000,194614000,None,122000000,USD,231000,28254000,-84364000,-50676000,15153000,-111838000,13028000,-6298000,9234000,35691000,231893000,-6298000,164469000,0,-140019000,0,0,38757000,33688000,-2523000,-3969000,31722000,134.9,144.05
13,2017-03-31,USD,423363000,204574000,110970000,312393000,119303000,37598000,0,0,40996000,0,34223000,11484000,107819000,162000000,78307000,None,None,None,0,8351000,0,3398000,-66823000,0,37598000,37598000,None,USD,7297450000,3605548000,None,51049000,9213944000,-1916494000,0,105795000,1213000,-3604288000,339177000,0,4210239000,162896000,228593000,20000000,20000000,-342899000,2785944000,301267000,None,-5522042000,30674000,87322000,8646174000,0,102798000,0,0,1213000,0,-3604288000,0,None,604691000,None,6996183000,None,8646174000,339177000,8985351000,None,None,None,2029480000,7297450000,162896000,None,122000000,USD,231000,-30388000,-84277000,-48530000,-115000000,-112272000,7147000,-4777000,37598000,-24243000,172306000,-4777000,165729000,0,-4419000,0,1444000,2700000,35747000,1444000,3744000,-20499000,120.37,134.9
14,2016-12-31,USD,416505000,202808000,106267000,310238000,89505000,5258000,0,0,10543000,0,33024000,-17925000,107430000,162721000,78962000,None,None,None,0,7063000,0,5285000,-217764000,0,5258000,5258000,None,USD,7360945000,3656924000,None,51982000,9356866000,-1995921000,29700000,112338000,1210000,-3637467000,306043000,0,4244298000,182895000,873447000,627157000,627157000,-370184000,2792076000,324571000,8100000,-5652845000,223000,89471000,8148426000,11127000,133952000,0,0,1210000,0,-3637467000,0,None,587374000,None,7036374000,None,8148426000,334993000,8483419000,None,None,None,2010520000,7360945000,183118000,None,125000000,USD,712000,37259000,-128022000,-93072000,234627000,-108026000,687000,-17822000,5262000,-7704000,228344000,-10406000,163655000,0,-343340000,0,-7270000,36200000,35662000,-3626000,None,-7835000,103.26,120.37
15,2016-09-30,USD,411319000,197641000,105468000,305851000,70215000,-15370000,0,0,-13796000,0,32255000,-37995000,108210000,163081000,84011000,None,None,None,0,2305000,0,1574000,-82651000,0,-15370000,-15370000,None,USD,7915722000,3710817000,None,53632000,9584784000,-1669062000,0,102971000,1243000,-3299422000,330626000,0,4277411000,717698000,738766000,515876000,515876000,-370386000,2780112000,858199000,None,-5379879000,221000,86648000,8515392000,0,119919000,0,0,1243000,0,-3299422000,0,None,566594000,None,7057523000,None,8515392000,330626000,8846018000,None,None,None,1999503000,7915722000,717919000,None,125000000,USD,712000,-21501000,-70786000,-37127000,-5889000,-56231000,1978000,-4041000,-15372000,31169000,159535000,-3971000,165556000,0,-52320000,0,0,47217000,33659000,-12413000,-1249000,31269000,112.16,103.26
16,2016-06-30,USD,405532000,224899000,106567000,298965000,118852000,32709000,0,0,34710000,0,47664000,44788000,74066000,159723000,89467000,None,None,None,0,14691000,0,2001000,2403000,0,32709000,32709000,None,USD,7436322000,3788754000,None,53843000,9043899000,-1607577000,0,98900000,1246000,-3231735000,325114000,0,4339705000,159405000,804906000,568924000,568924000,-364861000,2805360000,291257000,None,-5396331000,219000,77790000,7913879000,0,137082000,0,0,1246000,0,-3231735000,0,None,550951000,None,7145065000,None,7913879000,325114000,8238993000,None,None,None,1987773000,7436322000,159624000,None,126000000,USD,712000,25173000,-97088000,-62487000,5000000,-90977000,4040000,-13646000,32709000,21717000,209782000,-13876000,165048000,0,-100017000,0,8769000,-7961000,34601000,8679000,8973000,30690000,107.94,112.16
17,2016-03-31,USD,399769000,199572000,102595000,297174000,140103000,53639000,0,0,55844000,0,30406000,42501000,97602000,162983000,84259000,None,None,None,0,6183000,0,2205000,-41758000,0,53639000,53639000,None,USD,7371644000,3764036000,None,53177000,9002204000,-1630560000,0,96883000,1255000,-3164437000,316865000,0,4286430000,128404000,233069000,20000000,None,-441352000,2802662000,282552000,None,-5394596000,708000,100263000,8452270000,0,116186000,0,0,1255000,0,-3164437000,0,None,522394000,None,7089092000,None,8452270000,316865000,8769135000,None,None,None,1973974000,7371644000,129112000,None,126000000,USD,None,-28980000,-132339000,-96279000,15000000,-33323000,1689000,None,53639000,-20798000,144864000,-12036000,165066000,0,-50012000,0,90000,-32915000,36060000,90000,6025000,-14773000,100.17,107.94
18,2015-12-31,USD,406941000,215373000,109444000,297497000,117344000,31015000,0,0,32963000,0,28933000,35220000,82124000,167181000,84381000,None,None,None,0,19259000,0,6396000,-371353000,0,26567000,31015000,None,USD,7403215000,3735413000,None,49602000,9109359000,-1706144000,34496000,109146000,1257000,-3168069000,286061000,0,4326902000,143392000,273371000,20000000,20000000,-502045000,2782353000,293960000,8846000,-5441557000,706000,100260000,8522305000,16934000,144225000,0,0,1257000,0,-3168069000,0,None,497337000,None,94152000,None,8522305000,313683000,8835988000,None,None,None,1962713000,7403215000,144098000,None,128000000,USD,89728000,22035000,-167790000,-211122000,44085000,10424000,16348000,-58935000,31017000,45070000,202436000,3953000,166642000,0,-50009000,0,15975000,-12944000,46396000,-8267000,-302000,44768000,105.07,100.17
19,2015-09-30,USD,410735000,255919000,111733000,299002000,-71694000,-155946000,0,0,-154020000,0,27872000,-114777000,43083000,164694000,87129000,None,None,None,0,63353000,0,1926000,-129470000,0,-155946000,-155946000,None,USD,7396757000,3737105000,None,114930000,9094413000,-1697656000,0,111244000,1261000,-3149082000,359296000,0,4341012000,120056000,288267000,40000000,None,-501492000,2720874000,334871000,None,-5434761000,702000,99183000,8446850000,0,137023000,0,0,1261000,0,-3149082000,0,None,514722000,None,89185000,None,8446850000,359296000,8806146000,None,None,None,1951657000,7396757000,120758000,None,127000000,USD,None,-16993000,-130121000,-86202000,230000000,-15271000,4770000,None,-155948000,13813000,159205000,-28780000,169133000,0,-250041000,0,24242000,174012000,43919000,17781000,-10388000,3425000,104.61,105.07
