,fiscalDateEnding,reportedCurrency_x,totalRevenue,totalOperatingExpense,costOfRevenue,grossProfit,ebit,netIncome_x,researchAndDevelopment,effectOfAccountingCharges,incomeBeforeTax,minorityInterest,sellingGeneralAdministrative,otherNonOperatingIncome,operatingIncome,otherOperatingExpense,interestExpense,taxProvision,interestIncome,netInterestIncome,extraordinaryItems,nonRecurring,otherItems,incomeTaxExpense,totalOtherIncomeExpense,discontinuedOperations,netIncomeFromContinuingOperations,netIncomeApplicableToCommonShares,preferredStockAndOtherAdjustments,reportedCurrency_y,totalAssets,intangibleAssets,earningAssets,otherCurrentAssets,totalLiabilities,totalShareholderEquity,deferredLongTermLiabilities,otherCurrentLiabilities,commonStock,retainedEarnings,otherLiabilities,goodwill,otherAssets,cash,totalCurrentLiabilities,shortTermDebt,currentLongTermDebt,otherShareholderEquity,propertyPlantEquipment,totalCurrentAssets,longTermInvestments,netTangibleAssets,shortTermInvestments,netReceivables,longTermDebt,inventory,accountsPayable,totalPermanentEquity,additionalPaidInCapital,commonStockTotalEquity,preferredStockTotalEquity,retainedEarningsTotalEquity,treasuryStock,accumulatedAmortization,otherNonCurrrentAssets,deferredLongTermAssetCharges,totalNonCurrentAssets,capitalLeaseObligations,totalLongTermDebt,otherNonCurrentLiabilities,totalNonCurrentLiabilities,negativeGoodwill,warrants,preferredStockRedeemable,capitalSurplus,liabilitiesAndShareholderEquity,cashAndShortTermInvestments,accumulatedDepreciation,commonStockSharesOutstanding,reportedCurrency,investments,changeInLiabilities,cashflowFromInvestment,otherCashflowFromInvestment,netBorrowings,cashflowFromFinancing,otherCashflowFromFinancing,changeInOperatingActivities,netIncome_y,changeInCash,operatingCashflow,otherOperatingCashflow,depreciation,dividendPayout,stockSaleAndPurchase,changeInInventory,changeInAccountReceivables,changeInNetIncome,capitalExpenditures,changeInReceivables,changeInExchangeRate,changeInCashAndCashEquivalents,clossingVal,nextClossingVal
0,2020-06-30,USD,74667000,42399000,None,74667000,32268000,25080000,None,None,32268000,None,42399000,None,32268000,3933000,5950000,7188000,73222000,67272000,None,None,None,7188000,None,None,25080000,25080000,None,USD,8084013000,17950000,None,None,7053410000,1030603000,None,6666783000,5299000,204719000,88277000,212146000,5911553000,524320000,6666783000,None,None,1025304000,69041000,6205122000,1218964000,800507000,976025000,5680802000,71225000,None,None,None,None,5299000,None,None,None,None,284443000,None,21404000,None,71225000,315402000,386627000,None,None,None,None,8084013000,524320000,None,52990655,USD,-43179000,15544000,-472658000,-429479000,-117598000,676364000,794283000,-662000,25080000,209446000,5740000,94372000,2277000,0,-321000,None,None,-131533000,310000,None,None,209446000,20.4,
1,2020-03-31,USD,48352000,47798000,None,48352000,554000,709000,None,None,554000,None,47798000,None,554000,3740000,9815000,-155000,72992000,63177000,None,None,None,-155000,None,None,709000,709000,None,USD,7352894000,19461000,1428470000,None,6361107000,991787000,None,5887499000,5271000,179646000,72730000,212085000,5498881000,314874000,5887499000,None,None,986516000,71540000,5546671000,1177324000,760241000,910311000,5231797000,71155000,None,None,None,None,5271000,None,None,-7422000,None,276766000,None,19766000,None,71155000,402453000,473608000,None,None,None,809533000,7352894000,314874000,None,52708726,USD,105894000,3595000,109060000,3166000,-191398000,56597000,249005000,-2650000,709000,190343000,24686000,59624000,2500000,0,-1010000,None,None,-41742000,570000,None,None,190343000,18.31,20.4
2,2019-12-31,USD,73336000,38057000,None,73336000,35279000,27176000,None,None,35279000,None,38057000,None,35279000,4022000,10526000,8103000,72286000,61760000,None,None,None,8103000,-1459000,None,27176000,27176000,None,USD,7108511000,20066000,1266683000,20029000,6122872000,985639000,None,5584753000,5151000,195813000,35815000,205286000,5370771000,124531000,5584753000,315000000,315000000,4465000,66615000,124531000,6403893000,760287000,946855000,None,71085000,12390000,5584753000,None,None,5151000,None,195813000,-6032000,None,271663000,None,16457000,None,71085000,467034000,538119000,None,None,None,786242000,7108511000,124531000,None,51513733,USD,-240070000,2515000,-242647000,-2577000,215707000,192480000,-25523000,-1514000,27176000,-7729000,42438000,102809000,2194000,0,None,None,None,-92256000,269000,None,None,-7729000,30.57,18.31
3,2019-09-30,USD,74891000,38583000,None,72640000,34057000,25605000,None,None,34057000,None,26916000,None,34057000,3405000,11877000,8452000,72825000,60948000,None,None,None,8452000,-818000,None,25605000,25605000,None,USD,6890645000,21318000,1251713000,26768000,5927967000,962678000,None,5673141000,5148000,168637000,33017000,205286000,5158758000,136839000,5723141000,50000000,50000000,10311000,94228000,132260000,1194455000,736074000,920811000,None,121014000,13593000,5673141000,None,None,5148000,None,None,None,None,259240000,None,17168000,None,71014000,133812000,204826000,None,None,None,None,6890645000,132260000,None,51482029,USD,-83778000,0,-83778000,5608000,-101601000,30378000,131979000,1338000,25605000,-27519000,25881000,112130000,2618000,0,742000,None,None,-3398000,769000,None,None,-159811000,25.31,30.57
4,2019-06-30,USD,73713000,41000000,None,71162000,30162000,23253000,None,None,30162000,None,28932000,None,30162000,3468000,12101000,6909000,72237000,60136000,None,None,None,6909000,-2719000,None,23253000,23253000,None,USD,6824886000,22672000,1286397000,17513000,5894647000,930239000,None,5541209000,5146000,143032000,29338000,205260000,19353000,164759000,5681209000,140000000,140000000,925093000,68738000,159779000,1201917000,702307000,914615000,None,210944000,11043000,5541209000,None,None,5146000,None,None,None,None,263977000,None,19353000,None,70944000,142494000,213438000,None,None,None,None,6824886000,159779000,None,51460617,USD,-79392000,0,5084000,6569000,71010000,5817000,-10682000,-1119000,23253000,-44232000,29343000,None,2655000,0,None,None,None,5376000,636000,None,None,None,25.44,25.31
5,2019-03-31,USD,72213000,43099000,None,72213000,29114000,22705000,None,None,29114000,None,43099000,None,29114000,4282000,11701000,6409000,72475000,60774000,None,None,None,6409000,-1906000,None,22705000,22705000,None,USD,6783389000,23959000,1300849000,13900000,5886965000,896424000,None,5605578000,5141000,119779000,27238000,205260000,5038383000,204011000,5608578000,3000000,3000000,891283000,70412000,204011000,5994474000,667205000,877549000,None,70874000,11921000,5605578000,None,None,5141000,None,None,None,None,260626000,None,24647000,None,70874000,207513000,278387000,None,None,None,None,6783389000,204011000,None,51413988,USD,71306000,-10594000,84476000,13170000,-443318000,-16499000,428338000,-8525000,22705000,88060000,20083000,57097000,2294000,0,-1519000,None,None,-51419000,849000,None,None,88060000,26.35,25.44
6,2018-12-31,USD,70356000,49464000,12416000,70356000,20892000,15962000,0,0,20892000,0,49464000,None,20892000,8865000,10074000,None,None,None,0,0,0,4930000,-3694000,0,15962000,15962000,None,USD,6747659000,25977000,None,11873000,5883392000,864267000,None,5177240000,5136000,97074000,41025000,204753000,5022551000,115951000,5557240000,380000000,380000000,-13060000,71024000,115951000,6041246000,633537000,8243000,None,70804000,12802000,5177240000,None,None,5136000,None,97074000,-3384000,None,259754000,None,28954000,None,70804000,255348000,326152000,None,None,None,778501000,6747659000,115951000,None,51361079,USD,-14053000,5183000,10743000,24796000,7288000,-23308000,-30559000,-2047000,15962000,10857000,23422000,78439000,2291000,None,-37000,None,None,-78453000,462000,None,None,10857000,26.02,26.35
7,2018-09-30,USD,58079000,37399000,13366000,58079000,20680000,16322000,0,0,20680000,0,37399000,None,20680000,3910000,7592000,None,None,None,0,0,0,4358000,-1299000,0,16322000,16322000,None,USD,5930934000,16508000,None,16172000,5198103000,732831000,0,4643510000,4727000,62247000,33824000,148555000,4232308000,105094000,4904510000,261000000,261000000,728104000,63531000,105094000,5336938000,567768000,9813000,None,70734000,4715000,4643510000,0,0,4727000,0,0,-2854000,None,234486000,None,25822000,None,70734000,222859000,293593000,None,None,None,None,5930934000,105094000,None,47269692,USD,-45361000,460000,-41618000,3743000,44985000,-8058000,-53930000,-1489000,16322000,-26427000,23249000,63942000,2392000,0,887000,13387000,0,-59867000,1082000,None,None,-26427000,29.2,26.02
8,2018-06-30,USD,60399000,38246000,9031000,60399000,22153000,16964000,0,0,22153000,0,38246000,None,22153000,4314000,12217000,None,None,None,0,0,0,5189000,-2004000,0,16964000,16964000,None,USD,5922681000,17319000,None,14707000,5206518000,716163000,0,4697440000,4716000,48446000,33364000,148555000,4149373000,131521000,4902440000,205000000,205000000,711447000,63991000,131521000,5305259000,550289000,10562000,None,70664000,8417000,4697440000,0,0,4716000,0,0,-2884000,None,230015000,None,26021000,None,70664000,233414000,304078000,None,None,None,None,5922681000,131521000,None,47163109,USD,-37177000,3457000,-34489000,2688000,23801000,1101000,-22103000,-880000,16964000,-4338000,29050000,85814000,2962000,0,-597000,13394000,0,-80147000,1187000,None,None,-4338000,31.58,29.2
9,2018-03-31,USD,60973000,37164000,6800000,60973000,23809000,18027000,0,0,23809000,0,37164000,None,23809000,4833000,0,None,None,None,0,0,0,5782000,-1779000,0,18027000,18027000,None,USD,5903101000,18246000,None,20887000,5201240000,701861000,0,4719543000,4698000,35715000,29857000,148555000,1789930000,135859000,4927543000,208000000,208000000,697163000,64577000,135859000,5283787000,535060000,12553000,None,70591000,31175000,4719543000,0,0,4698000,0,0,-2279000,None,227650000,None,24427000,None,70591000,203106000,273697000,None,None,None,None,5903101000,135859000,None,46983165,USD,-115480000,-273000,-109236000,6244000,-45845000,81704000,126823000,23294000,18027000,26355000,53887000,107026000,1904000,0,726000,5303000,0,-72797000,1288000,None,None,26355000,26.47,31.58
10,2017-12-31,USD,72605000,39184000,7381000,72605000,33421000,13047000,0,0,33421000,0,39184000,None,33421000,25422000,15300000,None,None,None,0,0,0,20374000,-7476000,0,13047000,13047000,None,USD,5810129000,19099000,None,24306000,5120465000,689664000,0,4592720000,4693000,29914000,30130000,147578000,1798988000,109504000,4803720000,211000000,208000000,-4216000,66883000,109504000,5194868000,522987000,12553000,None,70521000,31946000,4592720000,0,0,4693000,0,29914000,-2359000,None,246780000,None,25417000,None,70521000,246224000,316745000,None,None,None,661632000,5810129000,109504000,None,46917735,USD,60669000,-18857000,59399000,-1270000,-104059000,-75639000,28420000,-26938000,13047000,-15774000,466000,44417000,2415000,0,0,0,0,-40556000,5710000,None,None,-15774000,25.21,26.47
11,2017-09-30,USD,56503000,34361000,5010000,56503000,22142000,14216000,0,0,22142000,0,34361000,None,22142000,-3971000,0,None,None,None,0,0,0,7926000,0,0,14216000,14216000,None,USD,5340299000,16102000,None,29447000,4745858000,594441000,0,4112600000,4351000,14995000,31654000,101747000,1747990000,125278000,4501600000,389000000,389000000,590090000,57092000,125278000,4766920000,476592000,0,None,70451000,36589000,4112600000,0,0,4351000,0,0,-1730000,None,229209000,None,43951000,None,70451000,173807000,244258000,None,None,None,None,5340299000,125278000,None,43512179,USD,-84111000,59000,-111753000,-27642000,-31405000,106528000,137933000,-1707000,14216000,17081000,22306000,46294000,2393000,0,0,0,0,-40656000,4247000,None,None,17081000,23.89,25.21
12,2017-06-30,USD,53243000,41625000,4643000,53243000,11618000,7676000,0,0,11618000,0,41625000,None,11618000,-2409000,0,None,None,None,0,0,0,3942000,0,0,7676000,7676000,None,USD,5281295000,16941000,None,22262000,4703918000,577377000,0,3975458000,4339000,0,95521000,101739000,1765073000,108197000,4370458000,395000000,632939000,573038000,56765000,108197000,4748674000,458697000,0,None,70381000,30759000,3975458000,0,0,4339000,0,0,-1768000,None,196784000,None,52195000,None,70381000,263079000,333460000,None,None,None,None,5281295000,108197000,None,43458973,USD,-165198000,-3281000,-134493000,30705000,77451000,88479000,11047000,-2258000,7676000,-36640000,9374000,67947000,1421000,0,-19000,0,0,-64389000,2979000,None,None,-36640000,24.1,23.89
13,2017-03-31,USD,46766000,34746000,3914000,46766000,12020000,7926000,0,0,12020000,0,34746000,None,12020000,1304000,0,None,None,None,0,0,0,4094000,0,0,7926000,7926000,None,USD,4769775000,13853000,None,None,4267281000,502494000,0,3678645000,4075000,0,33218000,64649000,1592919000,144837000,3980645000,302000000,485107000,498419000,58611000,144837000,4262340000,423992000,0,None,70311000,24211000,3678645000,0,0,4075000,0,0,-1172000,None,169651000,None,55834000,None,70311000,216325000,286636000,None,None,None,None,4769775000,144837000,None,40715938,USD,-59449000,647000,-58729000,720000,-134095000,77159000,155594000,324000,7926000,35193000,16763000,46927000,2665000,0,55660000,0,0,-41402000,1697000,None,None,35193000,23.98,24.1
14,2016-12-31,USD,46354000,30297000,3266000,46354000,16057000,10771000,0,0,16057000,0,30297000,None,16057000,14972000,8467000,None,None,None,0,-5013000,0,5286000,-7155000,0,10771000,10771000,None,USD,4680932000,14572000,None,15332000,4245535000,435397000,0,3523245000,3802000,-13657000,32847000,64649000,1631187000,109644000,3938245000,415000000,689443000,-7513000,58684000,109644000,4204418000,356176000,27124000,None,70241000,25281000,3523245000,0,0,3802000,0,-13657000,-1236000,None,168147000,None,60818000,None,70241000,237049000,307290000,None,None,None,454001000,4680932000,109644000,None,38021835,USD,-198099000,-10928000,-236089000,-37990000,146508000,157209000,10701000,-8594000,10771000,-53739000,25141000,176564000,2104000,0,0,8666000,0,-160236000,6054000,None,None,-57739000,22.06,23.98
15,2016-09-30,USD,46887000,33435000,2716000,46887000,13452000,9133000,0,0,13452000,0,33435000,None,13452000,-770000,0,None,None,None,0,20052000,0,4319000,0,0,9133000,9133000,None,USD,4513934000,15291000,None,None,4078415000,435519000,0,3510493000,3799000,0,25058000,64649000,1507985000,167383000,3815493000,305000000,472693000,431720000,59035000,167383000,4038282000,355579000,0,None,70171000,32877000,3510493000,0,0,3799000,0,0,-691000,None,110446000,None,58848000,None,70171000,192751000,262922000,None,None,None,None,4513934000,167383000,None,38025020,USD,-93737000,5791000,-122848000,-29111000,138306000,148271000,9965000,10040000,9133000,40580000,15157000,-4745000,4783000,0,0,3855000,0,601000,5099000,-406000,None,40580000,16.09,22.06
16,2016-06-30,USD,42989000,34808000,2748000,42989000,8181000,5332000,0,0,8181000,0,34808000,None,8181000,-333000,0,None,None,None,0,-20052000,0,2849000,0,0,5332000,5332000,None,USD,4381204000,16154000,None,None,3955775000,425429000,0,3501316000,3799000,0,49971000,64123000,1566489000,126802000,3652316000,151000000,334387000,421630000,63817000,126802000,3949226000,345152000,0,None,70101000,28769000,3501316000,0,0,3799000,0,0,-482000,None,98434000,None,62648000,None,70101000,233358000,303459000,None,None,None,None,4381204000,126802000,None,37993013,USD,-344924000,5482000,-82672000,262252000,86057000,50797000,-35260000,1458000,5332000,-21825000,10050000,-2752000,1662000,0,0,3923000,0,1279000,133000,-953000,None,-21825000,16.24,16.09
17,2016-03-31,USD,38742000,32341000,2148000,38742000,6401000,3966000,0,0,6401000,0,32341000,None,6401000,199000,0,None,None,None,0,5013000,0,2435000,0,0,3966000,3966000,None,USD,4001323000,11524000,None,None,3587535000,413788000,0,3222447000,3792000,0,46727000,55196000,1327831000,148628000,3272447000,50000000,248330000,409996000,61416000,148628000,3566861000,347068000,0,None,70031000,27958000,3222447000,0,0,3792000,0,0,-88000,None,90649000,None,67049000,None,70031000,245057000,315088000,None,None,None,None,4001323000,148628000,None,37922250,USD,-72469000,5836000,-70176000,2293000,26325000,67078000,40753000,-1334000,3966000,12561000,15659000,1334000,1848000,0,0,4131000,0,4182000,793000,-1507000,None,12561000,15.79,16.24
18,2015-12-31,USD,36930000,27169000,2184000,36930000,9761000,6036000,0,0,9761000,0,27169000,None,9761000,12681000,6930000,None,None,None,0,0,0,3725000,-3459000,0,6036000,6036000,None,USD,3534780000,8594000,None,23998000,3181327000,353453000,0,2844387000,3435000,-42858000,44974000,25211000,1175895000,136067000,2894387000,50000000,291966000,-6213000,54579000,136067000,3162530000,319648000,54851000,None,69961000,31037000,2844387000,0,0,3435000,0,-42858000,-73000,None,87525000,None,60274000,None,69961000,216979000,286940000,None,None,None,399162000,3534780000,136067000,None,34351409,USD,-93969000,0,-86726000,7243000,23397000,126209000,102812000,-5456000,6036000,35426000,-4057000,171885000,2172000,0,0,0,0,-175942000,9091000,None,None,35426000,14.98,15.79
19,2015-09-30,USD,36266000,29127000,2799000,36266000,7139000,4441000,0,0,7139000,0,29127000,None,7139000,0,0,None,None,None,0,0,0,2698000,0,0,4441000,4441000,None,USD,3378108000,8991000,None,None,3027828000,350280000,0,2742296000,3435000,0,17034000,25864000,1118277000,100641000,2792296000,50000000,None,346845000,54900000,100641000,3041498000,315425000,0,None,69891000,24171000,2742296000,0,0,3435000,0,0,-38000,None,146214000,None,3277467000,None,69891000,165641000,235532000,None,None,None,None,3378108000,100641000,None,34346456,USD,39041000,394000,68427000,29386000,-25726000,-77030000,-51304000,None,4441000,5893000,14496000,-18373000,1014000,0,0,0,0,32869000,8466000,663000,None,5893000,14.68,14.98
