,fiscalDateEnding,reportedCurrency_x,totalRevenue,totalOperatingExpense,costOfRevenue,grossProfit,ebit,netIncome_x,researchAndDevelopment,effectOfAccountingCharges,incomeBeforeTax,minorityInterest,sellingGeneralAdministrative,otherNonOperatingIncome,operatingIncome,otherOperatingExpense,interestExpense,taxProvision,interestIncome,netInterestIncome,extraordinaryItems,nonRecurring,otherItems,incomeTaxExpense,totalOtherIncomeExpense,discontinuedOperations,netIncomeFromContinuingOperations,netIncomeApplicableToCommonShares,preferredStockAndOtherAdjustments,reportedCurrency_y,totalAssets,intangibleAssets,earningAssets,otherCurrentAssets,totalLiabilities,totalShareholderEquity,deferredLongTermLiabilities,otherCurrentLiabilities,commonStock,retainedEarnings,otherLiabilities,goodwill,otherAssets,cash,totalCurrentLiabilities,shortTermDebt,currentLongTermDebt,otherShareholderEquity,propertyPlantEquipment,totalCurrentAssets,longTermInvestments,netTangibleAssets,shortTermInvestments,netReceivables,longTermDebt,inventory,accountsPayable,totalPermanentEquity,additionalPaidInCapital,commonStockTotalEquity,preferredStockTotalEquity,retainedEarningsTotalEquity,treasuryStock,accumulatedAmortization,otherNonCurrrentAssets,deferredLongTermAssetCharges,totalNonCurrentAssets,capitalLeaseObligations,totalLongTermDebt,otherNonCurrentLiabilities,totalNonCurrentLiabilities,negativeGoodwill,warrants,preferredStockRedeemable,capitalSurplus,liabilitiesAndShareholderEquity,cashAndShortTermInvestments,accumulatedDepreciation,commonStockSharesOutstanding,reportedCurrency,investments,changeInLiabilities,cashflowFromInvestment,otherCashflowFromInvestment,netBorrowings,cashflowFromFinancing,otherCashflowFromFinancing,changeInOperatingActivities,netIncome_y,changeInCash,operatingCashflow,otherOperatingCashflow,depreciation,dividendPayout,stockSaleAndPurchase,changeInInventory,changeInAccountReceivables,changeInNetIncome,capitalExpenditures,changeInReceivables,changeInExchangeRate,changeInCashAndCashEquivalents,clossingVal,nextClossingVal
0,2020-06-30,USD,1283000000,791000000,383000000,1283000000,492000000,252000000,None,None,327000000,21000000,218000000,None,492000000,601000000,165000000,54000000,None,-165000000,None,-28000000,None,54000000,28000000,None,273000000,252000000,None,USD,16769000000,7827000000,None,875000000,14448000000,1609000000,455000000,210000000,1000000,832000000,1006000000,4716000000,605000000,622000000,903000000,120000000,71000000,-11000000,809000000,2592000000,None,-10424000000,None,1095000000,31000000,None,573000000,None,None,1000000,None,832000000,None,None,825000000,None,14177000000,252000000,12328000000,731000000,13514000000,None,510000000,None,787000000,16769000000,622000000,None,None,USD,-23000000,200000000,-48000000,26000000,-908000000,-1045000000,-7000000,83000000,273000000,-720000000,373000000,-450000000,176000000,17000000,85000000,None,114000000,60000000,51000000,114000000,None,-720000000,18.46,
1,2020-03-31,USD,1609000000,1282000000,828000000,1609000000,319000000,123000000,None,None,139000000,28000000,259000000,-8000000,327000000,1055000000,180000000,-12000000,-186000000,-180000000,None,-32000000,None,-12000000,24000000,None,151000000,123000000,None,USD,17360000000,7972000000,None,490000000,15182000000,1459000000,429000000,174000000,1000000,596000000,895000000,4716000000,591000000,1342000000,840000000,140000000,71000000,-2000000,786000000,3069000000,None,-10707000000,None,1237000000,35000000,None,526000000,None,None,1000000,None,596000000,None,None,817000000,None,14291000000,257000000,13231000000,647000000,14307000000,None,522000000,None,864000000,17360000000,1342000000,None,91000000,USD,-25000000,-274000000,-23000000,48000000,873000000,71000000,-9000000,21000000,151000000,9000000,-39000000,-209000000,174000000,18000000,176000000,None,34000000,85000000,46000000,34000000,None,9000000,16.08,18.46
2,2019-12-31,USD,1622178000,-6194225000,858000000,1622178000,264156000,43031000,None,None,79460000,44815000,292941000,-12247000,276403000,1087937000,184696000,-8000000,-182000000,-185000000,None,-35103000,None,-8386000,22000000,None,87846000,43031000,None,USD,17370000000,8140000000,None,345000000,14598000000,1502000000,407000000,193000000,1000000,492000000,880000000,4716000000,128000000,1333000000,1134000000,159000000,71000000,-2000000,765000000,2913000000,511000000,-10276000000,None,1235000000,39000000,None,782000000,None,None,1000000,None,492000000,None,None,836000000,None,14457000000,255000000,39000000,13018000000,13464000000,None,1078000000,None,1011000000,17370000000,1333000000,None,93000000,USD,-29000000,70000000,-53000000,36000000,-932000000,-435000000,615000000,33000000,87000000,-66000000,422000000,-28000000,172000000,-128000000,-302000000,None,7000000,114000000,60000000,7000000,None,-66000000,33.34,16.08
3,2019-09-30,USD,1125000000,1131000000,560000000,1125000000,-15000000,-60000000,None,None,-144000000,11000000,422000000,-9000000,-6000000,744000000,129000000,-95000000,-141000000,-129000000,None,-35000000,None,-95000000,26000000,None,-49000000,-60000000,None,USD,17779000000,9268000000,None,317000000,14742000000,1495000000,361000000,285000000,1000000,467000000,1044000000,4048000000,598000000,1399000000,1093000000,178000000,71000000,-1000000,740000000,2903000000,346000000,-10459000000,None,1187000000,43000000,None,630000000,None,None,1000000,None,467000000,None,None,820000000,None,14876000000,251000000,12392000000,853000000,13606000000,None,1362000000,None,1028000000,17779000000,1399000000,None,93000000,USD,-382432000,144337000,-9395551000,-8978714000,9452491000,9594534000,3690000,-8836000,-48154000,470292000,271309000,28457000,119674000,18235000,-34000,None,57514000,-30519000,34405000,57514000,None,470292000,42.74,33.34
4,2019-06-30,USD,770719000,664720000,335162000,770719000,99688000,42297000,None,None,46010000,1086000,216410000,-6311000,105999000,462298000,53678000,2627000,-134000000,-53678000,None,-13988000,None,2627000,7677000,None,43383000,42297000,None,USD,6553666000,1706371000,None,108428000,5024667000,1569115000,415579000,22662000,920000,544824000,541390000,2123902000,195868000,929038000,526224000,78982000,25207000,-784000,699505000,1635630000,None,-2261158000,None,598164000,40894000,None,424580000,None,None,920000,None,544824000,None,None,388258000,None,4918036000,216921000,3762794000,279176000,4457549000,None,None,None,1024155000,6553666000,929038000,None,93000000,USD,-15538000,8881000,-34294000,13831000,-10553000,-135031000,410000,-26480000,43383000,-46309000,123016000,-6327000,65842000,18409000,20049000,None,-10501000,21738000,32587000,-10501000,None,-46309000,53.63,42.74
5,2019-03-31,USD,722103000,628505000,319044000,722103000,82156000,21672000,None,None,27530000,1099000,187649000,-11442000,93598000,448765000,54626000,4759000,-68263000,-54626000,None,-7909000,None,4759000,-3533000,None,22771000,21672000,None,USD,6634208000,1751754000,None,126429000,5115055000,1559401000,414873000,22779000,917000,520936000,540553000,2123902000,194541000,975347000,539580000,115776000,42193000,-784000,687217000,1683002000,None,-2316255000,None,581226000,45445000,None,401025000,None,None,917000,None,520936000,None,None,388333000,None,4951206000,216749000,3840952000,274205000,4530030000,None,None,None,1038332000,6634208000,975347000,None,93000000,USD,-25030000,-16218000,-47155000,6883000,11062000,-137503000,-3100000,-47684000,22771000,-84983000,99675000,-18130000,66484000,18356000,104985000,None,15987000,28781000,29008000,15987000,None,-84983000,38.48,53.63
6,2018-12-31,USD,893326000,-4160469000,360355000,893326000,247703000,134652000,0,0,193493000,1493000,200112000,-15252000,262955000,459494000,54210000,None,None,None,4300000,-29235000,0,57348000,-66177000,0,136145000,206202000,None,USD,6572092000,1796319000,None,124979000,4971772000,1638836000,413253000,279749000,946000,517620000,549296000,2123902000,102480000,1060330000,572585000,136044000,35524000,-784000,683134000,1783906000,116996000,-2281385000,None,598597000,50060000,None,436541000,None,None,946000,None,517620000,None,None,184831000,None,4788186000,None,3849891000,85983000,4349127000,None,None,None,1121054000,6572092000,1060330000,None,102000000,USD,-10880000,-21655000,-31723000,6600000,-166733000,-206942000,1923000,93409000,207694000,35848000,274513000,-110742000,204611000,-129771000,-236661000,None,11243000,-16638000,27443000,11243000,None,35848000,26.34,38.48
7,2018-09-30,USD,766260000,608450000,360740000,766260000,138105000,63875000,0,0,62352000,1125000,188903000,-19705000,157810000,430375000,75753000,None,None,None,0,-10828000,0,-2648000,-95930000,0,65000000,63875000,None,USD,6627414000,1841642000,None,158019000,5041860000,1623533000,444940000,128435000,1007000,330780000,582698000,2125402000,120295000,1022974000,600604000,157813000,41798000,-1423000,674440000,1790735000,74900000,-2343511000,None,609742000,54691000,None,442791000,None,None,1007000,None,330780000,None,None,195195000,None,4836679000,None,3858558000,83067000,4386565000,None,None,None,1293169000,6627414000,1022974000,None,103000000,USD,15905000,-38610000,-29073000,-19628000,1327000,-78876000,-367000,-11602000,65000000,8258000,116207000,32013000,75477000,18410000,3355000,None,-44952000,27279000,25350000,-44952000,None,8258000,28.35,26.34
8,2018-06-30,USD,730143000,598561000,356589000,730143000,118283000,28041000,0,0,26012000,1268000,180479000,-13299000,131582000,418082000,92271000,None,None,None,0,0,0,-3297000,-106029000,0,29309000,28041000,None,USD,6581543000,1844507000,None,97871000,4996125000,1621167000,441707000,68363000,1023000,285316000,564060000,2022073000,278268000,1014718000,568017000,90631000,42191000,-1423000,666636000,1678759000,91300000,-2245413000,0,566170000,33847000,0,477386000,1585418000,1336251000,1023000,0,285316000,0,None,369568000,None,4902784000,None,3864048000,88506000,4394261000,None,None,None,1336251000,6581543000,1014718000,None,103000000,USD,-10246000,140866000,-36465000,3830000,1653000,-141361000,4032000,-73359000,29310000,-22071000,155755000,59942000,66234000,18403000,3516000,0,-29475000,-44888000,30049000,-29475000,None,-22071000,32.15,28.35
9,2018-03-31,USD,665352000,558038000,336722000,665352000,98108000,43123000,0,0,28366000,871000,171495000,-9206000,107314000,386543000,69742000,None,None,None,0,0,0,-15628000,-57839000,0,43994000,43123000,None,USD,6663411000,1888370000,None,338078000,5091868000,1607707000,498719000,92155000,1022000,275676000,612952000,2021970000,280548000,810232000,591681000,232386000,153244000,-1423000,654432000,1714691000,103400000,-2302633000,226558000,566381000,37170000,0,359295000,1571543000,1332432000,1022000,0,275676000,0,None,383948000,None,4948720000,None,3875025000,89273000,4463017000,None,None,None,1332432000,6663411000,810232000,None,103000000,USD,-7750000,-8232000,-20950000,9019000,363000,-37638000,-2659000,-18353000,43994000,42355000,100943000,43304000,70930000,18392000,0,0,26504000,-4627000,22219000,26504000,None,42355000,31.3,32.15
10,2017-12-31,USD,734002000,-3616803000,316977000,734002000,351154000,292809000,-15053000,0,298863000,1271000,-1280084000,-6427000,357581000,-2321644000,52280000,None,None,None,0,0,0,4783000,92273000,0,294080000,443529000,None,USD,6784470000,1964243000,None,438807000,5250104000,1568738000,515236000,84341000,1018000,248845000,120918000,2124033000,4331425000,681326000,726349000,267435000,159382000,-1423000,738298000,1714747000,184255000,-2519538000,313110000,594614000,41909000,0,374573000,1534366000,1320298000,1018000,0,248845000,0,None,243149000,None,5069723000,None,3875116000,91494000,4481846000,None,None,None,1320298000,6784470000,681326000,None,101000000,USD,-409000,41291000,-36863000,-8105000,-336476000,-36697000,1001000,-9409000,444801000,79133000,152693000,-214770000,275925000,-124413000,-52703000,0,-41908000,-74554000,28349000,-44075000,None,79133000,37.85,31.3
11,2017-09-30,USD,670891000,567444000,296378000,670891000,101427000,30637000,2551000,0,49684000,1929000,186132000,-2020000,103447000,378761000,51743000,None,None,None,0,0,0,17118000,-5829000,0,32566000,30637000,None,USD,6687069000,2015171000,None,459047000,5578770000,1141995000,661745000,321315000,1017000,-176370000,116844000,2113651000,4373513000,602193000,911223000,295377000,164485000,-807000,724125000,1589431000,21001000,-2986827000,312802000,528191000,46026000,0,294531000,1108299000,1318155000,1017000,0,-176370000,0,None,223690000,None,5097638000,None,3876134000,83642000,4621521000,None,None,None,1318155000,6687069000,602193000,None,103000000,USD,-1612000,3263000,-262529000,-238961000,2952000,-68254000,-2321000,-363000,32565000,-193854000,136929000,68147000,0,18305000,0,0,2167000,4492000,21956000,28462000,None,-193854000,32.05,37.85
12,2017-06-30,USD,679290000,560441000,298382000,679290000,121874000,44645000,1345000,0,70915000,1390000,179647000,3025000,118849000,379449000,50959000,None,None,None,0,0,0,24880000,10413000,0,46035000,44645000,None,USD,6289536000,1890945000,None,77439000,5164564000,1158176000,601078000,10925000,1027000,-188701000,128626000,2002809000,4161611000,796047000,537488000,233381000,4068075000,-807000,705483000,1422442000,20996000,-2735578000,2000000,548956000,42072000,0,293182000,1124972000,1346657000,1027000,0,-188701000,0,None,246861000,None,4867094000,None,3884159000,99767000,4585004000,None,None,None,1346657000,6289536000,796047000,None,104000000,USD,-17610000,-26639000,-53792000,-23449000,284422000,-37701000,-128000,4845000,46035000,-19653000,71840000,72169000,0,51001000,15708000,0,26295000,8113000,12733000,-27838000,None,-19653000,32.9,32.05
13,2017-03-31,USD,649935000,492306000,289420000,649935000,156604000,57202000,1157000,0,99282000,13501000,168542000,-1025000,157629000,322607000,57318000,None,None,None,0,0,0,28579000,-58347000,0,70703000,57202000,None,USD,6317323000,1921538000,None,109531000,5220424000,1129153000,605167000,10943000,1026000,-214859000,130831000,1998135000,4164046000,815700000,467468000,152057000,152057000,-807000,712467000,1440810000,20994000,-2790520000,3200000,515579000,48278000,0,304468000,1096899000,1343793000,1026000,0,-214859000,0,None,223379000,None,4876513000,None,4002553000,96958000,4704678000,None,None,None,1343793000,6317323000,815700000,None,94000000,USD,-3080000,-26432000,155159000,179013000,-121333000,330915000,-3670000,515000,70703000,555716000,69642000,67819000,0,-16257000,472175000,0,1543000,-43991000,20774000,1543000,None,555716000,40.5,32.9
14,2016-12-31,USD,797691000,-3703947000,319459000,797691000,233181000,365153000,-7140000,0,178857000,1603000,-1196305000,-265000,233446000,-2500507000,54324000,None,None,None,0,0,0,-187899000,-150359000,0,366756000,120897000,None,USD,5963168000,2109628000,None,125650000,5405232000,587983000,609317000,6040000,903000,-255804000,130329000,1990746000,4340504000,259984000,636473000,280833000,171131000,-807000,717576000,905088000,19500000,-3512391000,0,519454000,53836000,0,349600000,557936000,843691000,903000,0,-255804000,0,None,220630000,None,5058080000,None,4014932000,90674000,4714923000,None,None,None,843691000,5963168000,259984000,None,94000000,USD,-10237000,51025000,-48476000,-12375000,-3711000,-57591000,7945000,-969000,122500000,155439000,261506000,85642000,282324000,-16242000,-45583000,0,-71718000,-3061000,25864000,5400000,None,155439000,33.35,40.5
15,2016-09-30,USD,693835000,539841000,302502000,693835000,132507000,50845000,745000,0,79019000,1188000,172905000,-21487000,153994000,366191000,53488000,None,None,None,0,0,0,26986000,-23106000,0,52033000,50845000,None,USD,5866188000,2148696000,None,156649000,5379522000,516516000,612961000,8142000,914000,-360459000,129343000,1989578000,4363010000,104545000,599745000,296791000,296791000,-834000,713088000,790090000,None,-3621758000,0,528896000,57724000,0,294812000,486666000,876895000,914000,0,-360459000,0,None,224736000,None,5076098000,None,4022437000,86655000,4722053000,None,None,None,876895000,5866188000,104545000,None,95000000,USD,-12381000,-417000,-29077000,2119000,-265828000,-90707000,2349000,1636000,52033000,818000,120602000,83899000,0,-82448000,-112411000,0,77118000,15963000,18815000,-30876000,None,818000,28.88,33.35
16,2016-06-30,USD,666534000,537460000,303700000,666534000,131121000,49419000,1209000,0,77205000,1181000,172026000,2047000,129074000,364225000,53916000,None,None,None,0,0,0,26605000,-3339000,0,50600000,49419000,None,USD,5779677000,2143995000,None,84408000,5236783000,570512000,587289000,9211000,946000,-394418000,117539000,2017382000,4373852000,103727000,531740000,238536000,238536000,-834000,727806000,678019000,None,-3590865000,0,489884000,45110000,0,283993000,542894000,964818000,946000,0,-394418000,0,None,212475000,None,5101658000,None,3984262000,88382000,4659933000,None,None,None,964818000,5779677000,103727000,None,96000000,USD,-1969000,7506000,-73814000,-47910000,8705000,-39626000,-1633000,14008000,50600000,-37797000,75643000,85544000,0,17106000,11247000,0,46242000,5153000,23935000,-73160000,None,-37797000,29.86,28.88
17,2016-03-31,USD,578889000,492550000,272262000,578889000,87224000,24140000,1101000,0,37809000,1489000,159275000,885000,86339000,332174000,49415000,None,None,None,0,0,0,12180000,-48530000,0,25629000,24140000,None,USD,5747198000,2043062000,None,123948000,5227300000,547048000,551518000,9258000,950000,-426731000,122720000,2081936000,4340904000,141524000,537706000,254167000,254167000,-834000,723762000,682532000,3000000,-3577950000,0,417060000,51033000,0,274281000,0,0,950000,0,-426731000,0,None,212906000,None,5064666000,None,3998674000,88369000,4638561000,None,None,None,973663000,5747198000,141524000,None,96000000,USD,-39374000,20786000,-454636000,-389411000,598850000,312173000,-9772000,-17334000,25629000,-8448000,134015000,53712000,0,15675000,0,0,26918000,6970000,25851000,26918000,None,-8448000,30.75,29.86
18,2015-12-31,USD,611790000,487547000,253556000,611790000,120122000,58200000,881000,0,71553000,2630000,-422729000,-4121000,124243000,909395000,48569000,None,None,None,0,0,0,10723000,-141359000,0,60830000,58200000,None,USD,5432315000,1903031000,None,126360000,4932637000,525810000,585072000,8080000,947000,-437029000,125552000,1931093000,4013415000,149972000,535003000,272444000,164184000,-834000,717137000,701763000,116031000,-3308314000,0,425431000,56921000,0,254479000,0,0,947000,0,-437029000,0,None,179291000,None,4730552000,None,3669160000,86481000,4340713000,None,None,None,962726000,5432315000,149972000,None,96000000,USD,20102000,-26449000,-23778000,-24935000,-395588000,-34846000,683000,-3474000,60830000,30583000,89207000,79864000,264887000,-109837000,-67564000,0,-38666000,14191000,18945000,-39229000,None,30583000,32.54,30.75
19,2015-09-30,USD,548404000,448798000,240119000,548404000,99810000,43255000,4803000,0,51244000,779000,348664000,204000,99606000,95331000,48566000,None,None,None,0,0,0,7210000,-3755000,0,44034000,43255000,None,USD,5480447000,1920400000,None,165750000,5029186000,476779000,583613000,8871000,947000,-479600000,132906000,1951428000,4061536000,119389000,491920000,197559000,None,-6277000,746662000,672249000,None,-3395049000,0,387110000,60313000,0,285490000,0,0,947000,0,-479600000,0,None,189708000,None,4808198000,None,3804877000,88463000,4476953000,None,None,None,961709000,5480447000,119389000,None,96000000,USD,-5259000,20952000,-37640000,-6967000,375108000,-41022000,3672000,None,44034000,54810000,133472000,72119000,0,78568000,39090000,0,563000,-763000,25414000,-2870000,None,54810000,25.32,32.54
