,fiscalDateEnding,reportedCurrency_x,totalRevenue,totalOperatingExpense,costOfRevenue,grossProfit,ebit,netIncome_x,researchAndDevelopment,effectOfAccountingCharges,incomeBeforeTax,minorityInterest,sellingGeneralAdministrative,otherNonOperatingIncome,operatingIncome,otherOperatingExpense,interestExpense,taxProvision,interestIncome,netInterestIncome,extraordinaryItems,nonRecurring,otherItems,incomeTaxExpense,totalOtherIncomeExpense,discontinuedOperations,netIncomeFromContinuingOperations,netIncomeApplicableToCommonShares,preferredStockAndOtherAdjustments,reportedCurrency_y,totalAssets,intangibleAssets,earningAssets,otherCurrentAssets,totalLiabilities,totalShareholderEquity,deferredLongTermLiabilities,otherCurrentLiabilities,commonStock,retainedEarnings,otherLiabilities,goodwill,otherAssets,cash,totalCurrentLiabilities,shortTermDebt,currentLongTermDebt,otherShareholderEquity,propertyPlantEquipment,totalCurrentAssets,longTermInvestments,netTangibleAssets,shortTermInvestments,netReceivables,longTermDebt,inventory,accountsPayable,totalPermanentEquity,additionalPaidInCapital,commonStockTotalEquity,preferredStockTotalEquity,retainedEarningsTotalEquity,treasuryStock,accumulatedAmortization,otherNonCurrrentAssets,deferredLongTermAssetCharges,totalNonCurrentAssets,capitalLeaseObligations,totalLongTermDebt,otherNonCurrentLiabilities,totalNonCurrentLiabilities,negativeGoodwill,warrants,preferredStockRedeemable,capitalSurplus,liabilitiesAndShareholderEquity,cashAndShortTermInvestments,accumulatedDepreciation,commonStockSharesOutstanding,reportedCurrency,investments,changeInLiabilities,cashflowFromInvestment,otherCashflowFromInvestment,netBorrowings,cashflowFromFinancing,otherCashflowFromFinancing,changeInOperatingActivities,netIncome_y,changeInCash,operatingCashflow,otherOperatingCashflow,depreciation,dividendPayout,stockSaleAndPurchase,changeInInventory,changeInAccountReceivables,changeInNetIncome,capitalExpenditures,changeInReceivables,changeInExchangeRate,changeInCashAndCashEquivalents,clossingVal,nextClossingVal
0,2020-03-31,USD,160862000,None,111389000,49473000,None,2755000,None,None,2787000,None,10639000,None,22893000,-426000,-27586000,43000,-20106000,None,None,None,None,43000,None,None,None,2755000,None,USD,3269718000,None,None,167135000,1730422000,1539296000,None,None,1539296000,None,5668000,None,3665000,130281000,366114000,None,None,1539296000,2968637000,297416000,None,1539296000,None,None,1358640000,None,None,None,None,None,None,None,None,None,None,None,None,None,1358640000,None,None,None,None,None,None,None,130281000,None,None,USD,None,0,-31944000,-31944000,None,4887000,4887000,None,None,5040000,32097000,None,None,None,None,None,None,None,0,None,None,None,5.64,
1,2019-12-31,USD,248639000,196545000,189124000,59515000,37676000,23499000,None,None,23538000,None,8051000,None,52094000,2273000,14138000,39000,293000,-21087000,None,None,None,39000,-7469000,None,23499000,23499000,None,USD,3238671000,None,None,11413000,1694631000,1544040000,None,1724000,961000,-1001170000,3243000,None,4724000,117819000,310931000,150350000,150350000,1544040000,2966743000,266042000,1162000,1544040000,None,58785000,1009410000,51153000,42779000,None,None,None,None,None,-93000,None,4724000,None,2972629000,423192000,1379241000,3243000,1383700000,None,None,None,2544342000,None,117819000,None,None,USD,-26437000,0,-279837000,-279837000,None,103697000,103697000,None,23499000,-87615000,53239000,None,None,None,None,None,None,None,0,None,None,None,11.81,5.64
2,2019-09-30,USD,248444000,219053000,209362000,39082000,28327000,5815000,None,None,5826000,None,9706000,None,29391000,95000,22501000,11000,-90000,-22501000,None,None,None,11000,-1064000,None,5815000,5815000,None,USD,3215785000,None,None,141740000,1691969000,1523816000,None,96134000,1523816000,None,4967000,None,12408000,106806000,278171000,182037000,182037000,1523816000,2954831000,248546000,None,1523816000,None,None,1408831000,None,None,None,None,None,None,None,None,None,12408000,None,2967239000,None,1408831000,4967000,1413798000,None,None,None,None,None,106806000,None,None,USD,-121307000,0,-253400000,-253400000,None,121359000,121359000,None,5815000,-96755000,27659000,None,None,None,None,None,None,None,0,None,None,None,10.07,11.81
3,2019-06-30,USD,157792000,171410000,160346000,-2554000,-21945000,-40173000,None,None,-40114000,None,9829000,None,-13618000,-15000,18169000,59000,619000,-20971000,None,None,None,59000,-5525000,None,-40173000,-40173000,None,USD,3032428000,169000,None,13820000,1556538000,1475890000,None,2398000,917000,-1025680000,4353000,None,32025000,83088000,251931000,122919000,122919000,1475890000,2792297000,206774000,1163000,1475721000,None,41794000,942274000,46691000,29598000,None,None,None,None,None,None,None,10822000,None,2825654000,402313000,1299114000,4353000,1304607000,None,None,None,None,None,83088000,None,None,USD,-92059000,0,-132093000,-132093000,None,6969000,6969000,None,-40173000,-117497000,-4781000,None,None,None,None,None,None,None,0,None,None,None,9.65,10.07
4,2019-03-31,USD,166490000,157306000,93698000,72792000,16894000,-5342000,None,None,-5370000,None,11322000,None,16389000,-156000,-8341000,None,-21759000,-21759000,None,None,None,None,7233000,None,-5342000,-5342000,None,USD,3014470000,None,None,98199000,1491167000,1523303000,None,63137000,1523303000,None,6079000,None,71933000,155322000,232157000,169020000,169020000,1523303000,2689016000,253521000,None,1523303000,None,None,1252931000,None,None,None,None,None,None,None,None,None,10312000,None,2760949000,None,1252931000,6079000,1259010000,None,None,None,None,None,155322000,None,None,USD,-40034000,0,-40034000,-40034000,None,-26017000,-26017000,None,-5342000,-53643000,12408000,None,None,None,None,None,None,None,0,None,None,None,6.58,9.65
5,2018-12-31,USD,209433000,156333000,115838000,93595000,53100000,11715000,0,0,11776000,0,7223000,None,53100000,1736000,-19076000,61000,None,None,0,0,0,61000,-41324000,0,11715000,11715000,None,USD,3022137000,None,None,19982000,1502092000,1520045000,None,16945000,926000,-980165000,4221000,None,66085000,204921000,222717000,101007000,101007000,None,2656108000,298836000,1108000,1520045000,50000,39943000,734229000,27436000,20959000,None,None,None,None,None,-3145000,None,None,None,None,None,1275154000,None,None,None,None,None,2502429000,None,204921000,None,None,USD,None,0,-325327000,3307000,112943000,96695000,-13103000,-3308000,11715000,-59623000,169009000,None,101032000,None,None,-8091000,-22266000,27215000,328634000,None,None,None,9.14,6.58
6,2018-09-30,USD,188467000,139943000,102099000,86368000,48524000,26054000,0,0,26054000,0,9047000,None,48524000,2000,-21353000,None,None,None,0,0,0,0,-22470000,0,26054000,26054000,None,USD,3036300000,None,None,90668000,1528781000,1507519000,None,59672000,1507519000,None,5326000,None,60823000,224461000,243788000,184116000,184116000,None,2660348000,315129000,None,1507519000,None,None,1279667000,None,None,None,None,None,None,None,None,None,None,None,None,None,None,None,None,None,None,None,None,None,None,None,None,USD,None,0,None,None,None,127023000,None,None,26054000,None,109173000,None,None,None,None,None,None,None,0,None,None,None,14.45,9.14
7,2018-06-30,USD,132604000,108187000,75724000,56880000,24417000,10728000,0,0,10728000,0,10383000,None,24417000,5000,-16238000,None,None,None,0,0,0,0,-13689000,0,10728000,10728000,None,USD,2243318000,None,None,17635000,1088778000,1154540000,None,12116000,675000,-1017532000,620000,None,57900000,218651000,181750000,119657000,119657000,788000,1896020000,288286000,1112000,1154540000,10425000,24723000,608363000,22257000,15157000,None,None,None,None,None,None,None,None,None,None,None,None,None,None,None,None,None,None,None,None,None,None,USD,None,-2072000,-44326000,253000,-9238000,-8999000,239000,3973000,10728000,-23820000,29505000,None,22075000,None,None,-3112000,-3846000,1068000,44579000,None,None,None,12.86,14.45
8,2018-03-31,USD,121057000,96970000,68488000,52569000,24087000,9900000,0,0,9900000,0,7319000,None,24087000,-5000,-13925000,None,None,None,0,0,0,0,-14187000,0,9900000,9900000,None,USD,2196083000,None,None,17528000,1098694000,1097389000,None,14440000,642000,-1028262000,623000,None,25448000,248158000,187237000,127487000,127487000,839000,1858347000,311219000,1069000,1097389000,7738000,21044000,634999000,19145000,15221000,None,None,None,None,None,None,None,None,None,None,None,None,None,None,None,None,None,None,None,None,None,64000000,USD,None,4000000,-71266000,51000,30500000,30500000,239000,-1284000,9900000,-9184000,31582000,None,21168000,None,None,200000,-4726000,1648000,71317000,None,None,None,11.63,12.86
9,2017-12-31,USD,107707000,13353000,46066000,64529000,56966000,23884000,0,0,23952000,0,5760000,None,34752000,1829000,27709000,None,None,None,0,0,0,68000,-5813000,0,51176000,23884000,None,USD,2145764000,None,None,9680000,1057712000,1088052000,None,19786000,642000,-1036303000,560000,None,9483000,257911000,219274000,174583000,174583000,605000,1823655000,312626000,1063000,1088052000,7169000,18672000,837878000,19345000,9944000,None,None,None,None,None,None,None,None,None,None,None,None,None,None,None,None,None,None,None,None,None,63000000,USD,None,3846000,-127101000,1679000,74518000,122035000,-3937000,2562000,23884000,77738000,80970000,None,82623000,None,51454000,-4811000,-5949000,5612000,143684000,None,None,None,11.26,11.63
10,2017-09-30,USD,80798000,556271000,47292000,165729000,-48889000,-130418000,0,0,-129886000,0,7579000,None,4820000,2670000,-57527000,None,None,None,0,0,0,51000,-80997000,0,-130418000,-130418000,None,USD,2128633000,None,None,50622000,1065124000,1063509000,None,27551000,1063509000,None,490000,None,9454000,235551000,108370000,80819000,80819000,None,1833006000,286173000,None,1063509000,None,None,956264000,None,None,None,None,None,None,None,None,None,None,None,None,None,None,None,None,None,None,None,None,None,None,None,64000000,USD,None,0,-71266000,51000,30500000,133491000,239000,-1284000,-7426000,-9184000,38475000,None,21168000,None,None,200000,-4726000,1648000,71317000,None,None,None,9.71,11.26
11,2017-06-30,USD,78605000,-346248000,46407000,-98548000,35657000,85421000,0,0,85083000,0,8884000,None,2572000,-2155000,13326000,None,None,None,0,0,0,52000,49426000,0,85421000,85421000,None,USD,2136491000,None,None,10107000,1068141000,1068350000,None,18537000,634000,-1052761000,480000,None,9394000,226882000,41075000,1045442000,1045442000,141000,1843415000,283682000,974000,1068350000,12120000,22247000,1026586000,14158000,5886000,None,None,None,None,None,None,None,None,None,None,None,None,None,None,None,None,None,None,None,None,None,63000000,USD,None,0,-71266000,51000,30500000,140563000,None,-1284000,-10279000,-9184000,20336000,None,21168000,None,None,376000,-4726000,1648000,116679000,None,None,None,9.83,9.71
12,2017-03-31,USD,64866000,70352000,43475000,21891000,-5486000,-15950000,0,0,-15885000,0,7732000,None,-5486000,431000,11600000,None,None,None,0,0,0,65000,-10399000,0,-15950000,-15950000,None,USD,2126083000,None,None,54137000,1051279000,1074804000,None,21251000,1074804000,None,751000,None,9919000,213422000,39667000,1029277000,1029277000,None,1848605000,267559000,None,1074804000,None,None,1010861000,None,None,None,None,None,None,None,None,None,None,None,None,None,None,None,None,None,None,None,None,None,None,None,61000000,USD,None,0,None,None,None,127442000,None,None,-15950000,None,6105000,None,None,None,None,None,None,None,102900000,None,None,None,11.88,9.83
13,2016-12-31,USD,63241000,-149445000,43255000,74117000,111639000,210178000,0,0,-153961000,0,5347000,None,111639000,2941000,22885000,None,None,None,0,29221000,0,267000,-89299000,0,-154228000,-154228000,None,USD,2011702000,None,None,14481000,974472000,1037230000,None,16417000,566000,-1026532000,1264000,None,11457000,181758000,28119000,2549000,2549000,-294000,1771779000,228466000,970000,1037230000,5121000,14924000,945089000,14534000,5200000,None,None,None,None,None,None,None,None,None,None,None,None,None,None,None,None,None,None,None,None,None,48000000,USD,None,-4641000,-13425000,2745000,-29438000,20366000,-785000,-2991000,-154228000,-26291000,-33232000,None,82189000,None,50589000,-184000,-1683000,45451000,396154000,None,None,None,5.11,11.88
14,2016-09-30,USD,59912000,728213000,44513000,-41601000,-290301000,-576406000,0,0,0,0,5957000,None,-290301000,0,-100233000,None,None,None,0,0,0,0,0,0,0,0,None,USD,2058635000,None,None,57068000,989641000,1068994000,None,27312000,1068994000,-1027000000,3378000,None,11430000,183199000,33460000,958951000,958951000,None,1806938000,240267000,1000000,None,None,18000000,952803000,15000000,5000000,None,None,None,None,None,None,None,None,None,None,None,None,None,None,None,None,None,None,None,None,None,46000000,USD,None,None,None,None,None,28370000,None,None,-39406000,None,None,None,None,None,None,None,None,None,0,None,None,None,4.54,5.11
15,2016-06-30,USD,52649000,-365000000,45750000,13000000,141000000,261000000,0,0,0,0,7124000,None,141000000,0,11026000,None,None,None,0,0,0,0,0,0,0,0,None,USD,2063240000,None,None,16458000,1007556000,1055684000,None,19875000,440000,-954000000,5403000,None,11302000,140555000,38421000,983000000,983000000,None,1858399000,194000000,1000000,None,5122000,19000000,963732000,16882000,9409000,None,None,None,None,None,None,None,None,None,None,None,None,None,None,None,None,None,None,None,None,None,44000000,USD,None,None,18000000,1205000,None,-7000000,None,3000000,-33000000,2000000,-9000000,None,20000000,None,None,-1000000,-3000000,None,388660000,None,None,None,2.96,4.54
16,2016-03-31,USD,46304000,73000000,48310000,-1000000,-27000000,-49000000,0,0,0,0,6174000,None,-27000000,0,11246000,None,None,None,0,0,0,0,0,0,0,0,None,USD,2101317000,47000,None,82511000,1014471000,1086846000,None,21184000,2190000,-921000000,4928000,None,2570000,138509000,935673000,989000000,989000000,None,1840042000,259000000,1000000,None,12505000,17000000,73870000,15529000,10184000,None,None,None,None,None,None,None,None,None,None,None,None,None,None,None,None,None,None,None,None,None,44000000,USD,None,None,-43000000,1472000,None,-7000000,1000000,-11000000,-49000000,-70000000,-27000000,None,21000000,None,None,-1000000,3000000,None,310412000,None,None,None,0.75,2.96
17,2015-12-31,USD,64154000,315733000,51733000,27919000,-81447000,-458177000,0,0,-458177000,0,5127000,None,-81447000,3675000,21648000,None,None,None,0,324092000,0,0,-376730000,0,-458177000,-458177000,None,USD,2164883000,254000,None,15097000,1029525000,1135358000,None,25882000,2191000,-872304000,2949000,None,27363000,208056000,166949000,133072000,133072000,-1216000,1885462000,252058000,844000,1135104000,3769000,12098000,859627000,14247000,9436000,None,None,None,None,None,None,None,None,None,None,None,None,None,None,None,None,None,None,None,None,None,None,USD,None,-5311000,-397533000,6084000,129464000,534167000,-14068000,-7449000,-458177000,122056000,-14578000,None,91610000,None,418771000,121000,12912000,348020000,473917000,None,None,None,0.6051,0.75
18,2015-09-30,USD,68814000,0,59742000,0,0,0,0,0,0,0,5533000,None,0,0,-10308000,None,None,None,0,0,0,0,0,0,0,0,None,USD,2500660000,770000,None,45575000,1057259000,1443401000,None,37097000,None,None,82872000,None,29579000,234504000,147566000,None,None,None,2191002000,None,None,None,None,None,826821000,None,None,None,None,None,None,None,None,None,None,None,None,None,None,None,None,None,None,None,None,None,None,None,44000000,USD,None,None,None,None,None,556397000,None,None,None,None,None,None,None,None,None,None,None,None,0,None,None,None,2.05,0.6051
