,fiscalDateEnding,reportedCurrency_x,totalRevenue,totalOperatingExpense,costOfRevenue,grossProfit,ebit,netIncome_x,researchAndDevelopment,effectOfAccountingCharges,incomeBeforeTax,minorityInterest,sellingGeneralAdministrative,otherNonOperatingIncome,operatingIncome,otherOperatingExpense,interestExpense,taxProvision,interestIncome,netInterestIncome,extraordinaryItems,nonRecurring,otherItems,incomeTaxExpense,totalOtherIncomeExpense,discontinuedOperations,netIncomeFromContinuingOperations,netIncomeApplicableToCommonShares,preferredStockAndOtherAdjustments,reportedCurrency_y,totalAssets,intangibleAssets,earningAssets,otherCurrentAssets,totalLiabilities,totalShareholderEquity,deferredLongTermLiabilities,otherCurrentLiabilities,commonStock,retainedEarnings,otherLiabilities,goodwill,otherAssets,cash,totalCurrentLiabilities,shortTermDebt,currentLongTermDebt,otherShareholderEquity,propertyPlantEquipment,totalCurrentAssets,longTermInvestments,netTangibleAssets,shortTermInvestments,netReceivables,longTermDebt,inventory,accountsPayable,totalPermanentEquity,additionalPaidInCapital,commonStockTotalEquity,preferredStockTotalEquity,retainedEarningsTotalEquity,treasuryStock,accumulatedAmortization,otherNonCurrrentAssets,deferredLongTermAssetCharges,totalNonCurrentAssets,capitalLeaseObligations,totalLongTermDebt,otherNonCurrentLiabilities,totalNonCurrentLiabilities,negativeGoodwill,warrants,preferredStockRedeemable,capitalSurplus,liabilitiesAndShareholderEquity,cashAndShortTermInvestments,accumulatedDepreciation,commonStockSharesOutstanding,reportedCurrency,investments,changeInLiabilities,cashflowFromInvestment,otherCashflowFromInvestment,netBorrowings,cashflowFromFinancing,otherCashflowFromFinancing,changeInOperatingActivities,netIncome_y,changeInCash,operatingCashflow,otherOperatingCashflow,depreciation,dividendPayout,stockSaleAndPurchase,changeInInventory,changeInAccountReceivables,changeInNetIncome,capitalExpenditures,changeInReceivables,changeInExchangeRate,changeInCashAndCashEquivalents,clossingVal,nextClossingVal
0,2020-06-30,USD,54219000,29856000,None,54219000,24363000,21554000,None,None,24363000,None,29856000,None,24363000,3279000,11224000,2809000,58495000,47271000,None,None,None,2809000,None,None,21554000,21554000,None,USD,7329611000,11450000,2878521000,None,6512006000,817605000,8093000,5070544000,47387000,77134000,72299000,201116000,3917374000,156495000,5070544000,None,None,43011000,147715000,193348000,6596000000,605039000,2679521000,36853000,158916000,None,None,None,None,47387000,None,77134000,-119334000,None,300366000,None,7256647000,18164000,158916000,1274453000,1441462000,None,None,None,769407000,7329611000,156495000,None,None,USD,-9395000,-3644000,-25345000,-12323000,-326807000,-5430000,331274000,-4130000,21554000,-11407000,19368000,-3148000,9543000,-10233000,336000,None,-9784000,4847000,3627000,-9784000,None,-11407000,27.72,
1,2020-03-31,USD,34952000,30520000,None,34952000,4432000,3953000,None,None,4432000,None,30520000,None,4432000,2814000,16051000,479000,60752000,44701000,None,None,None,479000,None,None,3953000,3953000,None,USD,7273638000,12381000,3420461000,None,6477838000,795800000,6964000,4739123000,47373000,65863000,62651000,201116000,3659150000,166909000,4739123000,None,None,33539000,146212000,193978000,6362218000,582303000,2813024000,27069000,158870000,None,None,None,None,47373000,None,65863000,-119415000,None,357733000,None,7079660000,10123000,158870000,1572881000,1738715000,None,None,None,768440000,7273638000,166909000,None,34000000,USD,-505023000,-19037000,-509133000,149000,491168000,512548000,56239000,-28355000,3953000,1516000,-1899000,-14859000,7282000,-10494000,-24365000,None,1383000,19379000,4259000,1383000,None,1516000,30.39,27.72
2,2019-12-31,USD,51133000,-207650000,None,51133000,258783000,17335000,None,None,20189000,None,-207650000,None,258783000,3597000,17357000,2854000,60533000,43176000,None,None,None,2854000,-1030000,None,17335000,17335000,None,USD,6748913000,13361000,2971638000,82635000,5944333000,804580000,4823000,4702769000,47360000,80274000,53868000,201116000,3656856000,160784000,4702769000,985374000,985374000,4236000,143912000,189236000,6037250000,590103000,2358597000,28452000,158826000,472000,4702769000,None,None,47360000,None,80274000,-94008000,None,164038000,None,6559677000,10174000,158826000,1077915000,1241564000,None,None,None,766718000,6748913000,160784000,None,34000000,USD,-213913000,-5239000,-217844000,503000,12525000,193065000,191796000,-2234000,17335000,-4127000,20652000,3005000,7350000,-11490000,234000,None,-5969000,4170000,4434000,-5969000,None,-4127000,37.14,30.39
3,2019-09-30,USD,52479000,29026000,None,52479000,23453000,19792000,None,None,23453000,None,29026000,None,23453000,2747000,18182000,3661000,60555000,42373000,None,None,None,3661000,-1080000,None,19792000,19792000,None,USD,6542075000,14391000,2816805000,23483000,5731622000,810453000,8009000,4490767000,47346000,74477000,52749000,201116000,3585356000,159863000,4490767000,971791000,971791000,16691000,141683000,182346000,5857124000,594946000,2240381000,22483000,158781000,916000,4490767000,None,None,47346000,None,74477000,-93573000,None,145415000,None,6359729000,10478000,158781000,1074065000,1240855000,None,None,None,765512000,6542075000,159863000,None,34000000,USD,-180387000,9302000,-183644000,292000,138756000,140809000,11421000,-5889000,19792000,-17697000,25138000,-15191000,6365000,-10471000,1103000,None,2684000,2186000,3549000,2684000,None,-17697000,34.11,37.14
4,2019-06-30,USD,51879000,29700000,None,51879000,22179000,18610000,None,None,22179000,None,29700000,None,22179000,3577000,17541000,3569000,60672000,43131000,None,None,None,3569000,-1566000,None,18610000,18610000,None,USD,6372870000,15471000,2694638000,26979000,5585105000,787765000,5029000,4479256000,47333000,65183000,48215000,201116000,3546213000,177239000,4479256000,822696000,822696000,4935000,140105000,202406000,5673128000,571178000,2088787000,25167000,158738000,1069000,4479256000,None,None,47333000,None,65183000,-93906000,None,140644000,None,6170464000,10204000,158738000,942082000,1105849000,None,None,None,764220000,6372870000,177239000,None,34000000,USD,-270497000,-2216000,-274215000,142000,221323000,122451000,-88890000,-5610000,18610000,-137422000,14342000,-3394000,5026000,-10453000,471000,None,-5150000,1466000,3860000,-5150000,None,-137422000,32.38,34.11
5,2019-03-31,USD,51581000,29627000,None,51581000,21954000,18817000,None,None,21954000,None,29627000,None,21954000,3081000,17902000,3137000,59027000,41125000,None,None,None,3137000,-1601000,None,18817000,18817000,None,USD,6217196000,16600000,2590327000,115883000,5459163000,758033000,None,4567893000,47320000,57023000,38365000,201116000,3390646000,305212000,4567893000,471170000,471170000,-15773000,138290000,325229000,5305025000,540317000,1876255000,20017000,158695000,1003000,4567893000,None,None,47320000,None,57023000,-94119000,None,230445000,None,491000,9811000,158695000,732575000,891270000,None,None,None,763582000,6217196000,305212000,None,34000000,USD,112304000,-14694000,108873000,609000,-127375000,19877000,157917000,-11389000,18817000,149224000,20474000,3305000,6033000,-10107000,-558000,None,7270000,-257000,4040000,7270000,None,149224000,33.23,32.38
6,2018-12-31,USD,50098000,30196000,18058000,50098000,19902000,17381000,0,0,19902000,0,30196000,None,19902000,3588000,15612000,None,None,None,-33000,0,0,2511000,-2545000,0,17391000,17381000,None,USD,6123494000,17779000,None,77224000,5392203000,731291000,None,4425030000,47307000,64797000,45148000,201116000,3405448000,153302000,4425030000,373188000,373188000,-50228000,135972000,180589000,5438748000,512396000,23884000,27287000,158653000,1206000,4425030000,None,None,47307000,None,64797000,-93055000,None,139514000,None,9776000,None,158653000,808520000,967173000,None,None,None,762470000,6123494000,153302000,None,35000000,USD,-68871000,-4185000,-66407000,7045000,185635000,-6238000,-133946000,-4679000,17381000,-53353000,19292000,-494000,5962000,-11121000,-46806000,None,None,5459000,4581000,-4831000,None,-53353000,31.75,33.23
7,2018-09-30,USD,51457000,28962000,15717000,51457000,22495000,20303000,0,0,22495000,0,28962000,None,22495000,2984000,14742000,None,None,None,0,0,0,2192000,-2151000,0,20303000,20303000,None,USD,6105354000,19009000,None,48012000,5352848000,752506000,0,4553512000,47291000,58578000,38565000,201116000,3380524000,206363000,4553512000,167093000,167093000,-68991000,133939000,228819000,5352028000,532381000,0,22456000,158610000,1413000,4553512000,0,0,47291000,0,58578000,-45966000,None,154010000,None,16433000,None,158610000,640726000,799336000,None,None,None,761594000,6105354000,206363000,None,35000000,USD,101475000,15037000,97857000,91000,-214510000,-188434000,34669000,-3247000,20303000,-57997000,32580000,-18408000,6502000,-10533000,1940000,1047000,6035000,4502000,3709000,4644000,None,-57997000,34.8,31.75
8,2018-06-30,USD,52837000,29274000,14967000,52837000,23563000,20203000,0,0,23563000,0,29274000,None,23563000,3299000,13686000,None,None,None,0,-832000,0,3360000,-2838000,0,20203000,20203000,None,USD,6250173000,20287000,None,31666000,5498363000,751810000,0,4508741000,47278000,48843000,41643000,201246000,3372988000,275063000,4508741000,356038000,356038000,-57322000,132578000,302163000,5452647000,530277000,0,27100000,158569000,1205000,4508741000,0,0,47278000,0,48843000,-46551000,None,125875000,None,15377000,None,158569000,831053000,989622000,None,None,None,759562000,6250173000,275063000,None,35000000,USD,81176000,-12519000,78811000,771000,4766000,-138418000,-133317000,2218000,20203000,-30742000,28865000,14737000,6356000,-10517000,650000,1419000,1391000,6524000,3136000,-6436000,None,-30742000,33.68,34.8
9,2018-03-31,USD,50008000,31667000,16796000,50008000,18341000,16251000,0,0,18341000,0,31667000,None,18341000,3502000,13061000,None,None,None,0,832000,0,2100000,-2707000,0,16241000,16251000,None,USD,6373197000,21615000,None,57974000,5626801000,746396000,0,4641897000,47265000,39184000,46386000,201246000,2689337000,305487000,4641897000,428509000,428509000,-51970000,131625000,2388690000,3452257000,523535000,2062539000,20664000,158528000,4017000,4641897000,0,0,47265000,0,39184000,-46736000,None,161116000,None,16648000,None,158528000,826376000,984904000,None,None,None,758653000,6373197000,2368026000,None,35000000,USD,151469000,4282000,151643000,2192000,-246867000,-129189000,126332000,6157000,16251000,64119000,41665000,1875000,6567000,-9808000,1154000,0,7827000,4863000,2018000,7827000,None,64119000,34.74,33.68
10,2017-12-31,USD,46134000,29933000,13069000,46134000,16201000,10331000,0,0,16201000,0,29933000,None,16201000,17297000,31991000,None,None,None,0,-21760000,0,5868000,-8076000,0,10333000,10331000,None,USD,6498097000,22993000,None,30492000,5743957000,754140000,0,4515447000,47253000,32851000,43162000,201246000,2888576000,254421000,4515447000,863288000,863288000,-36298000,133640000,1821667000,4190903000,529901000,1538755000,28491000,158489000,3614000,4515447000,0,0,47253000,0,32851000,-47105000,None,115444000,None,12204000,None,158489000,1070021000,1228510000,None,None,None,757439000,6498097000,1793176000,None,30000000,USD,-8435000,5069000,81296000,92274000,-124777000,-81490000,51567000,-4402000,10331000,14179000,14373000,-6605000,6770000,-8830000,550000,5640000,0,5262000,2543000,-6454000,None,14179000,33.68,34.74
11,2017-09-30,USD,43408000,25007000,12473000,43408000,18401000,14511000,0,0,18401000,0,25007000,None,18401000,-1604000,928000,None,None,None,0,43520000,0,3900000,0,0,14501000,14511000,None,USD,5484430000,3379000,None,32812000,4928407000,556023000,0,3564175000,40321000,25677000,54144000,91520000,2527448000,246358000,4563758000,999583000,1310161000,-26237000,107099000,1557222000,3580355000,461124000,1292072000,18792000,310505000,2475000,3564175000,0,0,40321000,0,25677000,-47291000,None,123013000,None,21842000,None,310505000,54144000,364649000,None,None,None,563553000,5484430000,1538430000,None,30000000,USD,24292000,313000,21200000,72000,-34865000,-101128000,-59927000,530000,14511000,-51319000,28609000,217000,7010000,-8218000,1882000,5464000,6391000,2130000,3164000,4428000,None,-51319000,36.36,33.68
12,2017-06-30,USD,43371000,25537000,11931000,43371000,17834000,14481000,0,0,17834000,0,25537000,None,17834000,-2070000,977000,None,None,None,0,-21760000,0,3353000,0,0,14481000,14481000,None,USD,5578482000,3767000,None,26256000,5031417000,547065000,0,3624073000,40306000,19408000,62429000,91520000,2642486000,297393000,4648330000,1024257000,1344991000,-26545000,105938000,1718424000,3524955000,451778000,1397811000,23220000,320658000,3269000,3624073000,0,0,40306000,0,19408000,-47832000,None,111450000,None,22428000,None,320658000,62429000,383087000,None,None,None,561728000,5578482000,1695204000,None,30000000,USD,59734000,1025000,57324000,229000,-27161000,-84533000,-50115000,-3915000,14481000,-11162000,16047000,-4940000,6231000,-8008000,751000,4605000,1963000,4197000,2639000,-4947000,None,-11162000,34.94,36.36
13,2017-03-31,USD,43855000,25858000,10706000,43855000,17997000,14989000,0,0,17997000,0,25858000,None,17997000,1098000,9608000,None,None,None,0,4352000,0,3000000,0,0,14997000,14989000,None,USD,5656249000,4177000,None,None,5124783000,531466000,0,3705296000,39375000,37920000,47447000,91520000,2777825000,308299000,4666026000,960730000,1213670000,-34591000,105327000,1770615000,3460971000,435769000,1444043000,18273000,411310000,5670000,3705296000,0,0,39375000,0,37920000,-47891000,None,196812000,None,26827000,None,411310000,47447000,458757000,None,None,None,536653000,5656249000,1752342000,None,30000000,USD,14022000,-6900000,12917000,182000,-103063000,31722000,140936000,7419000,14989000,77340000,32701000,7419000,6694000,-7143000,992000,2338000,6910000,3589000,1287000,6910000,None,77340000,33.57,34.94
14,2016-12-31,USD,39287000,25875000,11104000,39287000,13412000,11573000,0,0,13412000,0,25875000,None,13412000,32519000,22144000,None,None,None,0,4352000,0,1825000,-5781000,0,11587000,11573000,None,USD,5563767000,4608000,None,32824000,5045493000,518274000,0,3533076000,39320000,30098000,37338000,91520000,2741504000,230738000,4406691000,873615000,758000,-38493000,106003000,1735521000,3489262000,422146000,1479600000,25183000,601464000,7980000,3533076000,0,0,39320000,0,30098000,-47891000,None,107962000,None,28891000,None,601464000,37338000,638802000,None,None,None,535240000,5563767000,1710338000,None,27000000,USD,-202884000,2946000,-204003000,241000,132780000,154441000,-48069000,7677000,11573000,-29434000,20128000,3917000,6946000,-7894000,77624000,0,0,2471000,1360000,-7725000,None,-29434000,37.67,33.57
15,2016-09-30,USD,44031000,28425000,8835000,44031000,15606000,12865000,0,0,15606000,0,28425000,None,15606000,-20977000,494000,None,None,None,0,0,0,2700000,0,0,12906000,12865000,None,USD,5464903000,5060000,None,None,4992343000,472560000,0,3581387000,36489000,26420000,68682000,91520000,2685852000,250989000,4302021000,720634000,1183950000,-2266000,106777000,1890575000,3254073000,375980000,1622128000,17458000,621640000,5538000,3581387000,0,0,36489000,0,26420000,-47891000,None,107662000,None,9236000,None,621640000,68668000,690308000,None,None,None,459808000,5464903000,1873117000,None,27000000,USD,-298931000,4402000,-299194000,1599000,397500000,403128000,11382000,505000,12865000,134975000,31041000,505000,6730000,-6301000,547000,0,5242000,1803000,1862000,4736000,None,134975000,32.18,37.67
16,2016-06-30,USD,39981000,25814000,10478000,39981000,14167000,11395000,0,0,14167000,0,25814000,None,14167000,3768000,315000,None,None,None,0,0,0,2800000,0,0,11367000,11395000,None,USD,5035005000,5534000,None,None,4562705000,472300000,0,3570249000,36455000,19874000,47591000,91520000,2488117000,111815000,3955966000,385717000,884554000,5045000,107242000,1550344000,3165649000,375246000,1416335000,22194000,559148000,6120000,3570249000,0,0,36455000,0,19874000,-47891000,None,108065000,None,6651000,None,559148000,47598000,606746000,None,None,None,458817000,5035005000,1528150000,None,27000000,USD,-21120000,-3028000,-22437000,362000,62948000,8615000,-48792000,-3189000,11395000,-4341000,9481000,-3189000,6134000,-5994000,453000,0,506000,3815000,1679000,-5646000,None,-4341000,30.92,32.18
17,2016-03-31,USD,45897000,29408000,8711000,45897000,16489000,13516000,0,0,16489000,0,29408000,None,16489000,0,6395000,None,None,None,0,0,0,3000000,0,0,13489000,13516000,None,USD,5019012000,6029000,None,None,4561436000,457576000,0,3619368000,34853000,49254000,60121000,91520000,2416334000,116004000,3879014000,259646000,None,-3393000,107556000,1464933000,3216483000,360027000,1332381000,16548000,622301000,5236000,3619368000,0,0,34853000,0,49254000,-47891000,None,119979000,None,12512000,None,622301000,60121000,682422000,None,None,None,424753000,5019012000,1448385000,None,27000000,USD,142034000,1534000,141230000,844000,-328428000,-179826000,164237000,None,13516000,-12521000,26075000,590000,5880000,-5774000,-9861000,0,6152000,-1597000,1648000,6152000,None,-12521000,26.07,30.92
18,2015-12-31,USD,42058000,28928000,7218000,42058000,13130000,11692000,0,0,13130000,0,28928000,None,13130000,15016000,29515000,None,None,None,0,5473000,0,1438000,-10279000,0,11692000,11692000,None,USD,5162076000,6548000,None,35854000,4718014000,444062000,0,3455407000,34832000,41527000,52179000,91520000,2556600000,1225875000,4103243000,647836000,1210349000,-18683000,107929000,1248575000,2421290000,345994000,26687000,22700000,562592000,4555000,3455407000,0,0,34832000,0,41527000,-37692000,None,1266311000,None,19903000,None,562592000,52229000,614821000,None,None,None,424078000,5162076000,1225875000,None,27000000,USD,-330263000,-610000,-331216000,288000,206638000,327055000,127853000,-1321000,11692000,9081000,13242000,-1799000,6559000,-7867000,431000,0,0,2957000,1241000,-5557000,None,9081000,24.02,26.07
19,2015-09-30,USD,40125000,26392000,7202000,40125000,13733000,11762000,0,0,13733000,0,26392000,None,13733000,0,-14506000,None,None,None,0,0,0,1971000,0,0,11762000,11762000,None,USD,4837475000,7090000,None,None,4390327000,447148000,0,3327877000,34803000,37783000,58575000,91520000,2430074000,1188708000,3772885000,445008000,None,-10913000,109087000,1205851000,2231073000,348538000,0,17143000,558867000,5676000,3327877000,0,0,34803000,0,37783000,-37692000,None,1177902000,None,14952000,None,558867000,58575000,617442000,None,None,None,423167000,4837475000,1188708000,None,27000000,USD,23493000,2617000,23190000,393000,86627000,-59331000,-140467000,None,11762000,-5135000,31006000,54000,7332000,-5832000,341000,0,5293000,3718000,696000,5523000,None,-5135000,27.55,24.02
