,fiscalDateEnding,reportedCurrency_x,totalRevenue,totalOperatingExpense,costOfRevenue,grossProfit,ebit,netIncome_x,researchAndDevelopment,effectOfAccountingCharges,incomeBeforeTax,minorityInterest,sellingGeneralAdministrative,otherNonOperatingIncome,operatingIncome,otherOperatingExpense,interestExpense,taxProvision,interestIncome,netInterestIncome,extraordinaryItems,nonRecurring,otherItems,incomeTaxExpense,totalOtherIncomeExpense,discontinuedOperations,netIncomeFromContinuingOperations,netIncomeApplicableToCommonShares,preferredStockAndOtherAdjustments,reportedCurrency_y,totalAssets,intangibleAssets,earningAssets,otherCurrentAssets,totalLiabilities,totalShareholderEquity,deferredLongTermLiabilities,otherCurrentLiabilities,commonStock,retainedEarnings,otherLiabilities,goodwill,otherAssets,cash,totalCurrentLiabilities,shortTermDebt,currentLongTermDebt,otherShareholderEquity,propertyPlantEquipment,totalCurrentAssets,longTermInvestments,netTangibleAssets,shortTermInvestments,netReceivables,longTermDebt,inventory,accountsPayable,totalPermanentEquity,additionalPaidInCapital,commonStockTotalEquity,preferredStockTotalEquity,retainedEarningsTotalEquity,treasuryStock,accumulatedAmortization,otherNonCurrrentAssets,deferredLongTermAssetCharges,totalNonCurrentAssets,capitalLeaseObligations,totalLongTermDebt,otherNonCurrentLiabilities,totalNonCurrentLiabilities,negativeGoodwill,warrants,preferredStockRedeemable,capitalSurplus,liabilitiesAndShareholderEquity,cashAndShortTermInvestments,accumulatedDepreciation,commonStockSharesOutstanding,reportedCurrency,investments,changeInLiabilities,cashflowFromInvestment,otherCashflowFromInvestment,netBorrowings,cashflowFromFinancing,otherCashflowFromFinancing,changeInOperatingActivities,netIncome_y,changeInCash,operatingCashflow,otherOperatingCashflow,depreciation,dividendPayout,stockSaleAndPurchase,changeInInventory,changeInAccountReceivables,changeInNetIncome,capitalExpenditures,changeInReceivables,changeInExchangeRate,changeInCashAndCashEquivalents,clossingVal,nextClossingVal
0,2020-06-30,USD,4290500000,3510400000,1484000000,2806500000,-691200000,-678400000,None,None,-812000000,300000,3071300000,12700000,-703900000,361000000,120800000,-133900000,12700000,-108100000,None,78100000,None,-133900000,-9700000,None,-678100000,-678400000,None,USD,29140600000,599600000,None,920300000,37764900000,-8621600000,6642600000,1463300000,1200000,-8208300000,7391400000,3510100000,2251700000,3965900000,8002000000,2186100000,2186100000,-529900000,6295600000,7581000000,223400000,-12731300000,229900000,881100000,14645600000,1583800000,2372500000,None,None,1200000,None,-8208300000,None,None,976900000,1740000000,13345600000,8890700000,14645600000,821100000,21288200000,None,None,None,115400000,29140600000,4195800000,None,None,USD,-226600000,-151100000,-583800000,22900000,3620500000,2342900000,-28900000,-343000000,-678100000,1391400000,-367700000,-33400000,377100000,-479000000,33500000,-88600000,74100000,11200000,380100000,74100000,2200000,1393600000,73.59,
1,2020-04-30,USD,4222100000,4916300000,4021800000,200300000,-314100000,-678400000,None,None,-812000000,-2700000,399900000,None,-694200000,133600000,120800000,-133900000,12700000,-108100000,None,None,None,-133900000,-9700000,None,-678100000,-678400000,None,USD,29140600000,599600000,None,None,37764900000,-8621600000,None,None,1200000,-8208300000,7391400000,3510100000,2251700000,3965900000,8002000000,None,2186100000,-529900000,14509600000,7581000000,649500000,-12731300000,229900000,881100000,14645600000,1583800000,860800000,None,None,None,None,None,None,None,550800000,None,21559600000,8890700000,None,821100000,29762900000,None,None,None,None,None,None,None,None,USD,None,-154000000,-583800000,-16900000,2817300000,None,-27400000,-343000000,None,None,-367700000,None,None,None,None,None,None,442200000,0,None,None,None,76.73,73.59
2,2020-03-31,USD,6063600000,3578500000,1997700000,4065900000,489400000,328400000,None,None,390200000,-3600000,3222900000,2000000,487400000,356300000,99200000,65400000,2000000,-97200000,None,-700000,None,65400000,68600000,None,324800000,328400000,None,USD,27478900000,678700000,None,691500000,35011800000,-7530100000,751400000,1436300000,1200000,-7050600000,7369900000,3493000000,2247300000,2572300000,8265800000,2356500000,2356500000,-521800000,6387000000,5749900000,198800000,-11701800000,52900000,941000000,11658700000,1492200000,2536700000,None,None,1200000,None,-7050600000,None,None,1001000000,1709700000,13468200000,8903900000,11658700000,751400000,12410100000,None,None,None,41100000,27478900000,2625200000,None,1181000000,USD,-24100000,-1743200000,-361600000,26500000,609200000,1273100000,-19600000,-634900000,324800000,-449800000,-1361300000,-327900000,377700000,-481000000,2822600000,-85900000,-37800000,136600000,364000000,-37800000,-18400000,-468200000,65.74,76.73
3,2020-01-31,USD,5995700000,5576900000,4719100000,1276600000,867100000,328400000,None,None,390200000,-2800000,406500000,None,418800000,95000000,99200000,65400000,2000000,-97200000,None,None,None,65400000,68600000,None,324800000,328400000,None,USD,27478900000,678700000,None,None,35011800000,-7530100000,None,None,1200000,-7050600000,7369900000,3493000000,2247300000,2572300000,8265800000,None,2356500000,-521800000,14647800000,5749900000,619700000,-11701800000,52900000,941000000,11658700000,1492200000,997700000,None,None,None,None,None,None,None,580100000,None,21729000000,8903900000,None,751400000,26746000000,None,None,None,None,None,None,None,None,USD,None,-390700000,-361600000,-2600000,2348900000,None,-10400000,-634900000,None,None,-1361300000,None,None,None,None,None,None,434400000,0,None,None,None,84.83,65.74
4,2019-12-31,USD,7171000000,3714800000,2236400000,4934600000,1235700000,885700000,None,None,1143800000,-400000,3357500000,15900000,1219800000,351000000,91900000,258500000,15900000,-76000000,None,6300000,None,258500000,67600000,None,885300000,885700000,None,USD,27731300000,739100000,None,474000000,34490400000,-6759900000,6748800000,1694100000,1200000,-6414800000,7450000000,3515900000,2191300000,3040500000,8675500000,996600000,996600000,-387400000,6390900000,5899700000,199800000,-11014900000,68400000,908100000,10653200000,1408700000,2941400000,None,None,1200000,None,-6414800000,None,None,484700000,1731400000,13061800000,8980600000,10653200000,701200000,17402000000,None,None,None,41100000,27731300000,3108900000,None,1191000000,USD,-36700000,441500000,-386300000,44700000,497900000,-1123000000,-78400000,-361900000,885300000,326800000,1836100000,-60300000,369200000,-484200000,-1058300000,122800000,-22900000,107200000,394300000,-22900000,27100000,353900000,87.92,84.83
5,2019-10-31,USD,7097100000,5944900000,5057900000,2039200000,1604900000,885700000,None,None,1143800000,800000,434200000,None,1152200000,101800000,91900000,258500000,15900000,-76000000,None,None,None,258500000,67600000,None,885300000,885700000,None,USD,27731300000,739100000,None,None,34490400000,-6759900000,None,None,1200000,-6414800000,7450000000,3515900000,2191300000,3040500000,8675500000,None,996600000,-387400000,14749400000,5899700000,611100000,-11014900000,68400000,908100000,10653200000,1408700000,1085600000,None,None,None,None,None,None,None,484700000,None,21831600000,8980600000,None,701200000,25814900000,None,None,None,None,None,None,None,None,USD,None,316400000,-386300000,-19900000,497900000,None,-10400000,-361900000,None,None,1836100000,None,None,None,None,None,None,401700000,0,None,None,None,84.56,87.92
6,2019-09-30,USD,6838900000,5399900000,355800000,6483100000,1099500000,802600000,None,None,1003800000,-400000,5043400000,16300000,1083200000,344600000,95700000,201500000,16300000,-79400000,None,11900000,None,201600000,80000000,None,802200000,802600000,None,USD,19219600000,781800000,None,488200000,25450600000,-6232200000,8114900000,1269000000,1200000,-5771200000,8049600000,3490800000,2227100000,2686600000,6168700000,None,None,-503300000,6431700000,5653900000,220000000,-10504800000,70500000,879200000,11167000000,1529400000,4899700000,None,None,1200000,None,-5771200000,None,None,875600000,1765800000,13565700000,None,11167000000,1370500000,19281900000,None,None,None,41100000,19219600000,2757100000,None,1184600000,USD,-11800000,239200000,-504300000,33400000,497900000,-2634100000,-5400000,16700000,802400000,-2030200000,1108200000,-1686200000,365700000,-430600000,-2198100000,313500000,-127600000,-6900000,525900000,267800000,-46500000,-2076700000,88.42,84.56
7,2019-07-31,USD,6747000000,5743700000,4888200000,1858800000,1465300000,802800000,None,None,1003900000,1200000,404900000,None,1003300000,105800000,95700000,201500000,16300000,-79400000,None,None,None,201500000,80000000,None,802400000,802800000,None,USD,19219600000,781800000,None,None,25450600000,-6232200000,None,None,1200000,-5771200000,8049600000,3490800000,2227100000,2686600000,6168700000,None,None,-503300000,6431700000,5653900000,616000000,-10504800000,70500000,879200000,11167000000,1529400000,1189700000,None,None,None,None,None,None,None,479600000,None,13565700000,None,None,1370500000,19281900000,None,None,None,None,None,None,None,None,USD,None,48900000,-504300000,16700000,497900000,None,100000,16700000,None,None,1108200000,None,None,None,None,None,None,-157500000,0,None,None,None,94.69,88.42
8,2019-06-30,USD,6899000000,2969100000,2808600000,4090400000,1763300000,1372800000,None,None,1676900000,400000,2588300000,642000000,1121300000,343100000,86400000,303700000,40200000,-46200000,None,37700000,None,303700000,640100000,None,1373200000,1372800000,None,USD,20894400000,853200000,None,591600000,25213400000,-4320600000,6717900000,13899900000,1200000,-4013900000,8158500000,3564700000,1991000000,4763300000,5895800000,None,None,-349000000,6187800000,7734800000,562900000,-8738500000,72100000,790600000,11159100000,1517200000,4595600000,None,None,1200000,None,-4013900000,None,None,458000000,1533000000,13159600000,None,11159100000,1440600000,6717900000,None,None,None,41100000,20894400000,4835400000,None,1206500000,USD,-23700000,1071900000,204500000,663300000,1921000000,1355100000,-67500000,-439700000,1373200000,2729000000,1169400000,-439700000,360100000,-436200000,-62200000,-89500000,-79900000,-1026700000,435100000,-79900000,-20800000,2708200000,83.83,94.69
9,2019-03-31,USD,6368200000,2906700000,2603800000,3764400000,893900000,663200000,None,None,820000000,-4400000,2507500000,36200000,857700000,356200000,73900000,161200000,15200000,-58700000,None,43000000,None,161200000,40300000,None,658800000,663200000,None,USD,17641900000,918300000,None,674000000,22677100000,-5036900000,6761900000,11953200000,1200000,-4807700000,8262200000,3603500000,1471100000,2055100000,5273400000,75000000,75000000,-271500000,6135500000,4952300000,561200000,-9558700000,76600000,703600000,9141500000,1443000000,3887000000,None,None,1200000,None,-4807700000,None,None,464500000,1006600000,12689600000,None,9141500000,1500300000,6761900000,None,None,None,41100000,17641900000,2131700000,None,1210000000,USD,-32700000,-415400000,-200600000,246300000,75000000,-2919300000,-600000,51000000,658600000,-2729500000,390400000,51000000,372700000,-447800000,-2545900000,-95800000,38600000,-219300000,414200000,38600000,23000000,-2706500000,74.34,83.83
10,2018-12-31,USD,6700500000,2926100000,2758700000,3941800000,1040500000,760600000,0,None,965500000,-200000,2549500000,24800000,1015700000,333400000,75000000,None,None,None,None,43200000,None,205100000,-31200000,None,760400000,760600000,None,USD,19981300000,981600000,None,608500000,22860100000,-2884900000,6823700000,12163100000,1200000,-2584000000,8301900000,3560300000,1122700000,4761600000,5427500000,None,None,-343200000,6039300000,7676300000,601100000,-7426800000,230200000,721400000,9130700000,1354600000,3873300000,None,None,1200000,None,-2584000000,None,None,472700000,650000000,12305000000,None,9130700000,None,6823700000,None,None,None,41100000,19981300000,4991800000,None,1243300000,USD,-62400000,341400000,-510400000,-16600000,-350000000,-5858600000,-55600000,1152900000,760400000,-3990000000,2379000000,1152900000,350800000,-446700000,-5006300000,44800000,-28800000,-242500000,431400000,-28800000,-4700000,-3994700000,64.4,74.34
11,2018-09-30,USD,6391400000,2834200000,2600700000,3790700000,995600000,755500000,0,0,931700000,600000,2462400000,39100000,956500000,326600000,63900000,None,None,None,0,45200000,0,175600000,17600000,0,756100000,755500000,None,USD,24156400000,1042200000,None,1462800000,22980600000,1169500000,8206200000,1642900000,1300000,1457400000,8152600000,3541600000,546900000,8756300000,5684200000,349900000,349900000,-330300000,5929100000,12494200000,602400000,-3414300000,181500000,693100000,9090200000,1400500000,3691400000,1175800000,41100000,1300000,0,1457400000,0,None,412200000,134700000,11662200000,None,9090200000,None,17296400000,None,None,None,41100000,24156400000,8937800000,None,1309100000,USD,359100000,181500000,-664800000,3700000,2687600000,-875100000,-29900000,-148700000,756100000,6893500000,8433400000,1205500000,344400000,-483200000,-3049600000,62700000,145900000,1579200000,568600000,-116100000,-29300000,6864200000,56.84,64.4
12,2018-06-30,USD,6381700000,2788600000,2554900000,3826800000,1072200000,852500000,0,0,1026800000,-500000,2441700000,34000000,1038200000,330000000,45400000,None,None,None,0,16900000,0,174800000,43100000,0,852000000,852500000,None,USD,17182100000,1122900000,None,1364600000,13185400000,3990700000,0,9078400000,1400000,4150900000,1484700000,3647600000,553800000,1892100000,5551600000,649800000,349800000,-202700000,5689600000,5583400000,584800000,-779800000,84500000,854800000,6149100000,1387400000,3457200000,3996700000,0,1400000,0,4150900000,0,None,404700000,149100000,11598700000,None,None,None,None,None,None,None,41100000,17182100000,1976600000,None,1366300000,USD,49100000,20900000,-457800000,4200000,300000000,-955200000,1300000,-39100000,852000000,-197100000,1215900000,-39100000,343900000,-412300000,-844200000,-31800000,-20100000,90100000,511100000,-20100000,-52800000,-249900000,48.85,56.84
13,2018-03-31,USD,6084500000,2796000000,2516000000,3568500000,850700000,660100000,0,0,815600000,-300000,2329700000,78200000,772500000,331600000,35100000,None,None,None,0,134700000,0,155800000,-39300000,0,659800000,660100000,None,USD,17553500000,1228400000,None,1169000000,12835800000,4711200000,0,9132800000,1400000,4635800000,1120400000,3793500000,6319700000,2142000000,5187000000,349700000,349700000,32900000,5576800000,5657000000,590700000,-310700000,100500000,869600000,6185100000,1375900000,3353300000,4717700000,0,1400000,0,4635800000,0,None,541800000,165300000,11896500000,None,None,None,None,None,None,None,41100000,17553500000,2242500000,None,1382400000,USD,-68500000,-198500000,-1633900000,-1098000000,1598200000,-372800000,-12100000,-343500000,659800000,-1552200000,454500000,-343500000,345200000,-419800000,-1539100000,-60900000,5200000,48500000,467400000,3900000,32800000,-1519400000,57.89,48.85
14,2017-12-31,USD,6163100000,2544100000,2502900000,3660200000,3031800000,2250200000,0,0,3005900000,-100000,2257700000,1915700000,1116100000,258800000,25900000,None,None,None,0,27600000,0,755800000,1949100000,0,2250100000,2250200000,None,USD,18518500000,1246200000,None,950500000,12759600000,5752100000,0,6234500000,1400000,5834900000,1352000000,3674800000,6256300000,3661400000,6841100000,349900000,349900000,-125300000,5378700000,6883500000,651100000,831100000,106600000,851800000,4566500000,1313200000,6175200000,5758900000,0,1400000,0,5834900000,0,None,526300000,157900000,11635000000,None,None,None,None,None,None,None,41100000,18518500000,3768000000,None,1407600000,USD,431700000,387700000,395000000,392600000,998300000,-1039700000,-63200000,-145800000,2250100000,1189300000,1834000000,-145800000,272400000,-428100000,-1546700000,71200000,1300000,-1002900000,429300000,1300000,9800000,1199100000,57.43,57.89
15,2017-09-30,USD,5820300000,2444900000,2352900000,3467400000,1174100000,788500000,0,0,1151800000,800000,2156100000,151600000,1022500000,135300000,22300000,None,None,None,0,153500000,0,362500000,420700000,0,789300000,788500000,None,USD,14365600000,441400000,None,358100000,8908600000,5450100000,0,1288500000,1400000,5563200000,749000000,1539200000,4162700000,2462300000,4220700000,3987600000,3987600000,-155600000,4919500000,5283400000,1023900000,3469500000,228600000,870400000,3932600000,1364000000,2932200000,5457000000,41100000,1400000,0,5563200000,0,None,362800000,795400000,9082200000,None,3932600000,755300000,4687900000,None,None,None,41100000,14365600000,2690900000,None,1431600000,USD,1228500000,17200000,-180500000,84800000,350200000,-1178800000,-9100000,-4700000,789400000,-274600000,1084700000,119900000,270700000,-360600000,-809100000,-5100000,-96800000,-50700000,494100000,-56700000,20700000,-253900000,53.71,57.43
16,2017-06-30,USD,5762500000,2469200000,2249100000,3513400000,1075900000,691600000,0,0,1052400000,-300000,2096400000,31700000,1044200000,372800000,23500000,None,None,None,0,721200000,0,361100000,0,0,691300000,691600000,None,USD,14522700000,454800000,None,354800000,8673200000,5843400000,0,5277700000,1400000,5986000000,711200000,1549100000,4313600000,2716200000,4026500000,3935500000,3935500000,-185100000,4699800000,5509300000,1138500000,3839500000,289900000,791100000,3935500000,1357300000,3395500000,5849500000,0,1400000,0,5986000000,0,None,365300000,805900000,9013400000,None,None,None,None,None,None,None,41100000,14522700000,3006100000,None,1445700000,USD,282400000,2300000,-104200000,800000,-25000000,-504900000,16100000,87000000,690900000,541500000,1150600000,87000000,266600000,-362000000,-134000000,-26300000,40100000,124600000,387400000,5500000,10800000,552300000,58.31,53.71
17,2017-03-31,USD,5378100000,2301500000,2141200000,3236900000,1003300000,652800000,0,0,980400000,-26100000,2047900000,67900000,935400000,253600000,22900000,None,None,None,0,-480800000,0,327600000,0,0,652800000,652800000,None,USD,14227900000,467700000,None,409900000,8616500000,5605000000,0,5282200000,1400000,5768900000,673900000,1635800000,4744000000,2163900000,4000100000,25000000,25000000,-206400000,4564500000,4919400000,1461300000,3501500000,231000000,791000000,3942500000,1323600000,3309300000,5611400000,0,1400000,0,5768900000,0,None,368000000,811200000,9308500000,None,None,None,None,None,None,None,41100000,14227900000,2394900000,None,1447700000,USD,174200000,-232600000,-163800000,-7500000,775200000,-162900000,17400000,-224200000,653100000,116600000,443300000,-224200000,266600000,-363800000,-591700000,-101000000,45600000,-1700000,330500000,83100000,12700000,129300000,58.39,58.31
18,2016-12-31,USD,5817300000,2389700000,2295000000,3522300000,1156700000,751800000,0,0,1132900000,-300000,2140000000,24100000,1132600000,249700000,23800000,None,None,None,0,27600000,0,381400000,0,0,751500000,751800000,None,USD,14017300000,470600000,None,357000000,8214200000,5796600000,0,4764000000,1500000,5996300000,631200000,1599000000,4922600000,2034600000,4397300000,349900000,25000000,-242300000,4478500000,4616200000,1652000000,3727000000,140800000,865100000,3185700000,1218700000,3450200000,5803100000,0,1500000,0,5996300000,0,None,394900000,806100000,9401100000,None,None,None,None,None,None,None,41100000,14017300000,2175400000,None,1457200000,USD,-155700000,390300000,-401500000,61600000,-400000000,-1155000000,-34100000,12600000,751500000,-60800000,1495700000,12600000,263200000,-364000000,-356900000,146400000,128700000,60400000,307400000,-128700000,-33400000,-94200000,55.52,58.39
