,fiscalDateEnding,reportedCurrency_x,totalRevenue,totalOperatingExpense,costOfRevenue,grossProfit,ebit,netIncome_x,researchAndDevelopment,effectOfAccountingCharges,incomeBeforeTax,minorityInterest,sellingGeneralAdministrative,otherNonOperatingIncome,operatingIncome,otherOperatingExpense,interestExpense,taxProvision,interestIncome,netInterestIncome,extraordinaryItems,nonRecurring,otherItems,incomeTaxExpense,totalOtherIncomeExpense,discontinuedOperations,netIncomeFromContinuingOperations,netIncomeApplicableToCommonShares,preferredStockAndOtherAdjustments,reportedCurrency_y,totalAssets,intangibleAssets,earningAssets,otherCurrentAssets,totalLiabilities,totalShareholderEquity,deferredLongTermLiabilities,otherCurrentLiabilities,commonStock,retainedEarnings,otherLiabilities,goodwill,otherAssets,cash,totalCurrentLiabilities,shortTermDebt,currentLongTermDebt,otherShareholderEquity,propertyPlantEquipment,totalCurrentAssets,longTermInvestments,netTangibleAssets,shortTermInvestments,netReceivables,longTermDebt,inventory,accountsPayable,totalPermanentEquity,additionalPaidInCapital,commonStockTotalEquity,preferredStockTotalEquity,retainedEarningsTotalEquity,treasuryStock,accumulatedAmortization,otherNonCurrrentAssets,deferredLongTermAssetCharges,totalNonCurrentAssets,capitalLeaseObligations,totalLongTermDebt,otherNonCurrentLiabilities,totalNonCurrentLiabilities,negativeGoodwill,warrants,preferredStockRedeemable,capitalSurplus,liabilitiesAndShareholderEquity,cashAndShortTermInvestments,accumulatedDepreciation,commonStockSharesOutstanding,reportedCurrency,investments,changeInLiabilities,cashflowFromInvestment,otherCashflowFromInvestment,netBorrowings,cashflowFromFinancing,otherCashflowFromFinancing,changeInOperatingActivities,netIncome_y,changeInCash,operatingCashflow,otherOperatingCashflow,depreciation,dividendPayout,stockSaleAndPurchase,changeInInventory,changeInAccountReceivables,changeInNetIncome,capitalExpenditures,changeInReceivables,changeInExchangeRate,changeInCashAndCashEquivalents,clossingVal,nextClossingVal
0,2020-06-30,USD,0,745000,0,0,-745000,-744000,0,None,-744000,None,745000,None,-745000,None,None,None,None,None,None,None,None,None,1000,None,-744000,-744000,None,USD,2788000,None,None,None,588000,2200000,None,None,28000,-330796000,None,None,None,2382000,588000,None,None,None,None,2788000,None,2200000,None,0,None,68000,468000,None,None,None,None,None,None,None,None,None,0,0,None,None,0,None,None,None,None,None,None,None,None,USD,10000,-122000,10000,None,None,1089000,None,-184000,-744000,539000,-560000,None,0,None,None,0,468000,22000,0,None,None,None,0.38,
1,2020-03-31,USD,184000,1003000,261000,-77000,-1079000,-1079000,178000,None,-1079000,None,825000,1000,-1080000,None,None,None,None,None,None,None,None,None,1000,None,-1079000,-1079000,None,USD,2533000,None,None,154000,700000,1833000,None,None,23000,-330052000,None,None,None,1843000,700000,None,None,None,None,2533000,None,1833000,None,468000,None,68000,700000,None,None,23000,None,-330052000,None,None,0,None,0,0,None,None,0,None,None,None,331862000,2533000,1843000,None,23283609,USD,1212000,-87000,1212000,1212000,None,1388000,None,-58000,-1079000,1130000,-1470000,-58000,38000,None,1388000,5000,-124000,-165000,0,-124000,None,1130000,0.215,0.38
2,2019-12-31,USD,388000,1475000,847000,-459000,-1928000,-1928000,478000,None,-1928000,None,997000,6000,-1934000,None,None,None,5000,None,None,None,None,None,5000,None,-1928000,-1928000,None,USD,2482000,641000,None,869000,979000,1503000,None,148000,18000,-328973000,8000,None,60000,713000,967000,None,None,None,233000,1396000,None,1503000,None,404000,None,263000,819000,None,None,18000,None,-328973000,None,None,60000,None,233000,152000,None,12000,12000,None,None,None,330458000,2482000,713000,None,17731893,USD,0,-23000,1212000,None,None,2479000,None,79000,-1928000,438000,-2041000,79000,116000,None,2479000,-116000,-186000,17000,0,-186000,None,438000,0.1829,0.215
3,2019-09-30,USD,157000,1588000,953000,-796000,-2375000,-2375000,622000,None,-2375000,None,966000,9000,-2384000,None,None,None,None,None,None,None,None,None,9000,None,-2375000,-2375000,None,USD,2082000,652000,None,1096000,1147000,935000,None,291000,6000,-327045000,8000,None,69000,275000,1133000,None,None,None,338000,726000,None,935000,None,226000,None,147000,842000,None,None,6000,None,-327045000,None,None,69000,None,338000,297000,None,14000,14000,None,None,None,327974000,2082000,275000,None,5502609,USD,0,-41000,1212000,None,None,0,None,67000,-2375000,-2193000,-2193000,67000,235000,None,1421000,55000,-157000,23000,0,-157000,None,-2193000,0.6243,0.1829
4,2019-06-30,USD,0,1722000,886000,-886000,-2591000,-2591000,628000,None,-2591000,None,1094000,17000,-2608000,None,None,None,None,None,None,None,None,None,17000,None,-2591000,-2591000,None,USD,4624000,664000,None,215000,1337000,3287000,None,439000,6000,-324670000,8000,None,69000,2468000,1323000,None,None,None,561000,2885000,None,2623000,None,0,None,202000,884000,None,None,6000,None,-324670000,None,None,514000,None,1739000,445000,None,14000,14000,None,None,None,327951000,4624000,2468000,None,5502609,USD,0,100000,1212000,None,None,1421000,None,-204000,-2591000,-1121000,-2542000,-204000,234000,None,1421000,-104000,0,23000,0,None,None,-1121000,0.82,0.6243
5,2019-03-31,USD,0,1486000,876000,-876000,-2335000,-2335000,625000,None,-2335000,None,861000,27000,-2362000,None,None,None,27000,27000,None,None,None,None,27000,None,-2335000,-2335000,None,USD,5821000,675000,None,10000,1387000,4434000,None,588000,4000,-322079000,8000,None,69000,3589000,1372000,588000,588000,None,785000,3697000,None,3759000,None,0,7000,98000,784000,None,None,4000,None,-322079000,None,None,664000,None,2124000,595000,None,15000,15000,None,None,None,326509000,5821000,3589000,None,3802609,USD,0,-77000,None,None,None,0,None,51000,-2335000,-2027000,-2027000,51000,235000,None,None,75000,0,24000,0,None,None,-2027000,1.5,0.82
6,2018-12-31,USD,517000,1581000,715000,-715000,-2262000,-2262000,697000,0,-2262000,0,884000,34000,-2296000,0,-30000,None,None,None,0,0,0,0,34000,0,-2262000,-2262000,None,USD,7614000,686000,None,61000,869000,6745000,None,None,3000,-319744000,17000,None,69000,5616000,852000,None,None,None,1009000,5850000,None,6059000,None,None,None,173000,852000,None,None,3000,None,-319744000,None,None,69000,None,1764000,None,None,17000,17000,None,None,None,326486000,7614000,5616000,None,3270609,USD,None,-148000,-189000,None,None,1421000,None,81000,-2262000,-1970000,-1970000,81000,234000,None,9680000,-23000,108000,40000,189000,108000,None,-1970000,1.29,1.5
7,2018-09-30,USD,517000,1706000,999000,-482000,-2169000,-2169000,665000,0,-2169000,0,1041000,19000,-2188000,0,-30000,None,None,None,0,0,0,0,19000,0,-2169000,-2169000,None,USD,9984000,711000,None,128000,1017000,8967000,0,586000,3000,-317482000,26000,0,69000,7586000,991000,None,None,None,1233000,7971000,None,8256000,0,108000,0,149000,991000,0,0,3000,0,-317482000,0,None,69000,None,2013000,None,None,26000,26000,None,None,None,326446000,9984000,7586000,None,3070609,USD,None,141000,-184000,0,None,7980000,None,82000,-2169000,6543000,-1253000,82000,230000,0,7980000,3000,449000,11000,184000,449000,None,6543000,1.85,1.29
8,2018-06-30,USD,793000,1419000,919000,-126000,-1522000,-1522000,413000,0,-1522000,0,1006000,23000,-1545000,0,-30000,None,None,None,0,0,0,0,23000,0,-1522000,-1522000,None,USD,4021000,722000,None,210000,879000,3142000,0,513000,1000,-315313000,57000,0,69000,1043000,822000,None,None,None,1268000,1962000,None,2420000,0,557000,0,152000,822000,0,0,1000,0,-315313000,0,None,69000,None,2059000,None,None,57000,57000,None,None,None,318454000,4021000,1043000,None,1232379,USD,None,-26000,-184000,0,None,7980000,None,-194000,-1522000,-1876000,-1876000,-194000,228000,0,1700000,17000,-376000,-3000,10000,-376000,None,-1876000,0.9201,1.85
9,2018-03-31,USD,246000,1618000,822000,-576000,-2178000,-2178000,577000,0,-2178000,0,1041000,16000,-2194000,0,-30000,None,None,None,0,0,0,0,16000,0,-2178000,-2178000,None,USD,5573000,733000,None,16000,922000,4651000,0,441000,12000,-313791000,57000,0,69000,2919000,865000,None,None,None,1486000,3285000,None,3918000,0,181000,0,169000,865000,0,0,12000,0,-313791000,0,None,69000,None,2288000,None,None,57000,57000,None,None,None,318430000,5573000,2919000,None,11936594,USD,None,45000,-5000,0,None,1700000,None,67000,-2178000,-137000,-1832000,67000,323000,0,1700000,-67000,-30000,8000,5000,-30000,None,-137000,0.9423,0.9201
10,2017-12-31,USD,307000,1305000,897000,-590000,-1853000,-1853000,550000,0,-1853000,0,755000,42000,-1895000,0,0,None,None,None,0,0,0,0,136000,0,-1853000,-1853000,None,USD,5996000,742000,None,83000,884000,5112000,0,481000,11000,-311613000,54000,0,811000,3056000,830000,None,None,None,1793000,3392000,None,4370000,0,151000,0,102000,830000,0,0,11000,0,-311613000,0,None,69000,None,2604000,None,None,54000,54000,None,None,None,316714000,5996000,3056000,None,10746594,USD,None,-145000,-31000,0,None,200000,None,265000,-1853000,-1626000,-1595000,104000,411000,0,0,-56000,-143000,9000,273000,-65000,None,-1626000,1.09,0.9423
11,2017-09-30,USD,130000,1829000,875000,-745000,-2504000,-2504000,766000,0,-2504000,0,1063000,70000,-2574000,0,0,None,None,None,0,0,0,0,0,0,-2504000,-2504000,None,USD,7987000,776000,None,164000,1063000,6924000,0,601000,11000,-309760000,112000,0,845000,4682000,951000,None,None,None,2162000,4980000,None,6148000,0,87000,0,47000,951000,0,0,11000,0,-309760000,0,None,69000,None,3007000,None,None,112000,112000,None,None,None,316673000,7987000,4682000,None,10759261,USD,None,225000,-82000,0,None,200000,None,166000,-2504000,-1780000,-1698000,166000,446000,0,0,16000,78000,40000,82000,-87000,None,-1780000,1.03,1.09
12,2017-06-30,USD,8000,1802000,769000,-761000,-2541000,-2541000,678000,0,-2541000,0,1124000,22000,-2563000,0,0,None,None,None,0,0,0,0,0,0,-2541000,-2541000,None,USD,10225000,903000,None,212000,896000,9329000,0,532000,11000,-307256000,169000,0,972000,6462000,727000,None,None,None,2516000,6737000,None,8426000,0,None,0,63000,727000,0,0,11000,0,-307256000,0,None,69000,None,3488000,None,None,169000,169000,None,None,None,316574000,10225000,6462000,None,10724261,USD,None,-29000,-39000,0,None,200000,None,-81000,-2541000,-1952000,-2113000,-81000,460000,0,200000,-9000,9000,87000,39000,None,None,-1952000,1.74,1.03
13,2017-03-31,USD,1000,1770000,862000,-861000,-2629000,-2629000,650000,0,-2629000,0,1120000,2000,-2631000,0,0,None,None,None,0,0,0,0,0,0,-2629000,-2629000,None,USD,12508000,1024000,None,19000,936000,11572000,0,410000,10000,-304715000,177000,0,1093000,8414000,759000,None,None,None,2929000,8486000,None,10548000,0,None,0,53000,759000,0,0,10000,0,-304715000,0,None,69000,None,4022000,None,None,177000,177000,None,None,None,316277000,12508000,8414000,None,10590928,USD,None,-183000,0,0,None,0,None,76000,-2629000,-2038000,-2038000,76000,568000,0,0,15000,9000,106000,0,9000,None,-2038000,1.27,1.74
14,2016-12-31,USD,9000,2023000,647000,-638000,-2534000,-2534000,691000,0,-2534000,0,1332000,127000,-2661000,0,0,None,None,None,0,0,0,0,127000,0,-2534000,-2534000,None,USD,15214000,990000,None,109000,1116000,14098000,0,608000,7000,-302086000,172000,0,1086000,10452000,944000,None,None,None,3491000,10637000,None,13108000,0,8000,0,68000,944000,0,0,7000,0,-302086000,0,None,96000,None,4577000,None,None,172000,172000,None,None,None,316177000,15214000,10452000,None,7353714,USD,None,-110000,-152000,0,None,9188000,None,-86000,-2534000,7057000,-2131000,16000,403000,0,9188000,-4000,28000,102000,152000,-4000,None,7057000,1.23,1.27
15,2016-09-30,USD,22000,1907000,962000,-940000,-2874000,-2874000,676000,0,-2874000,0,1231000,-27000,-2847000,0,0,None,None,None,0,0,0,0,0,0,-2874000,-2874000,None,USD,8569000,1011000,None,123000,1353000,7216000,0,750000,3000,-299552000,262000,0,1107000,3395000,1091000,None,None,None,3875000,3587000,None,6205000,0,5000,0,64000,1091000,0,0,3000,0,-299552000,0,None,96000,None,4982000,None,None,262000,262000,None,None,None,306765000,8569000,3395000,None,3276782,USD,None,98000,0,0,None,1900000,None,None,-2874000,-22000,-1922000,23000,579000,0,1900000,-3000,32000,287000,0,10000,None,-22000,2.67,1.23
16,2016-06-30,USD,11000,2121000,971000,-960000,-3078000,-3078000,701000,0,-3078000,0,1420000,3000,-3081000,0,0,None,None,None,0,0,0,0,0,0,-3078000,-3078000,None,USD,9200000,994000,None,183000,1267000,7933000,0,791000,3000,-296678000,230000,0,1091000,3417000,1037000,None,None,None,4431000,3678000,None,6939000,0,16000,0,62000,1037000,0,0,3000,0,-296678000,0,None,97000,None,5522000,None,None,230000,230000,None,None,None,304608000,9200000,3417000,None,2783214,USD,None,70000,0,0,None,0,None,None,-3078000,-2157000,-2157000,-140000,577000,0,0,102000,22000,258000,0,54000,None,-2157000,0.189,2.67
17,2016-03-31,USD,89000,1879000,864000,-775000,-2630000,-2630000,716000,0,-2630000,0,1163000,24000,-2654000,0,0,None,None,None,0,0,0,0,0,0,-2630000,-2630000,None,USD,11864000,969000,None,183000,1111000,10753000,0,551000,40000,-293600000,231000,0,969000,5574000,880000,None,None,None,4990000,5905000,None,9784000,0,70000,0,78000,880000,0,0,40000,0,-293600000,0,None,None,None,5959000,None,None,231000,231000,None,None,None,304313000,11864000,5574000,None,40748218,USD,None,-67000,0,0,None,0,None,None,-2630000,-1895000,-1895000,15000,580000,0,0,-43000,32000,240000,0,-32000,None,-1895000,0.1911,0.189
18,2015-12-31,USD,26000,2460000,766000,-740000,-2401000,-2402000,879000,0,-2401000,0,1581000,798000,-3199000,0,0,None,None,None,0,0,0,0,4121000,0,-2401000,-2402000,None,USD,14365000,938000,None,122000,1243000,13122000,0,418000,39000,-290970000,393000,0,1064000,7469000,850000,None,None,None,5551000,7750000,None,12184000,0,38000,0,121000,850000,0,0,39000,0,-290970000,0,None,126000,None,6615000,None,None,393000,393000,None,None,None,304053000,14365000,7469000,None,39608218,USD,None,-138000,-140000,0,None,8572000,-27000,236000,-2399000,6305000,-2267000,-33000,526000,0,8599000,-2000,45000,-217000,141000,-4000,None,6305000,0.21,0.1911
19,2015-09-30,USD,91000,2183000,794000,-703000,-2373000,-2373000,772000,0,-2373000,0,1411000,513000,-2886000,0,0,None,None,None,0,0,0,0,0,0,-2373000,-2373000,None,USD,8659000,887000,None,211000,2289000,6370000,0,617000,18000,-288571000,1197000,0,1015000,1164000,1092000,None,None,None,6113000,1531000,None,5483000,0,37000,0,119000,1092000,0,0,18000,0,-288571000,0,None,128000,None,7128000,None,None,1197000,1197000,None,None,None,294923000,8659000,1164000,None,18203689,USD,None,28000,-140000,0,None,6283000,None,None,-2373000,-1591000,-1591000,157000,683000,0,4596000,-119000,49000,31000,141000,2000,None,-1591000,0.6201,0.21
