,fiscalDateEnding,reportedCurrency_x,totalRevenue,totalOperatingExpense,costOfRevenue,grossProfit,ebit,netIncome_x,researchAndDevelopment,effectOfAccountingCharges,incomeBeforeTax,minorityInterest,sellingGeneralAdministrative,otherNonOperatingIncome,operatingIncome,otherOperatingExpense,interestExpense,taxProvision,interestIncome,netInterestIncome,extraordinaryItems,nonRecurring,otherItems,incomeTaxExpense,totalOtherIncomeExpense,discontinuedOperations,netIncomeFromContinuingOperations,netIncomeApplicableToCommonShares,preferredStockAndOtherAdjustments,reportedCurrency_y,totalAssets,intangibleAssets,earningAssets,otherCurrentAssets,totalLiabilities,totalShareholderEquity,deferredLongTermLiabilities,otherCurrentLiabilities,commonStock,retainedEarnings,otherLiabilities,goodwill,otherAssets,cash,totalCurrentLiabilities,shortTermDebt,currentLongTermDebt,otherShareholderEquity,propertyPlantEquipment,totalCurrentAssets,longTermInvestments,netTangibleAssets,shortTermInvestments,netReceivables,longTermDebt,inventory,accountsPayable,totalPermanentEquity,additionalPaidInCapital,commonStockTotalEquity,preferredStockTotalEquity,retainedEarningsTotalEquity,treasuryStock,accumulatedAmortization,otherNonCurrrentAssets,deferredLongTermAssetCharges,totalNonCurrentAssets,capitalLeaseObligations,totalLongTermDebt,otherNonCurrentLiabilities,totalNonCurrentLiabilities,negativeGoodwill,warrants,preferredStockRedeemable,capitalSurplus,liabilitiesAndShareholderEquity,cashAndShortTermInvestments,accumulatedDepreciation,commonStockSharesOutstanding,reportedCurrency,investments,changeInLiabilities,cashflowFromInvestment,otherCashflowFromInvestment,netBorrowings,cashflowFromFinancing,otherCashflowFromFinancing,changeInOperatingActivities,netIncome_y,changeInCash,operatingCashflow,otherOperatingCashflow,depreciation,dividendPayout,stockSaleAndPurchase,changeInInventory,changeInAccountReceivables,changeInNetIncome,capitalExpenditures,changeInReceivables,changeInExchangeRate,changeInCashAndCashEquivalents,clossingVal,nextClossingVal
0,2020-06-30,USD,0,16367000,None,None,-23751000,-24081000,10730000,None,-24081000,None,5637000,None,-16367000,None,205000,None,None,-205000,None,None,None,None,-7509000,None,-24081000,-24081000,None,USD,75206000,None,None,None,88258000,-13052000,None,None,10000,-379454000,49179000,None,1379000,59730000,22510000,None,8384000,-4552000,12775000,61052000,None,-13052000,None,None,6449000,None,1242000,None,None,None,None,None,None,None,1379000,None,14154000,11768000,None,None,65748000,None,None,None,None,None,None,None,None,USD,-154000,1899000,-154000,None,-2100000,-957000,None,979000,-24081000,-12877000,-11808000,None,125000,None,None,None,0,9270000,199000,None,None,None,2.84,
1,2020-03-31,USD,0,18822000,None,None,-19116000,-19620000,14724000,None,-19620000,None,4098000,None,-18822000,None,273000,None,240000,-273000,None,None,None,None,-525000,None,-19620000,-19620000,None,USD,88800000,None,None,279000,97563000,-8763000,None,None,9000,-355373000,57051000,None,1379000,72606000,30072000,None,16868000,-4583000,12981000,74440000,None,-8763000,None,0,None,None,1330000,None,None,None,None,None,None,None,1379000,None,14360000,11865000,None,None,67491000,None,None,None,351184000,None,72606000,None,95000000,USD,-135000,836000,-135000,None,-2100000,-5370000,-4528000,-890000,-19620000,-17287000,-11698000,None,231000,None,1258000,None,5000000,2745000,135000,None,None,None,2.41,2.84
2,2019-12-31,USD,6654000,19224000,26852000,-20198000,-13048000,-14888000,15152000,None,-14888000,None,4072000,None,-12570000,None,335000,None,127000,-335000,None,None,None,None,-1983000,None,-14888000,-14888000,None,USD,99569000,None,None,279000,91172000,8397000,None,7105000,9000,-335753000,56229000,None,1379000,89893000,34943000,18905000,18905000,-4523000,1523000,96667000,None,8397000,None,5000000,None,None,500000,None,None,None,None,None,None,None,1379000,None,2902000,372000,None,None,56229000,None,None,None,348664000,None,89893000,None,46000000,USD,-9000,-628000,-9000,276000,-2100000,68534000,-4528000,3750000,-14888000,55659000,-12876000,None,1505000,None,107841000,None,-5000000,2425000,37000,None,None,None,2.38,2.41
3,2019-09-30,USD,0,11794000,4230000,-4230000,-11439000,-11994000,8104000,None,-11994000,None,3690000,None,-11794000,None,388000,None,184000,-388000,None,None,None,None,188000,None,-11994000,-11994000,None,USD,39544000,None,None,279000,44459000,-4915000,None,1023000,5000,-320865000,14981000,None,1379000,34234000,29478000,20927000,20927000,-4533000,2046000,36119000,None,-4915000,None,None,None,None,1478000,None,None,None,None,None,None,None,1379000,None,3425000,734000,None,None,14981000,None,None,None,320478000,None,34234000,None,46000000,USD,11512000,-987000,11512000,248000,-700000,5028000,-4528000,351000,-11994000,5413000,-11122000,None,167000,None,37207000,None,-5000000,1341000,5000,None,None,None,1.75,2.38
4,2019-06-30,USD,13000,16248000,8465000,-8452000,-15820000,-16394000,12134000,None,-16394000,None,4114000,None,-16235000,None,400000,None,246000,-400000,None,None,None,None,241000,None,-16394000,-16394000,None,USD,46947000,None,None,279000,46891000,56000,None,1342000,5000,-308871000,14983000,None,None,30200000,31908000,21548000,21548000,-4525000,2498000,44449000,None,56000,11480000,None,None,None,2463000,None,None,None,None,None,None,None,2498000,None,2498000,1085000,None,None,14983000,None,None,None,313447000,None,41680000,None,45000000,USD,4845000,1761000,4845000,-11269000,-700000,372000,-4528000,6011000,-16394000,-1973000,-7197000,None,174000,None,31479000,None,-5000000,1251000,5000,None,None,None,1.79,1.75
5,2019-03-31,USD,10000,11866000,3203000,-3193000,-11497000,-12074000,7353000,None,-12074000,None,4513000,None,-11856000,None,396000,None,-149000,-119000,None,None,None,None,-99000,None,-12074000,-12074000,None,USD,62482000,None,None,279000,47663000,14819000,None,1428000,5000,-292477000,14617000,None,None,32173000,33046000,21466000,21466000,-4535000,2954000,59528000,None,14819000,16244000,None,None,None,693000,None,None,None,None,None,None,None,1155000,None,2954000,1428000,None,801000,14617000,None,None,None,311824000,None,48417000,None,38000000,USD,-16119000,-409000,-16119000,-16119000,-700000,31107000,None,-9330000,-12074000,-5230000,-20240000,None,181000,None,31107000,None,0,1392000,5000,None,None,None,2.37,1.79
6,2018-12-31,USD,903000,15402000,5492000,-4589000,-14499000,-14651000,4764000,0,-14651000,0,5146000,None,-14499000,0,-395000,None,None,None,0,0,0,0,-152000,0,-14651000,-14651000,None,USD,44482000,None,None,None,49900000,-5418000,None,2473000,3000,-280403000,14756000,None,279000,37403000,35144000,21385000,21385000,-4557000,2127000,42076000,None,-5418000,None,None,None,None,1100000,None,None,None,None,None,None,None,None,None,None,None,None,None,None,None,None,None,279539000,None,37403000,None,22000000,USD,-16196000,-1058000,-374000,26156000,-700000,80000,None,886000,-14651000,-13082000,-12748000,None,186000,None,697000,None,None,1889000,368000,None,None,None,2.66,2.37
7,2018-09-30,USD,0,15941000,11885000,-11885000,-15941000,-16001000,12134000,0,-16001000,0,4056000,None,-15941000,0,-384000,None,None,None,0,0,0,0,-60000,0,-16001000,-16001000,None,USD,60323000,0,None,5083000,50323000,10000000,0,2469000,3000,-263154000,15691000,0,2646000,50485000,34632000,21299000,21299000,-4570000,2109000,55568000,None,10000000,0,None,0,0,1252000,0,0,0,0,0,0,None,None,None,None,None,None,None,None,None,None,None,None,None,None,None,22000000,USD,6002000,374000,6016000,0,None,255000,None,-2110000,-16001000,-9802000,-16031000,None,205000,0,0,0,0,1501000,60000,None,None,None,15.55,2.66
8,2018-06-30,USD,0,18769000,8998000,-8998000,-18769000,-18796000,5409000,0,-18796000,0,4362000,None,-18769000,0,-365000,None,None,None,0,0,0,0,-27000,0,-18796000,-18796000,None,USD,73437000,0,None,2607000,49175000,24262000,0,3210000,3000,-247153000,14072000,0,2465000,60237000,13891000,21212000,21212000,-4476000,2137000,68835000,None,24262000,5991000,None,21212000,0,1789000,0,0,0,0,0,0,None,None,None,None,None,None,None,None,None,None,None,None,None,None,None,22000000,USD,18918000,-113000,18685000,0,None,311000,None,239000,-18796000,1933000,-16973000,None,415000,0,0,0,-11000,1293000,264000,None,None,None,13.25,15.55
9,2018-03-31,USD,0,15813000,5183000,-5183000,-15813000,-15888000,5956000,0,-15888000,0,4674000,None,-15813000,0,-350000,None,None,None,0,0,0,0,-75000,0,-15888000,-15888000,None,USD,89937000,0,None,76000,48355000,41582000,0,2076000,3000,-228357000,15418000,0,2696000,58228000,11810000,21127000,21127000,-4398000,2257000,84984000,None,41582000,24839000,52000,21127000,0,1789000,0,0,0,0,0,0,None,None,None,None,None,None,None,None,None,None,None,None,None,None,None,22000000,USD,1137000,180000,945000,0,None,51000,None,821000,-15888000,-12394000,-13409000,None,169000,0,0,0,11000,1298000,192000,None,None,None,10.19,13.25
10,2017-12-31,USD,17000,97801000,19111000,-27546000,-53041000,-50645000,13623000,0,-65321000,0,18826000,None,-49930000,0,359000,None,None,None,0,0,0,0,-1537000,0,-53144000,-53144000,None,USD,101100000,0,None,1979000,49286000,51814000,15919000,9367000,3000,-216897000,17271000,0,329000,70622000,10973000,21042000,21042000,-4420000,2091000,98680000,None,51814000,26016000,63000,21042000,0,1606000,0,0,0,0,0,0,None,None,None,None,None,None,None,None,None,None,None,None,None,None,None,20000000,USD,-1369000,105000,-2098000,0,8023000,66023000,-2900000,6864000,-65321000,11966000,-52037000,None,750000,0,10000000,0,152000,5413000,733000,None,None,None,9.81,10.19
11,2017-09-30,USD,27000,-49707000,13700000,0,-39374000,1291000,9504000,0,0,0,0,None,2017000,0,268000,None,None,None,0,0,0,0,0,0,-41612000,-41612000,None,USD,109723000,0,None,2888000,44647000,65076000,10953000,9803000,2000,-197353000,12371000,0,316000,72151000,11322000,20954000,20954000,-4409000,2055000,107352000,None,65076000,32313000,None,20954000,0,1519000,0,0,0,0,0,0,None,None,None,None,None,None,None,None,None,None,None,None,None,None,None,22000000,USD,-2246000,-121000,-8205000,0,9901000,60985000,-2876000,-2911000,-45777000,-10479000,-39365000,None,0,0,5000000,0,215000,2088000,584000,None,None,None,18.25,9.81
12,2017-06-30,USD,26000,15897000,15686000,0,43465000,-833000,10994000,0,0,0,0,None,-1089000,0,279000,None,None,None,0,0,0,0,0,0,44569000,44569000,None,USD,117025000,0,None,1848000,38843000,78182000,11619000,11161000,1000,-182677000,13058000,0,316000,82630000,20053000,10344000,10344000,-4439000,2131000,114578000,None,78182000,30099000,1000,5732000,0,4280000,0,0,0,0,0,0,None,None,None,None,None,None,None,None,None,None,None,None,None,None,None,19000000,USD,11099000,188000,-5834000,0,-1108000,53654000,-24000,5902000,-31101000,55993000,-23926000,None,0,0,5000000,0,215000,996000,459000,None,None,None,19.86,18.25
13,2017-03-31,USD,137000,0,14744000,0,-14834000,-15134000,11044000,0,0,0,0,None,-14782000,0,300000,None,None,None,0,0,0,0,0,0,-15134000,-15134000,None,USD,73856000,0,None,2820000,32766000,41090000,12385000,7468000,1000,-166710000,12595000,0,316000,26637000,13304000,4519000,4519000,-4450000,2054000,71486000,None,41090000,41966000,63000,6867000,0,1317000,0,0,0,0,0,0,None,None,None,None,None,None,None,None,None,None,None,None,None,None,None,18000000,USD,-16474000,-1119000,-16532000,0,-728000,-292000,-24000,-319000,-15134000,-32019000,-15319000,None,0,0,0,0,152000,837000,58000,None,None,None,14.32,19.86
14,2016-12-31,USD,2930000,42753000,16533000,-7217000,-34670000,-14083000,11033000,0,-36210000,0,13051000,None,-13860000,0,322000,None,None,None,0,0,0,0,-1540000,0,-36210000,-40776000,None,USD,89301000,0,None,2382000,34344000,54957000,12439000,5757000,1000,-151576000,12661000,0,438000,58656000,13706000,4067000,4067000,-4593000,2047000,86816000,None,54957000,25563000,215000,7977000,0,3882000,0,0,0,0,0,0,None,None,None,None,None,None,None,None,None,None,None,None,None,None,None,10000000,USD,-21516000,13095000,-22100000,0,8023000,67659000,-4103000,-502000,-36210000,26319000,-19683000,None,802000,0,2743000,0,610000,2522000,586000,None,None,None,17.15,14.32
15,2016-09-30,USD,1048000,0,8335000,0,0,-7728000,6021000,0,0,0,0,None,-7468000,0,311000,None,None,None,0,0,0,0,0,0,0,0,None,USD,85779000,0,None,3303000,20336000,65443000,3348000,3737000,1000,-137493000,3582000,0,316000,59488000,7690000,None,None,None,2066000,83397000,None,None,20123000,None,9064000,0,1040000,0,0,0,0,0,0,None,None,None,None,None,None,None,None,None,None,None,None,None,None,None,18000000,USD,None,None,-16896000,0,None,64867000,None,None,-22127000,None,-21239000,None,0,0,0,0,341000,None,478000,None,None,None,14.25,17.15
16,2016-06-30,USD,2017000,0,8232000,0,0,-14399000,6000000,0,0,0,0,None,-13342000,0,310000,None,None,None,0,0,0,0,0,0,0,0,None,USD,91317000,0,None,2131000,22541000,68776000,0,6215000,1000,0,3474000,0,316000,82648000,8939000,None,None,None,1954000,0,None,None,2307000,None,10128000,0,943000,0,0,0,0,0,0,None,None,None,None,None,None,None,None,None,None,None,None,None,None,None,3000000,USD,None,None,3314000,0,None,62508000,None,None,-14399000,None,-15773000,None,0,0,0,0,1137000,None,202000,None,None,None,13.99,14.25
17,2016-03-31,USD,2088000,0,8851000,0,0,0,6648000,0,0,0,0,None,0,0,310000,None,None,None,0,0,0,0,0,0,0,0,None,USD,34723000,None,None,1598000,20691000,14032000,None,4856000,1000,None,3205000,None,2797000,17051000,6317000,None,None,None,2040000,None,None,None,9610000,None,11169000,None,788000,None,None,None,139837000,None,None,None,None,None,None,None,None,None,None,None,None,None,None,None,None,None,2000000,USD,None,None,None,None,None,None,None,None,None,None,None,None,None,None,None,None,None,None,143000,None,None,None,nan,13.99
18,2015-12-31,USD,2134000,31315000,9063000,-8582000,-25304000,-25174000,7211000,0,-25174000,0,8335000,None,-25304000,0,105000,None,None,None,0,0,0,0,130000,0,-25174000,-32509000,None,USD,42824000,None,None,1494000,21835000,20989000,2400000,5111000,1000,-111508000,2690000,None,1882000,32337000,7290000,11855000,11855000,-4986000,2029000,38913000,None,-116493000,4258000,824000,11855000,None,2179000,None,None,None,137482000,None,None,None,None,None,None,None,None,None,None,None,None,None,None,None,None,None,None,USD,-3516000,160000,-4679000,2000,11430000,43906000,-302000,420000,-25174000,15745000,-22463000,None,1044000,None,109000,None,-153000,1240000,1163000,None,None,None,nan,nan
19,2015-09-30,USD,1607000,0,7457000,0,0,0,5483000,0,0,0,0,None,0,0,334000,None,None,None,0,0,0,0,0,0,0,0,None,USD,None,None,None,None,None,None,None,None,None,None,None,None,None,None,None,None,None,None,None,None,None,None,None,None,None,None,None,None,None,None,None,None,None,None,None,None,None,None,None,None,None,None,None,None,None,None,None,None,2000000,USD,None,None,None,None,None,None,None,None,None,None,None,None,None,None,None,None,None,None,0,None,None,None,nan,nan
