,fiscalDateEnding,reportedCurrency_x,totalRevenue,totalOperatingExpense,costOfRevenue,grossProfit,ebit,netIncome_x,researchAndDevelopment,effectOfAccountingCharges,incomeBeforeTax,minorityInterest,sellingGeneralAdministrative,otherNonOperatingIncome,operatingIncome,otherOperatingExpense,interestExpense,taxProvision,interestIncome,netInterestIncome,extraordinaryItems,nonRecurring,otherItems,incomeTaxExpense,totalOtherIncomeExpense,discontinuedOperations,netIncomeFromContinuingOperations,netIncomeApplicableToCommonShares,preferredStockAndOtherAdjustments,reportedCurrency_y,totalAssets,intangibleAssets,earningAssets,otherCurrentAssets,totalLiabilities,totalShareholderEquity,deferredLongTermLiabilities,otherCurrentLiabilities,commonStock,retainedEarnings,otherLiabilities,goodwill,otherAssets,cash,totalCurrentLiabilities,shortTermDebt,currentLongTermDebt,otherShareholderEquity,propertyPlantEquipment,totalCurrentAssets,longTermInvestments,netTangibleAssets,shortTermInvestments,netReceivables,longTermDebt,inventory,accountsPayable,totalPermanentEquity,additionalPaidInCapital,commonStockTotalEquity,preferredStockTotalEquity,retainedEarningsTotalEquity,treasuryStock,accumulatedAmortization,otherNonCurrrentAssets,deferredLongTermAssetCharges,totalNonCurrentAssets,capitalLeaseObligations,totalLongTermDebt,otherNonCurrentLiabilities,totalNonCurrentLiabilities,negativeGoodwill,warrants,preferredStockRedeemable,capitalSurplus,liabilitiesAndShareholderEquity,cashAndShortTermInvestments,accumulatedDepreciation,commonStockSharesOutstanding,reportedCurrency,investments,changeInLiabilities,cashflowFromInvestment,otherCashflowFromInvestment,netBorrowings,cashflowFromFinancing,otherCashflowFromFinancing,changeInOperatingActivities,netIncome_y,changeInCash,operatingCashflow,otherOperatingCashflow,depreciation,dividendPayout,stockSaleAndPurchase,changeInInventory,changeInAccountReceivables,changeInNetIncome,capitalExpenditures,changeInReceivables,changeInExchangeRate,changeInCashAndCashEquivalents,clossingVal,nextClossingVal
0,2020-06-30,USD,288165000,-269902000,239603000,-239603000,28692000,20706000,None,None,27041000,None,18145000,-1607000,30299000,-288047000,1651000,6335000,None,-1651000,None,None,None,6335000,-1870000,None,20706000,20706000,None,USD,882961000,None,None,116190000,467875000,415086000,None,214238000,3041000,480491000,84321000,None,29962000,11607000,177840000,500000,500000,-79220000,239524000,523904000,None,414405000,None,91796000,144467000,423844000,146203000,None,None,3041000,681000,480491000,-88319000,None,20777000,None,239524000,88790000,None,106934000,106934000,None,None,None,98412000,882961000,11607000,None,None,USD,-18316000,36237000,-18316000,914000,-72614000,-81100000,-8486000,-94000,20706000,905000,100321000,-94000,7881000,0,0,-12213000,48493000,-689000,19230000,48493000,None,905000,33.81,
1,2020-03-31,USD,307871000,-288570000,261489000,-261489000,28743000,21214000,None,None,26092000,None,23035000,1662000,27081000,-311605000,2651000,5070000,-2744000,-2651000,192000,None,None,5070000,1361000,192000,21022000,21214000,None,USD,909309000,None,None,182000,514945000,394364000,None,142868000,3041000,459797000,81084000,None,34940000,10702000,149654000,28274000,28274000,-79220000,228489000,551600000,None,393683000,None,109802000,217081000,411631000,5342000,None,None,3041000,681000,459797000,-88319000,None,121348000,None,7872000,67126000,217081000,5342000,217081000,None,None,None,98384000,909309000,10702000,-389796000,None,USD,-17651000,-75502000,-17651000,354000,15366000,2498000,-11638000,-1135000,52335000,-3156000,11997000,-31207000,8289000,-11000,-1219000,81434000,-30752000,7400000,18005000,-30752000,None,-3156000,39.78,33.81
2,2019-12-31,USD,392971000,-373809000,340694000,-340694000,34771000,25383000,None,None,32081000,None,19986000,1656000,33115000,-393795000,2690000,7653000,None,-2690000,955000,None,None,7653000,863000,955000,24428000,25383000,None,USD,932660000,None,None,1054000,497475000,435185000,866000,2744000,3040000,438583000,24181000,None,10697000,13858000,172985000,None,None,-18285000,219311000,599953000,None,434482000,None,9643000,225337000,493065000,84295000,None,None,3040000,703000,438583000,-87194000,None,102699000,None,322010000,105986000,225337000,19463000,245666000,None,None,None,98338000,932660000,13858000,None,9000000,USD,-19463000,-104710000,-19463000,11746000,-23928000,-35041000,-8239000,-1135000,25383000,-3782000,50722000,25770000,7946000,0,-2874000,82118000,36709000,2889000,31209000,36709000,None,-3782000,40.79,39.78
3,2019-09-30,USD,370002000,-353338000,345947000,-345947000,9195000,4635000,None,None,6054000,None,17692000,1804000,7391000,-371030000,3141000,1419000,None,-3141000,None,None,None,1419000,658000,955000,4635000,4635000,None,USD,1045683000,None,None,34783000,633021000,412662000,None,3649000,3040000,413211000,22647000,None,7215000,17640000,286631000,None,None,-18285000,204746000,723904000,None,411959000,None,6072000,243978000,575183000,195676000,None,None,3040000,703000,413211000,-84320000,None,76178000,None,280924000,111678000,243978000,18661000,262639000,None,None,None,98313000,1045683000,17640000,None,9000000,USD,-2665000,145703000,-2665000,4031000,-15446000,-23351000,-2069000,-4037000,4635000,739000,26755000,598000,7316000,0,-5836000,-81685000,-44212000,-965000,6696000,-44212000,None,739000,31.18,40.79
4,2019-06-30,USD,264925000,-248688000,245751000,-245751000,4740000,1103000,None,None,1388000,None,16258000,1803000,2937000,-264946000,3352000,285000,None,-3352000,None,None,None,285000,-3003000,955000,1103000,1103000,None,USD,925308000,None,None,118036000,511470000,413838000,None,3653000,3039000,408576000,22082000,None,7412000,16901000,151857000,88000,88000,-18285000,206188000,593672000,None,413131000,None,2547000,246645000,493498000,77571000,None,None,3039000,707000,408576000,-78484000,None,1143000,3722000,211053000,124100000,246645000,18005000,264650000,None,None,None,98285000,925308000,16901000,None,10000000,USD,-3378000,17871000,-3378000,6398000,-24672000,-29044000,-1616000,-502000,1103000,5421000,37843000,601000,7382000,-12000,-2744000,8186000,4965000,-1162000,9776000,4965000,None,5421000,27.83,31.18
5,2019-03-31,USD,262590000,-136853000,138605000,-138605000,-144000,-8630000,None,None,-3370000,None,16337000,1608000,-1752000,-153190000,3226000,-3159000,-3850000,-3850000,19000,None,None,-1316000,-7770000,19000,-2054000,-8658000,None,USD,848882000,None,None,1666000,431397000,417485000,None,4346000,3039000,409504000,21834000,None,6361000,11480000,112377000,6763000,6763000,-18285000,239273000,603248000,None,416778000,None,2801000,265900000,501684000,61024000,None,None,3039000,707000,409504000,-75740000,None,1143000,2417000,242833000,31286000,297186000,17349000,314535000,None,None,None,98260000,848882000,11480000,398300000,10000000,USD,12495000,-45874000,12495000,19755000,-61642000,-64529000,-259000,7324000,14502000,-1348000,50686000,36931000,7685000,-11000,-2617000,89435000,211000,-43449000,7260000,211000,None,-1348000,24.6,27.83
6,2018-12-31,USD,372238000,-350677000,374334000,-374334000,-23050000,14016000,0,None,-26914000,None,19389000,607000,-23657000,-370066000,3864000,-6874000,None,None,34056000,None,None,-6874000,-4653000,34056000,-20040000,14016000,None,USD,962059000,None,None,32402000,542026000,420033000,None,8839000,3038000,418134000,32800000,None,6046000,12828000,468781000,320579000,313922000,-25186000,246014000,709999000,None,419326000,None,82892000,10715000,575935000,93586000,None,None,3038000,707000,418134000,-74896000,None,4629000,1417000,252060000,29730000,40445000,27356000,67801000,None,None,None,98236000,962059000,12828000,None,10000000,USD,None,-142764000,54770000,64920000,-30612000,-34448000,-75000,-5127000,14016000,33000,-20289000,-25167000,7464000,-11000,-3761000,125102000,20260000,-5184000,10150000,20260000,None,33000,28.22,24.6
7,2018-09-30,USD,320660000,-304819000,309652000,-309652000,-3811000,9116000,0,None,-7709000,None,18355000,1022000,-4833000,-323174000,3898000,None,None,None,None,None,None,-2075000,-3721000,14750000,-5634000,9116000,None,USD,1121900000,0,None,20641000,712119000,409781000,0,16441000,3038000,404129000,32334000,0,29254000,12795000,295479000,6633000,90000,-25169000,242408000,850238000,None,409074000,0,8613000,353549000,683897000,212111000,0,0,3038000,707000,404129000,-71135000,None,None,None,242408000,30757000,384306000,26233000,410539000,None,None,None,98211000,1121900000,12795000,None,10000000,USD,None,126561000,-188000,9668000,21826000,20588000,341000,-5127000,9116000,169000,-20231000,-9810000,8040000,-11000,-1579000,-146888000,20260000,9081000,9856000,-15970000,None,169000,33.7,28.22
8,2018-06-30,USD,244093000,-329657000,337494000,-337494000,-6817000,-8755000,0,None,-11266000,None,18468000,1020000,-7837000,-348125000,4449000,None,None,None,None,None,None,-2511000,1217000,-6595000,-8755000,-8727000,None,USD,964176000,0,None,7213000,561906000,402270000,0,343043000,3038000,395013000,29841000,0,12855000,12626000,180324000,52262000,12814000,-25118000,272021000,679300000,None,401563000,0,90128000,318282000,569333000,161521000,0,0,3038000,707000,395013000,-69556000,None,5050000,7805000,284876000,None,None,5080000,5080000,None,None,None,98186000,964176000,12626000,None,10000000,USD,None,30927000,-75000,10387000,-89299000,-89351000,-40000,-1210000,-8755000,-2476000,86950000,-1210000,8046000,-12000,0,74622000,-9827000,-6853000,10462000,-9827000,None,-2476000,27.0,33.7
9,2018-03-31,USD,265556000,275859000,258876000,6680000,-10303000,-19587000,0,0,-23535000,0,17084000,None,-10303000,-101000,-4429000,None,None,None,0,-232000,0,-3948000,-13232000,-6595000,-19587000,-19498000,None,USD,1070431000,0,None,2144000,673501000,396930000,0,498079000,3038000,389647000,29119000,0,15394000,15102000,194354000,9815000,3702000,-25067000,277025000,778012000,None,396223000,0,85043000,410104000,680828000,129711000,0,0,3038000,707000,389647000,-69556000,None,None,10289000,287314000,35896000,35896000,None,35896000,None,None,None,98161000,1070431000,15102000,442474000,10000000,USD,None,-30907000,-11311000,2075000,894000,-270000,-37000,573000,-19587000,1980000,13561000,None,8435000,-11000,0,60169000,-12563000,6362000,11545000,None,None,None,27.7,27.0
10,2017-12-31,USD,387689000,20230000,357188000,30501000,10271000,4377000,0,0,6259000,0,20112000,None,10271000,118000,4012000,None,None,None,0,419000,0,1882000,-4113000,-6595000,4377000,4354000,None,USD,1134237000,0,None,2815000,711832000,422405000,0,499056000,3038000,401488000,20553000,0,6780000,13122000,242033000,47150000,3649000,-11023000,272363000,855094000,None,421698000,0,68455000,449246000,770702000,165626000,0,0,3038000,707000,401488000,-69941000,None,5130000,1650000,279143000,None,None,None,None,None,None,None,98136000,1134237000,13122000,None,10000000,USD,None,-162232000,-7326000,1841000,15276000,61577000,-64000,-152000,7729000,-1818000,-8958000,None,7763000,-12000,0,92269000,11891000,1489000,21120000,None,None,None,30.75,27.7
11,2017-09-30,USD,338470000,18820000,321059000,17411000,-1409000,-2958000,0,0,-4842000,0,18865000,None,-1409000,-45000,3433000,None,None,None,0,-268000,0,-1884000,0,0,-2958000,-2952000,None,USD,1271944000,0,None,2649000,853234000,418710000,0,75150000,3038000,397122000,22660000,0,10400000,14940000,397567000,9440000,3597000,-11073000,272176000,989368000,None,417991000,0,117816000,395128000,859146000,312977000,0,0,3038000,719000,397122000,-69195000,None,None,5217000,277393000,37879000,433007000,22660000,455667000,None,None,None,98099000,1271944000,14940000,None,10000000,USD,None,158504000,-26373000,1790000,44473000,47111000,603000,-389000,-1112000,-838000,-17790000,None,0,-12000,0,188255000,34173000,-991000,13743000,None,None,None,34.5,30.75
12,2017-06-30,USD,280208000,14922000,264427000,15781000,838000,-839000,0,0,-2358000,0,17453000,None,838000,-2531000,3217000,None,None,None,0,81000,0,-1519000,0,0,-839000,-839000,None,USD,1006943000,0,None,2878000,573449000,433494000,2511000,45668000,3036000,409278000,22464000,0,5270000,15778000,164200000,8708000,392982000,-11116000,269816000,731857000,None,432774000,0,79696000,349432000,633505000,155492000,0,0,3036000,720000,409278000,-66499000,None,5270000,None,275086000,34842000,384274000,22464000,409249000,None,None,None,98075000,1006943000,15778000,None,10000000,USD,None,35813000,-21361000,-21361000,5517000,4731000,-774000,1495000,-839000,3786000,20416000,1555000,7748000,-12000,0,-19373000,0,-3993000,8680000,-495000,None,3786000,31.05,34.5
13,2017-03-31,USD,266115000,1223198000,240779000,112004000,44607000,7714000,0,0,13839000,0,15973000,None,2748000,8000,2963000,None,None,None,0,-118000,0,1197000,-13352000,0,18754000,7550000,None,USD,946019000,0,None,3671000,511758000,434261000,4181000,50953000,3024000,410129000,11968000,0,20273000,11992000,132277000,8500000,3495000,-11175000,237476000,688270000,None,432937000,0,74551000,329138000,598056000,123777000,0,0,3024000,1324000,410129000,-66499000,None,20273000,None,257749000,34194000,363332000,11968000,379481000,None,None,None,97458000,946019000,11992000,-419461000,10000000,USD,None,-21658000,-31712000,427000,15101000,10778000,-1493000,12094000,15895000,3390000,24324000,None,24824000,-23000,0,-19454000,4708000,13360000,32139000,None,None,None,36.1,31.05
14,2016-12-31,USD,370038000,23585000,332230000,37808000,13890000,8181000,0,0,11809000,0,21116000,None,13890000,2469000,2414000,None,None,None,0,4040000,0,3628000,0,0,8181000,8100000,None,USD,1004711000,0,None,16171000,587097000,417614000,0,59371000,3024000,411779000,38739000,0,36572000,10260000,178732000,12361000,12361000,-28396000,217983000,750156000,None,416290000,0,67357000,343634000,656368000,166371000,0,0,3024000,1324000,411779000,-67550000,None,20038000,16534000,254555000,25992000,369626000,38739000,408365000,None,None,None,97433000,1004711000,10260000,None,10000000,USD,None,-151635000,0,123000,-9823000,34633000,-25000,4011000,8181000,136000,0,None,0,-12000,0,0,9431000,5856000,23389000,None,None,None,40.05,36.1
15,2016-09-30,USD,356977000,19010000,327035000,29942000,11202000,6144000,0,0,8781000,0,18702000,None,11202000,308000,2151000,None,None,None,0,-3278000,0,2637000,0,0,6144000,6082000,None,USD,1148714000,0,None,20182000,738474000,410240000,0,61299000,3024000,403609000,52678000,0,36211000,10124000,312466000,9987000,9987000,-28396000,207474000,905029000,None,408902000,0,102727000,354905000,771996000,302479000,0,0,3024000,1338000,403609000,-66730000,None,20847000,15364000,243685000,18425000,373330000,52678000,426008000,None,None,None,97395000,1148714000,10124000,None,10000000,USD,None,155168000,-8140000,-8140000,55638000,53947000,-1128000,7797000,6144000,-2363000,-48170000,8344000,6107000,-12000,-563000,-185167000,0,-2393000,14518000,-36373000,None,-2363000,28.24,40.05
16,2016-06-30,USD,253051000,18378000,232639000,20412000,1597000,-62000,0,0,-110000,0,17205000,None,1597000,1173000,2144000,None,None,None,0,1185000,0,-48000,0,0,-62000,-67000,None,USD,919981000,0,None,27979000,515339000,404642000,0,45756000,3024000,397465000,51208000,0,33292000,12487000,179579000,31154000,31154000,-28396000,193040000,693649000,None,403304000,0,66354000,276642000,586829000,148425000,0,0,3024000,1338000,397465000,-66167000,None,20363000,12929000,226332000,7910000,284552000,51208000,335760000,None,None,None,97378000,919981000,12487000,None,None,USD,None,29055000,-6365000,-6365000,-8909000,-9499000,-120000,-7189000,-62000,3885000,19749000,-6441000,5911000,-12000,-458000,-19122000,10434000,-26000,6380000,10434000,None,3885000,36.21,28.24
17,2016-03-31,USD,303702000,1178166000,253808000,150577000,101401000,13845000,0,0,19920000,0,21560000,None,22481000,-24339000,2272000,None,None,None,0,10302000,0,6075000,-17762000,0,56399000,13839000,None,USD,895327000,0,None,20790000,490153000,405174000,0,48857000,3023000,397539000,49740000,0,32603000,8602000,399458000,280217000,279815000,-28396000,188837000,673887000,None,403830000,0,76788000,35967000,567707000,119241000,0,0,3023000,1344000,397539000,-65709000,None,19706000,12897000,221440000,4988000,40955000,49740000,90695000,None,None,None,97373000,895327000,8602000,-398464000,10000000,USD,None,-13976000,-47633000,1026000,13049000,6469000,-305000,12544000,13845000,-2006000,39158000,None,21737000,-23000,0,-53527000,1289000,12446000,9864000,None,None,None,34.74,36.21
18,2015-12-31,USD,432152000,4932000,379075000,53077000,48191000,31123000,0,0,46213000,0,19505000,None,48191000,-14573000,1932000,None,None,None,0,0,0,15090000,0,0,31123000,30832000,None,USD,960219000,0,None,12387000,569947000,390272000,0,54998000,3023000,383694000,52589000,0,32876000,19029000,480708000,312266000,None,-31804000,189765000,737578000,None,388928000,0,74981000,36650000,631181000,168442000,0,0,3023000,1344000,383694000,-63358000,None,17930000,14946000,222641000,None,36650000,52589000,89239000,None,None,None,97373000,960219000,19029000,None,10000000,USD,None,None,0,156000,None,50910000,143000,None,31123000,None,0,None,0,-12000,0,0,1150000,12401000,6396000,None,None,None,28.98,34.74
19,2015-09-30,USD,313116000,17342000,284428000,28688000,11432000,6522000,0,0,9756000,0,17394000,None,11432000,-52000,1590000,None,None,None,0,0,0,3234000,0,0,6522000,6456000,None,USD,1087609000,0,None,13251000,728004000,359605000,0,50671000,3023000,352582000,63467000,0,34918000,9397000,627215000,307080000,None,-31804000,178370000,874321000,None,358261000,0,89970000,37322000,761703000,320135000,0,0,3023000,1344000,352582000,-62913000,None,17583000,17335000,213288000,None,37322000,63467000,100789000,None,None,None,97373000,1087609000,9397000,None,10000000,USD,None,196097000,-1280000,-3039000,106466000,105473000,-60000,None,6522000,1471000,-102722000,-400000,5172000,-12000,-933000,-279147000,0,-1981000,3111000,-28985000,None,1471000,26.35,28.98
