,fiscalDateEnding,reportedCurrency_x,totalRevenue,totalOperatingExpense,costOfRevenue,grossProfit,ebit,netIncome_x,researchAndDevelopment,effectOfAccountingCharges,incomeBeforeTax,minorityInterest,sellingGeneralAdministrative,otherNonOperatingIncome,operatingIncome,otherOperatingExpense,interestExpense,taxProvision,interestIncome,netInterestIncome,extraordinaryItems,nonRecurring,otherItems,incomeTaxExpense,totalOtherIncomeExpense,discontinuedOperations,netIncomeFromContinuingOperations,netIncomeApplicableToCommonShares,preferredStockAndOtherAdjustments,reportedCurrency_y,totalAssets,intangibleAssets,earningAssets,otherCurrentAssets,totalLiabilities,totalShareholderEquity,deferredLongTermLiabilities,otherCurrentLiabilities,commonStock,retainedEarnings,otherLiabilities,goodwill,otherAssets,cash,totalCurrentLiabilities,shortTermDebt,currentLongTermDebt,otherShareholderEquity,propertyPlantEquipment,totalCurrentAssets,longTermInvestments,netTangibleAssets,shortTermInvestments,netReceivables,longTermDebt,inventory,accountsPayable,totalPermanentEquity,additionalPaidInCapital,commonStockTotalEquity,preferredStockTotalEquity,retainedEarningsTotalEquity,treasuryStock,accumulatedAmortization,otherNonCurrrentAssets,deferredLongTermAssetCharges,totalNonCurrentAssets,capitalLeaseObligations,totalLongTermDebt,otherNonCurrentLiabilities,totalNonCurrentLiabilities,negativeGoodwill,warrants,preferredStockRedeemable,capitalSurplus,liabilitiesAndShareholderEquity,cashAndShortTermInvestments,accumulatedDepreciation,commonStockSharesOutstanding,reportedCurrency,investments,changeInLiabilities,cashflowFromInvestment,otherCashflowFromInvestment,netBorrowings,cashflowFromFinancing,otherCashflowFromFinancing,changeInOperatingActivities,netIncome_y,changeInCash,operatingCashflow,otherOperatingCashflow,depreciation,dividendPayout,stockSaleAndPurchase,changeInInventory,changeInAccountReceivables,changeInNetIncome,capitalExpenditures,changeInReceivables,changeInExchangeRate,changeInCashAndCashEquivalents,clossingVal,nextClossingVal
0,2020-06-30,USD,186993000,112598000,None,186993000,74395000,58802000,None,None,74395000,None,112598000,None,74395000,29402000,27973000,15593000,191654000,163681000,None,None,None,15593000,None,None,58802000,58789000,13000,USD,21903684000,117823000,4983373000,None,18998981000,2904703000,None,16616118000,1090000,819153000,174272000,1064765000,14922963000,2545160000,16835663000,None,None,54310000,14111000,2624932000,16996763000,1721348000,2496896000,79772000,1776293000,None,219545000,None,None,1090000,767000,819153000,None,None,1085290000,None,19278752000,None,1776293000,387025000,2163318000,None,None,None,2029383000,21903684000,2545160000,None,108994389,USD,-273738000,8945000,-221592000,61360000,99000,1046201000,1064644000,4621000,58802000,807961000,-16648000,-23781000,-2663000,-18542000,0,None,-23079000,-34872000,9214000,-23079000,None,807961000,17.11,
1,2020-03-31,USD,223743000,125813000,None,223743000,97930000,77236000,None,None,97930000,None,125813000,None,97930000,34165000,41748000,20694000,209231000,167483000,None,None,None,20694000,None,None,77236000,77223000,13000,USD,20841352000,121673000,4067977000,None,17995952000,2845400000,None,15559733000,1090000,778893000,161072000,1064978000,14662283000,1737199000,15774463000,None,None,38230000,20805000,1794238000,16647706000,1657982000,2466640000,57039000,1785225000,None,214730000,None,None,1090000,767000,778893000,None,None,1191952000,None,19047114000,None,1785225000,436264000,2221489000,None,None,None,2026420000,20841352000,1737199000,None,108966331,USD,811824000,27092000,928091000,126837000,326944000,-291127000,-506630000,51968000,77236000,740576000,103612000,-1145000,-2996000,-19090000,-92351000,None,5058000,-1633000,10570000,5058000,None,740576000,18.4,17.11
2,2019-12-31,USD,207793000,142095000,None,207793000,65698000,52722000,None,None,65698000,None,142095000,None,65698000,34022000,46325000,12976000,214054000,167729000,None,None,None,12976000,-25823000,None,52722000,52709000,13000,USD,21259143000,127340000,4276336000,381141000,18270219000,2988924000,None,16108940000,1136000,848848000,111670000,1055520000,14686231000,996623000,16274362000,None,None,20891000,492384000,1059330000,17909827000,1805297000,3453338000,62707000,1685859000,21085000,165422000,None,None,1136000,767000,848848000,None,None,595621000,None,20180692000,None,1685859000,309998000,1995857000,None,None,None,2117282000,21259143000,996623000,None,113628601,USD,254211000,-45415000,442142000,218239000,222758000,-53486000,-248816000,-7010000,52722000,466653000,77997000,38341000,-7431000,-18212000,-9216000,None,3910000,35870000,30308000,3910000,None,466653000,26.79,18.4
3,2019-09-30,USD,211966000,106865000,None,211966000,105101000,81826000,None,None,105101000,None,106865000,None,105101000,30698000,47142000,23275000,197306000,150164000,None,None,None,23275000,-4018000,None,81826000,81826000,None,USD,17758511000,101149000,2822041000,104065000,15211440000,2547071000,None,13468009000,966000,814338000,124573000,926648000,13294473000,529970000,13642286000,0,0,23709000,378678000,583936000,15385429000,1519274000,2356134000,53966000,1452618000,20116000,174277000,None,None,966000,None,814338000,None,None,363095000,None,17154999000,None,1452618000,116536000,1569154000,None,None,None,1708058000,17758511000,529970000,None,96613855,USD,118250000,31426000,108537000,6121000,-239633000,-303565000,-48204000,5159000,81826000,-125286000,69742000,-11400000,-3075000,-15457000,-271000,None,815000,-29850000,15834000,815000,None,-125286000,24.9,26.79
4,2019-06-30,USD,182283000,110743000,None,182283000,71540000,55924000,None,None,71540000,None,110743000,None,71540000,27544000,45813000,15616000,196169000,150356000,None,None,None,15616000,-16442000,None,55924000,55598000,326000,USD,17937435000,104096000,2939647000,89780000,15467922000,2469513000,None,13516213000,966000,747969000,96488000,926450000,17531000,655256000,13659226000,14100000,14100000,15316000,370551000,710037000,15488787000,1438967000,2342387000,54781000,1678226000,25374000,143013000,None,None,966000,None,747969000,None,None,312753000,None,17202637000,None,1678226000,130470000,1808696000,None,None,None,1705262000,17937435000,655256000,None,96590656,USD,-58885000,-21651000,-101908000,-34361000,-7184000,236188000,301415000,-28675000,55924000,164095000,29815000,5246000,-4445000,-15784000,-42259000,None,364000,-5623000,8662000,364000,None,164095000,23.26,24.9
5,2019-03-31,USD,161502000,101409000,None,161502000,60093000,47695000,None,None,60093000,None,101409000,None,60093000,26960000,42090000,12398000,179116000,137026000,None,None,None,12398000,-4547000,None,47695000,47695000,None,USD,16091639000,88694000,2664759000,70276000,13789318000,2302321000,None,11989531000,926000,707829000,111203000,845687000,11936394000,491161000,12145075000,15000000,15000000,-6000000,333740000,542957000,14001520000,1367940000,2240111000,51796000,1524030000,19457000,155544000,None,None,926000,None,707829000,None,None,260089000,None,15529730000,None,1524030000,120213000,1644243000,None,None,None,1599566000,16091639000,491161000,None,92568361,USD,148547000,19828000,145437000,9917000,-151040000,-576527000,-409221000,36829000,47695000,-342297000,88793000,5148000,-2017000,-14807000,-1459000,None,-1858000,19997000,13027000,-1858000,None,-342297000,24.48,23.26
6,2018-12-31,USD,162749000,95396000,50135000,162749000,67353000,55646000,0,0,67353000,0,95396000,None,67353000,14476000,40515000,None,None,None,0,0,0,11707000,-5118000,0,55646000,55646000,None,USD,16543337000,91334000,None,78527000,14296903000,2246434000,None,12398752000,923000,674941000,92900000,845687000,11927273000,833458000,12501549000,None,None,-27374000,295060000,883396000,14134317000,1309413000,4934000,49938000,1699400000,26118000,102797000,None,None,923000,None,674941000,None,None,267978000,None,15634376000,None,1699400000,95954000,1795354000,None,None,None,1597944000,16543337000,833458000,None,92347643,USD,24661000,-3154000,23299000,11294000,-107963000,187809000,310246000,33438000,55646000,319654000,108546000,18278000,432000,-13880000,-594000,None,None,35773000,12656000,1571000,None,319654000,24.13,24.48
7,2018-09-30,USD,166348000,100253000,46361000,166348000,66095000,55193000,0,0,66095000,0,100253000,None,66095000,25792000,36016000,None,None,None,0,0,0,10902000,-4560000,0,55193000,55193000,None,USD,16281264000,93975000,None,104840000,14097945000,2183319000,0,12088506000,923000,633175000,92754000,845700000,12087450000,513804000,12194457000,None,None,-48040000,287246000,565313000,14172152000,1243644000,3954000,51509000,1793851000,23188000,105951000,0,0,923000,0,633175000,0,None,294191000,None,15693264000,None,1793851000,109637000,1903488000,None,None,None,1597261000,16281264000,513804000,None,92291070,USD,-544244000,7563000,-530866000,20102000,-61755000,59346000,135058000,-22895000,55193000,-430042000,41478000,-17555000,-6461000,-13844000,-113000,0,0,9981000,6724000,-7243000,None,-430042000,29.45,24.13
8,2018-06-30,USD,165852000,98507000,38464000,165852000,67345000,53562000,0,0,67345000,0,98507000,None,67345000,24399000,29431000,None,None,None,0,-1711000,0,13783000,-4724000,0,53562000,53562000,None,USD,16165533000,96720000,None,98976000,14018625000,2146908000,0,11953448000,923000,591826000,89894000,845700000,11585330000,943846000,12051836000,1964949000,1964949000,-40183000,288777000,988112000,13626122000,1204488000,2974000,44266000,1865148000,31076000,98388000,0,0,923000,0,591826000,0,None,289614000,None,15146933000,None,1865148000,101601000,1966749000,None,None,None,1594342000,16165533000,943846000,None,92281370,USD,-470281000,186000,-465020000,9569000,234719000,518837000,296533000,-6314000,53562000,84182000,30365000,-1492000,-6721000,-13841000,1426000,0,0,-13033000,4308000,-2137000,None,84182000,29.9,29.45
9,2018-03-31,USD,163351000,98073000,31323000,163351000,65278000,51312000,0,0,65278000,0,98073000,None,65278000,23773000,22173000,None,None,None,0,1711000,0,13966000,-4920000,0,51312000,51312000,None,USD,15597309000,99504000,None,84621000,13488258000,2109051000,0,11656915000,922000,552105000,100983000,845687000,3433468000,859664000,11755117000,1730360000,1730360000,-34062000,289355000,901793000,13140698000,1163860000,3069000,42129000,1609451000,71632000,98202000,0,0,922000,0,552105000,0,None,291132000,None,14666376000,None,1609451000,123690000,1733141000,None,None,None,1590086000,15597309000,859664000,None,92242389,USD,-379571000,20028000,-456234000,-70611000,86138000,637566000,564040000,28335000,51312000,261622000,80290000,-5648000,-7902000,-14081000,1469000,8940000,1582000,20918000,6052000,1582000,None,261622000,28.45,29.9
10,2017-12-31,USD,153947000,108490000,27877000,153947000,45457000,18903000,0,0,45457000,0,108490000,None,45457000,81959000,31409000,None,None,None,0,48946000,0,26554000,-29095000,0,18903000,18903000,None,USD,15055806000,106071000,None,233346000,12971242000,2084564000,0,11092875000,920000,514874000,235334000,842651000,3207248000,598042000,11170843000,1643033000,1643033000,-17264000,287249000,2231087000,11130113000,1135842000,1589517000,43528000,1520589000,221936000,77968000,0,0,920000,0,514874000,0,None,426517000,None,12792601000,None,1520589000,279810000,1800399000,None,None,None,1586034000,15055806000,2187559000,None,92029118,USD,58697000,-23879000,39803000,-12628000,211985000,119842000,-80728000,-1738000,18903000,165752000,6107000,499000,-11903000,-11130000,-285000,18338000,0,23790000,6266000,-1303000,None,165752000,57.1,28.45
11,2017-09-30,USD,109689000,66159000,14127000,109689000,43530000,28852000,0,0,43530000,0,66159000,None,43530000,-8999000,1579000,None,None,None,0,-31006000,0,14678000,0,0,28852000,28852000,None,USD,9535370000,55501000,None,225741000,8278171000,1257199000,0,7325590000,322000,504085000,240935000,375731000,2387542000,432290000,7389561000,711646000,711646000,-10651000,224376000,1780459000,6679330000,825967000,1317420000,30749000,589959000,226469000,63971000,0,0,322000,0,504085000,0,None,388496000,None,7723434000,None,589959000,298651000,888610000,None,None,None,763443000,9535370000,1749710000,None,32212242,USD,-195812000,-1441000,-191660000,6459000,47847000,261785000,222055000,-196000,28852000,102676000,32551000,-3082000,-542000,-8089000,-28000,23983000,0,12176000,2307000,-3412000,None,102676000,57.9,57.1
12,2017-06-30,USD,105533000,71408000,14109000,105533000,34125000,23065000,0,0,34125000,0,71408000,None,34125000,-7743000,1039000,None,None,None,0,3459000,0,11060000,0,0,23065000,23065000,None,USD,9068308000,58528000,None,43603000,7834232000,1234076000,0,7103535000,322000,483322000,67004000,379437000,2260753000,329614000,7170539000,663693000,663693000,-11322000,230641000,1547551000,6619251000,796111000,1190600000,27337000,542274000,42278000,67004000,0,0,322000,0,483322000,0,None,206888000,None,7494745000,None,542274000,121419000,663693000,None,None,None,761754000,9068308000,1520214000,None,32212832,USD,61946000,7312000,45928000,-15278000,25137000,-55713000,-73729000,11719000,23065000,24333000,34118000,7755000,-2315000,-8052000,931000,16954000,2283000,-2283000,740000,584000,None,24333000,52.9,57.9
13,2017-03-31,USD,98133000,66322000,10354000,98133000,31811000,22120000,0,0,31811000,0,66322000,None,31811000,4307000,6047000,None,None,None,0,524000,0,9691000,0,0,22120000,22120000,None,USD,8626638000,51408000,None,None,7455749000,1170889000,0,6788288000,314000,468309000,55877000,350035000,2314797000,305281000,6844165000,551081000,551081000,-14298000,226491000,1589183000,6180316000,769446000,1257813000,26089000,501577000,40786000,55877000,0,0,314000,0,468309000,0,None,202784000,None,7011034000,None,501577000,110007000,611584000,None,None,None,716564000,8626638000,1563094000,None,31388357,USD,-210874000,-10790000,-232560000,4238000,162893000,210377000,53069000,3901000,22120000,19622000,41805000,3901000,-1707000,-7845000,2260000,20394000,1699000,26582000,25924000,1699000,None,19622000,55.15,52.9
14,2016-12-31,USD,106111000,66725000,10069000,106111000,39386000,26971000,0,0,39386000,0,66725000,None,39386000,42597000,16444000,None,None,None,0,4241000,0,12415000,-16365000,0,26971000,26971000,None,USD,8400056000,52959000,None,61628000,7248945000,1151111000,0,6735219000,313000,454034000,65141000,348505000,2253136000,285659000,6800360000,448585000,448585000,-15212000,232306000,1470801000,6086529000,749647000,1157354000,27788000,333556000,60735000,65141000,0,0,313000,0,454034000,0,None,208956000,None,6929255000,None,333556000,115029000,448585000,None,None,None,711976000,8400056000,1443013000,None,31277723,USD,-340113000,13024000,-343471000,-3358000,48623000,160050000,117838000,-23213000,26971000,-168864000,14557000,-15102000,-4209000,-7516000,1105000,17160000,0,-5729000,17264000,-398000,None,-168864000,62.15,55.15
15,2016-09-30,USD,96645000,62434000,13649000,96645000,34211000,23429000,0,0,34211000,0,62434000,None,34211000,22943000,-5352000,None,None,None,0,687000,0,10782000,0,0,23429000,23429000,None,USD,8226992000,54268000,None,None,7079851000,1147141000,0,6617381000,313000,436696000,62615000,348769000,2143163000,454523000,6679996000,339565000,339565000,2117000,192523000,1506119000,5894825000,744104000,1024206000,27390000,275566000,65197000,62615000,0,0,313000,0,434579000,0,None,193360000,None,6690477000,None,275566000,124289000,399855000,None,None,None,710132000,8226992000,1478729000,None,31267614,USD,-25507000,-2006000,81786000,107293000,27420000,99651000,79321000,-559000,23429000,203916000,22479000,-559000,-10834000,-6713000,-377000,2196000,0,14891000,7950000,-2442000,None,203916000,49.9,62.15
16,2016-06-30,USD,98855000,64137000,9933000,98855000,34718000,22909000,0,0,34718000,0,64137000,None,34718000,-12322000,10707000,None,None,None,0,-186000,0,11809000,0,0,22909000,22909000,None,USD,7534219000,50329000,None,None,6443508000,1090711000,0,6028203000,304000,422101000,60256000,327686000,2042910000,250607000,6088459000,294865000,294865000,4238000,183362000,1096129000,5650338000,712696000,821372000,24150000,252011000,67225000,60256000,0,0,304000,0,417863000,0,None,189679000,None,6401394000,None,252011000,103038000,355049000,None,None,None,668306000,7534219000,1071979000,None,30415980,USD,-7237000,8890000,5072000,12309000,20607000,-36832000,-51572000,23638000,22909000,27546000,54098000,23638000,7317000,-7311000,1444000,0,1643000,-2843000,4044000,-605000,None,27546000,46.185,49.9
17,2016-03-31,USD,96912000,61789000,8213000,96912000,35123000,23505000,0,0,35123000,0,61789000,None,35123000,2823000,0,None,None,None,0,93000,0,11618000,0,0,23505000,23481000,24000,USD,7536953000,51783000,None,None,6464969000,1071984000,0,6079775000,303000,402265000,50859000,327686000,2144944000,223061000,6130634000,274258000,274258000,3566000,235817000,1104279000,5603519000,692515000,857673000,23545000,236906000,68053000,50859000,0,0,303000,0,402265000,0,None,213869000,None,6432674000,None,236906000,97429000,334335000,None,None,None,665850000,7536953000,1080734000,None,30324499,USD,802000,-23120000,5664000,4862000,11977000,-29657000,-6321000,-6399000,23505000,-29201000,-5208000,-6399000,-6803000,-7227000,-28086000,5702000,2248000,5361000,2782000,2248000,None,-29201000,45.07,46.185
18,2015-12-31,USD,99047000,67683000,8803000,99047000,31364000,23859000,0,0,31364000,0,67683000,None,31364000,48245000,22353000,None,None,None,0,13760000,0,7505000,-33595000,0,23859000,23782000,77000,USD,7559658000,53237000,None,56981000,6482803000,1076855000,0,6086096000,303000,385987000,74450000,327686000,2135659000,252262000,6160546000,322257000,322257000,-2665000,239361000,1099462000,5628064000,665080000,821407000,25793000,222859000,76008000,74450000,0,0,303000,30852000,385987000,0,None,211848000,None,6460196000,None,222859000,99398000,322257000,None,None,None,662378000,7559658000,1073669000,None,30278432,USD,-114140000,-25732000,-128382000,-14894000,-39331000,-33592000,-3704000,6846000,23859000,-148736000,13238000,7981000,-3290000,-27463000,108000,0,713000,9340000,9094000,1080000,None,-148736000,51.36,45.07
19,2015-09-30,USD,100550000,67912000,8139000,100550000,32638000,21675000,0,0,32638000,0,67912000,None,32638000,0,0,None,None,None,0,0,0,10963000,0,0,21675000,21598000,77000,USD,7559694000,44904000,None,None,6514253000,1045441000,0,6089800000,299000,369172000,78684000,314282000,2064744000,400998000,6168484000,None,None,2718000,239178000,1131218000,4844562000,655403000,703347000,26873000,235332000,64552000,78684000,0,0,299000,30852000,369172000,0,None,1688897000,None,7131823000,None,235332000,110437000,345769000,None,None,None,642400000,7559694000,1104345000,None,29939252,USD,99117000,15469000,59301000,-46948000,2105000,-8098000,-2457000,None,21675000,108528000,57325000,-1940000,-12880000,77000,571000,5709000,0,37745000,2396000,-2744000,None,108528000,47.93,51.36
