,fiscalDateEnding,reportedCurrency_x,totalRevenue,totalOperatingExpense,costOfRevenue,grossProfit,ebit,netIncome_x,researchAndDevelopment,effectOfAccountingCharges,incomeBeforeTax,minorityInterest,sellingGeneralAdministrative,otherNonOperatingIncome,operatingIncome,otherOperatingExpense,interestExpense,taxProvision,interestIncome,netInterestIncome,extraordinaryItems,nonRecurring,otherItems,incomeTaxExpense,totalOtherIncomeExpense,discontinuedOperations,netIncomeFromContinuingOperations,netIncomeApplicableToCommonShares,preferredStockAndOtherAdjustments,reportedCurrency_y,totalAssets,intangibleAssets,earningAssets,otherCurrentAssets,totalLiabilities,totalShareholderEquity,deferredLongTermLiabilities,otherCurrentLiabilities,commonStock,retainedEarnings,otherLiabilities,goodwill,otherAssets,cash,totalCurrentLiabilities,shortTermDebt,currentLongTermDebt,otherShareholderEquity,propertyPlantEquipment,totalCurrentAssets,longTermInvestments,netTangibleAssets,shortTermInvestments,netReceivables,longTermDebt,inventory,accountsPayable,totalPermanentEquity,additionalPaidInCapital,commonStockTotalEquity,preferredStockTotalEquity,retainedEarningsTotalEquity,treasuryStock,accumulatedAmortization,otherNonCurrrentAssets,deferredLongTermAssetCharges,totalNonCurrentAssets,capitalLeaseObligations,totalLongTermDebt,otherNonCurrentLiabilities,totalNonCurrentLiabilities,negativeGoodwill,warrants,preferredStockRedeemable,capitalSurplus,liabilitiesAndShareholderEquity,cashAndShortTermInvestments,accumulatedDepreciation,commonStockSharesOutstanding,reportedCurrency,investments,changeInLiabilities,cashflowFromInvestment,otherCashflowFromInvestment,netBorrowings,cashflowFromFinancing,otherCashflowFromFinancing,changeInOperatingActivities,netIncome_y,changeInCash,operatingCashflow,otherOperatingCashflow,depreciation,dividendPayout,stockSaleAndPurchase,changeInInventory,changeInAccountReceivables,changeInNetIncome,capitalExpenditures,changeInReceivables,changeInExchangeRate,changeInCashAndCashEquivalents,clossingVal,nextClossingVal
0,2020-06-30,USD,539000000,338000000,257000000,282000000,-60000000,-199000000,31000000,None,-196000000,5000000,151000000,-4000000,-56000000,140000000,124000000,2000000,-127000000,-124000000,None,16000000,None,-2000000,-32000000,None,-194000000,-199000000,None,USD,7844000000,1637000000,None,234000000,10323000000,-2593000000,None,80000000,1000000,-3322000000,359000000,3211000000,204000000,853000000,1085000000,384000000,384000000,-2479000000,447000000,1932000000,296000000,-7327000000,None,612000000,8769000000,233000000,1090000000,None,None,None,None,None,-175000000,None,321000000,None,5912000000,80000000,8769000000,298000000,8769000000,None,None,None,1230000000,7844000000,853000000,None,95000000,USD,-53000000,1000000,-53000000,-53000000,470000000,461000000,-9000000,32000000,-198000000,460000000,52000000,25000000,None,None,-2000000,None,None,225000000,39000000,None,None,460000000,15.46,
1,2020-03-31,USD,725000000,681000000,294000000,431000000,111000000,-159000000,51000000,None,-151000000,108000000,198000000,None,44000000,None,124000000,4000000,-126000000,-124000000,None,None,None,4000000,-71000000,None,-155000000,-159000000,None,USD,7458000000,1677000000,None,235000000,9816000000,-2466000000,87000000,None,1000000,-3119000000,348000000,3162000000,217000000,389000000,735000000,45000000,45000000,-389000000,474000000,1496000000,311000000,-7305000000,None,624000000,8620000000,248000000,690000000,None,None,1000000,None,-3119000000,-175000000,None,338000000,None,5962000000,81000000,8620000000,374000000,9081000000,None,None,None,1216000000,7458000000,389000000,None,94000000,USD,4000000,7000000,-31000000,-31000000,-50000000,-59000000,-9000000,25000000,-155000000,30000000,120000000,32000000,None,None,None,None,None,243000000,53000000,None,None,30000000,9.7,15.46
2,2019-12-31,USD,863000000,707000000,339000000,524000000,257000000,-43000000,46000000,None,-35000000,104000000,172000000,None,156000000,None,142000000,2000000,-135000000,-142000000,None,None,None,2000000,-49000000,None,-37000000,-43000000,None,USD,7809000000,1774000000,None,252000000,9917000000,-2212000000,91000000,136000000,1000000,-2954000000,367000000,3280000000,221000000,364000000,766000000,45000000,45000000,-2400000000,500000000,1615000000,326000000,-7266000000,None,755000000,8680000000,244000000,721000000,None,None,1000000,None,-2954000000,-175000000,None,314000000,None,6194000000,114000000,8680000000,380000000,9151000000,None,None,None,1208000000,7809000000,364000000,None,94000000,USD,-73000000,-19000000,-73000000,-73000000,-124000000,-118000000,6000000,89000000,-37000000,-48000000,143000000,106000000,647000000,None,341000000,-20000000,-55000000,-479000000,285000000,-55000000,None,-48000000,26.78,9.7
3,2019-09-30,USD,855000000,395000000,317000000,538000000,142000000,14000000,47000000,None,15000000,-4000000,175000000,-1000000,143000000,162000000,146000000,-3000000,-142000000,-146000000,None,11000000,None,4000000,7000000,None,11000000,14000000,None,USD,7907000000,1849000000,None,226000000,10032000000,-2223000000,106000000,12000000,1000000,-2911000000,395000000,3251000000,212000000,409000000,1045000000,288000000,288000000,-2460000000,516000000,1651000000,318000000,-7323000000,None,759000000,8482000000,257000000,757000000,None,None,1000000,None,-2911000000,-175000000,None,322000000,None,6256000000,91000000,8482000000,399000000,8987000000,None,None,None,1197000000,7907000000,409000000,None,93000000,USD,-75000000,0,-75000000,-75000000,-55000000,-68000000,-12000000,-34000000,18000000,-2000000,141000000,-34000000,120000000,None,-1000000,-20000000,-55000000,157000000,75000000,None,None,-2000000,20.35,26.78
4,2019-06-30,USD,845000000,396000000,321000000,524000000,82000000,-77000000,46000000,None,-68000000,2000000,174000000,-46000000,128000000,170000000,147000000,7000000,-140000000,-147000000,None,6000000,None,-7000000,-55000000,None,-61000000,-77000000,None,USD,7932000000,1925000000,None,198000000,10050000000,-2212000000,108000000,13000000,1000000,-2925000000,403000000,3279000000,183000000,413000000,733000000,45000000,45000000,-2418000000,532000000,1585000000,315000000,-7416000000,None,736000000,8802000000,238000000,688000000,None,None,1000000,None,-2925000000,-175000000,None,296000000,None,6347000000,95000000,8802000000,407000000,9317000000,None,None,None,1187000000,7932000000,413000000,None,93000000,USD,-1000000,1000000,-51000000,-181000000,-1206000000,-885000000,-13000000,-92000000,-75000000,-841000000,95000000,-92000000,139000000,None,334000000,-20000000,-55000000,262000000,65000000,None,None,-841000000,19.82,20.35
5,2019-03-31,USD,837000000,407000000,307000000,530000000,129000000,-24000000,49000000,None,-20000000,94000000,186000000,6000000,123000000,165000000,154000000,4000000,None,-154000000,None,7000000,None,-4000000,4000000,None,-16000000,-24000000,None,USD,8837000000,2022000000,None,238000000,11260000000,-2423000000,109000000,26000000,1000000,-2848000000,433000000,3301000000,103000000,1254000000,1786000000,1046000000,1046000000,-249000000,517000000,2446000000,329000000,-7746000000,None,725000000,8937000000,229000000,740000000,None,None,1000000,None,-2848000000,-175000000,None,222000000,None,6391000000,98000000,8937000000,428000000,9474000000,None,None,None,848000000,8837000000,1254000000,None,93000000,USD,-64000000,6000000,-64000000,67000000,953000000,942000000,-11000000,6000000,-24000000,1045000000,167000000,6000000,135000000,None,-1000000,-20000000,-55000000,185000000,67000000,None,None,1045000000,20.42,19.82
6,2018-12-31,USD,2551400000,1888800000,341400000,2210000000,349000000,195200000,49800000,0,170700000,94000000,181700000,27800000,321200000,1828300000,148900000,7300000,None,None,0,-171000000,0,-7300000,63900000,0,178000000,195200000,None,USD,7717800000,2094400000,None,232700000,10181000000,-2463200000,107600000,138000000,1100000,-2824300000,441800000,3279900000,111600000,206900000,747300000,45000000,41700000,-299500000,547000000,1368300000,338600000,-7837500000,None,713100000,8991200000,215600000,702300000,None,None,1100000,None,-2824300000,-175200000,None,89600000,None,6349500000,None,8991900000,334200000,9433700000,None,None,None,834700000,7717800000,206900000,None,91900000,USD,-256600000,-125800000,-179300000,-520000000,239200000,246700000,7500000,-27000000,-352400000,57600000,-9800000,284700000,689700000,None,-20900000,23700000,8600000,-561500000,390800000,31800000,None,57600000,17.88,20.42
7,2018-09-30,USD,821000000,-96800000,301300000,-301300000,-200600000,-352400000,49500000,0,-352000000,94000000,169700000,3900000,-204500000,-654700000,147400000,None,None,None,0,338700000,0,400000,-486200000,0,-352400000,-352400000,None,USD,7528900000,2026900000,None,269700000,10147500000,-2618600000,140000000,359300000,1100000,-3031100000,340100000,3308200000,117700000,150600000,1072400000,46800000,46800000,-236200000,542400000,1309800000,246200000,-7953700000,37100000,651100000,8735000000,238400000,1025600000,0,0,1100000,0,-3031100000,-175200000,None,95400000,None,6219100000,None,8735000000,200100000,9075100000,None,None,None,822800000,7528900000,150600000,None,91400000,USD,1000000,372600000,-92200000,92600000,-110000000,-133300000,-23300000,-27000000,-351600000,-2000000,223500000,23600000,124100000,0,0,23700000,6700000,199900000,92600000,None,None,-2000000,25.4,17.88
8,2018-06-30,USD,844700000,-415400000,315900000,-315900000,105800000,-5800000,49200000,0,-5800000,0,173900000,6300000,99500000,-672000000,146100000,None,None,None,0,33500000,0,-6200000,-138800000,0,-5800000,-5800000,None,USD,7612900000,2113200000,None,248800000,9881300000,-2268400000,137500000,29100000,1100000,-2679500000,348600000,3312800000,128700000,151900000,687500000,48700000,48700000,-231000000,520200000,1318400000,257200000,-7694400000,33300000,685800000,8845200000,231900000,638800000,0,0,1100000,0,-2679500000,-175200000,None,91100000,None,6294500000,None,8845200000,211100000,9193800000,None,None,None,816200000,7612900000,151900000,None,91400000,USD,75200000,-50400000,-166000000,112500000,100000000,76000000,-24000000,-27000000,-5800000,12500000,102500000,-66600000,130300000,0,0,23700000,-15000000,169100000,112500000,None,None,12500000,49.15,25.4
9,2018-03-31,USD,811800000,465700000,296700000,515100000,-39700000,-189400000,53800000,0,-195600000,0,171600000,-89100000,49400000,188100000,154800000,None,None,None,0,52200000,0,-6200000,-316200000,0,-189400000,-189400000,None,USD,7737200000,2230800000,None,249700000,9933300000,-2196100000,143300000,20300000,1100000,-2673700000,362200000,3372500000,135400000,144000000,756300000,50400000,50400000,-147600000,505300000,1311200000,224200000,-7799400000,34100000,686300000,8814800000,231200000,705900000,0,0,1100000,0,-2673700000,-175200000,None,93200000,None,6426000000,None,8794000000,239700000,9177000000,None,None,None,799300000,7737200000,144000000,None,90700000,USD,1500000,-108300000,-360600000,88000000,-319600000,-345600000,-26000000,-27000000,-201800000,-676300000,29900000,-279300000,130200000,0,0,23700000,31500000,309200000,88000000,None,None,-676300000,41.6,49.15
10,2017-12-31,USD,823000000,410900000,314900000,508100000,102700000,-51900000,45800000,0,-47500000,0,167700000,5500000,97200000,169600000,150200000,None,None,None,0,27800000,0,4400000,-674100000,0,-51900000,-51900000,None,USD,7725300000,1944000000,None,131100000,9752300000,-2027000000,73100000,509100000,1100000,-2461000000,203100000,2956100000,5280700000,817800000,739800000,40300000,32600000,-199700000,568200000,1876400000,306700000,-6927100000,29000000,684400000,8736300000,243100000,699500000,0,0,1100000,0,-2461000000,-175200000,None,73900000,None,5848900000,None,8736300000,203100000,9012500000,None,None,None,807800000,7725300000,817800000,None,89900000,USD,-107300000,64500000,-176700000,224300000,670600000,653300000,-17300000,-35900000,-242300000,594700000,118100000,202500000,682800000,0,0,-2200000,-48000000,-539200000,293700000,-48000000,None,589900000,51.3,41.6
11,2017-09-30,USD,768900000,387500000,290800000,478100000,85400000,-67700000,47800000,0,-63500000,0,158800000,-5200000,90600000,173100000,148900000,None,None,None,0,7800000,0,4200000,0,0,-67700000,-67700000,None,USD,7062400000,2024500000,None,135800000,9038900000,-1976500000,80900000,452300000,1100000,-2417900000,238500000,2961300000,5269800000,223400000,670600000,39900000,41600000,-193000000,567200000,1225400000,212800000,-6962300000,27000000,611000000,8048900000,255200000,630700000,0,0,1100000,0,-2417900000,-175200000,None,71200000,None,5837000000,None,8048900000,238500000,8368300000,None,None,None,808500000,7062400000,223400000,None,89600000,USD,1500000,100000,-78000000,-78000000,-24600000,-34600000,-10000000,-17500000,0,-3100000,109500000,-77900000,0,0,0,0,0,187400000,214100000,None,2000000,-1100000,45.85,51.3
12,2017-06-30,USD,766300000,370100000,278900000,487400000,118500000,-26300000,48100000,0,-32700000,0,145900000,1200000,117300000,175000000,151200000,None,None,None,0,1100000,0,-6400000,0,0,-26300000,-26300000,None,USD,7066000000,2089000000,None,117600000,9064100000,-1998100000,78200000,434400000,1000000,-2358600000,236300000,2930700000,5294100000,224200000,686900000,39500000,8105300000,-265800000,574800000,1197100000,207900000,-7017800000,26000000,602600000,8062700000,252700000,647400000,0,0,1000000,0,-2358600000,-175200000,None,66500000,None,5868900000,None,8062700000,236300000,8377200000,None,None,None,800500000,7066000000,224200000,None,89400000,USD,21100000,4700000,-80400000,-80400000,-500000,-23400000,-22900000,-5300000,0,64700000,168500000,-127300000,0,0,0,0,0,406800000,140200000,None,300000,65000000,26.1,45.85
13,2017-03-31,USD,725400000,357400000,280000000,445400000,75300000,-67400000,42400000,0,-84100000,0,140700000,-12700000,88000000,165100000,159400000,None,None,None,0,9200000,0,-16700000,0,0,-67400000,-67400000,None,USD,7073200000,2157400000,None,113200000,9068400000,-1995200000,75600000,463300000,1000000,-2319500000,238900000,2906100000,5368300000,159000000,685500000,39300000,8112300000,-297500000,584700000,1120200000,235700000,-7058700000,27100000,594500000,8068400000,253500000,646200000,0,0,1000000,0,-2319500000,-175200000,None,69100000,None,5953000000,None,8068400000,238900000,8382900000,None,None,None,796000000,7073200000,159000000,None,88700000,USD,1300000,0,-79500000,-79500000,-3200000,-15100000,-11900000,-1100000,0,16400000,111000000,None,0,0,0,0,0,39700000,61300000,None,2500000,18900000,23.65,26.1
14,2016-12-31,USD,23000000,465000000,299500000,-276500000,-12300000,-243800000,49400000,0,-177300000,0,137000000,None,-12300000,173300000,165000000,None,None,None,0,105300000,0,66500000,-737900000,0,-243800000,-243800000,None,USD,7087400000,2177400000,None,114100000,9023100000,-1935700000,70200000,454200000,1000000,-2218700000,235600000,2888400000,5358600000,139800000,692400000,49300000,49300000,-333600000,612200000,1116600000,228000000,-7001500000,24700000,620400000,8024900000,242300000,643100000,0,0,1000000,0,-2218700000,-175200000,None,64800000,None,5970800000,None,8024900000,235600000,8330700000,None,None,None,790800000,7087400000,139800000,None,88000000,USD,-1200000,-40600000,-43900000,230200000,-17200000,-34300000,-17100000,21300000,-110800000,-2000000,76200000,13200000,173300000,0,0,32800000,30000000,31800000,196100000,-23500000,-3800000,-5800000,14.0,23.65
15,2016-09-30,USD,720000000,412200000,274300000,445700000,46800000,-138300000,53900000,0,-118600000,0,152800000,13300000,33500000,191700000,165400000,None,None,None,0,13800000,0,19700000,0,0,-138300000,-138300000,None,USD,7376600000,2272100000,None,126000000,9126600000,-1750000000,129900000,495300000,1000000,-2107900000,244400000,2991000000,5577200000,145200000,718500000,49600000,49600000,-249600000,663800000,1135600000,250100000,-7013100000,24300000,594300000,8033800000,270100000,668900000,0,0,1000000,0,-2107900000,-175200000,None,64000000,None,6241000000,None,8033800000,244400000,8408100000,None,None,None,781700000,7376600000,145200000,None,87600000,USD,1500000,73700000,-80000000,-156800000,-42400000,-52200000,-9800000,66100000,-98900000,18700000,150900000,19300000,191700000,0,0,-26900000,53500000,-47100000,214400000,39100000,800000,19500000,11.27,14.0
16,2016-06-30,USD,1458400000,393900000,276200000,1182200000,94000000,-90900000,51700000,0,-71300000,0,144900000,34900000,59100000,193100000,165300000,None,None,None,0,4200000,0,19600000,0,0,-90900000,-90900000,None,USD,7465100000,2335100000,None,120900000,9132000000,-1666900000,173900000,417100000,1000000,-2009000000,245100000,2992500000,5632500000,125900000,645400000,49700000,None,-254800000,695500000,1137100000,243600000,-6994500000,24500000,641300000,8067600000,249000000,595700000,0,0,1000000,0,-2009000000,-175200000,None,61300000,None,6328000000,None,8067600000,245100000,8486600000,None,None,None,771100000,7465100000,125900000,None,87500000,USD,None,-20100000,-59000000,-12500000,-52600000,-72400000,-19800000,None,-51700000,-40600000,90800000,11300000,193100000,0,0,7200000,14400000,-39800000,46500000,-9200000,-3700000,-44300000,9.19,11.27
17,2016-03-31,USD,1364000000,375400000,256300000,1107700000,54200000,-130700000,49800000,0,-111500000,0,142300000,3900000,50300000,180600000,165700000,None,None,None,0,2700000,0,19200000,0,0,-130700000,-130700000,None,USD,7690700000,2415900000,None,124700000,9274600000,-1583900000,214800000,450600000,1000000,-1957300000,253600000,3012000000,5770500000,166900000,669100000,50000000,None,-224600000,734800000,1185400000,277500000,-7011800000,21200000,633900000,8137100000,259900000,619100000,0,0,1000000,0,-1957300000,-175200000,None,65100000,None,6505300000,None,8137100000,253600000,8605500000,None,None,None,772200000,7690700000,166900000,None,87000000,USD,None,1700000,-48800000,-18500000,-27500000,-37100000,-9600000,None,-92300000,15200000,101100000,3900000,180600000,0,0,-10600000,23600000,-5800000,30300000,23600000,1800000,17000000,9.43,9.19
18,2015-12-31,USD,737000000,868000000,323400000,413600000,-451100000,-109700000,43100000,0,-618500000,0,144100000,3300000,-454400000,210300000,167400000,None,None,None,0,470500000,0,91000000,-1899300000,0,-709500000,-109700000,None,USD,7732200000,2405900000,None,123300000,9227700000,-1495500000,228200000,443800000,1000000,-1865000000,188900000,3013700000,5762700000,148900000,653900000,50300000,58200000,-222200000,794000000,1175500000,279800000,-6915100000,20200000,654800000,8156700000,248500000,603600000,0,0,1000000,0,-1865000000,-175200000,None,63300000,None,6556700000,None,8156700000,188900000,8573800000,None,None,None,765900000,7732200000,148900000,None,86500000,USD,-12000000,39700000,-86600000,-34600000,-32500000,-42300000,-8900000,101500000,-527500000,29800000,158700000,89700000,210300000,0,-900000,-7500000,26400000,371300000,49300000,-17300000,-3200000,26600000,8.97,9.43
19,2015-09-30,USD,671600000,1009800000,250000000,421600000,-592700000,-840800000,45900000,0,-759500000,0,136800000,-4500000,-588200000,286500000,166800000,None,None,None,0,540600000,0,81300000,0,0,-840800000,-840800000,None,USD,8615100000,2467800000,None,199500000,9595900000,-980800000,400500000,443600000,1000000,-1337500000,221200000,3485200000,6477200000,119300000,614400000,50400000,None,-230500000,868400000,1269500000,284600000,-6933800000,17200000,706900000,8359800000,243800000,564000000,0,0,1000000,0,-1337500000,-175200000,None,239600000,None,7345600000,None,8359800000,221200000,8981500000,None,None,None,761400000,8615100000,119300000,None,86200000,USD,9300000,19000000,-79100000,-31700000,-72600000,-86400000,-13800000,None,-678200000,-24400000,141100000,1000000,286500000,0,0,18400000,43700000,474400000,47400000,20000000,-2600000,-27000000,10.45,8.97
