,fiscalDateEnding,reportedCurrency_x,totalRevenue,totalOperatingExpense,costOfRevenue,grossProfit,ebit,netIncome_x,researchAndDevelopment,effectOfAccountingCharges,incomeBeforeTax,minorityInterest,sellingGeneralAdministrative,otherNonOperatingIncome,operatingIncome,otherOperatingExpense,interestExpense,taxProvision,interestIncome,netInterestIncome,extraordinaryItems,nonRecurring,otherItems,incomeTaxExpense,totalOtherIncomeExpense,discontinuedOperations,netIncomeFromContinuingOperations,netIncomeApplicableToCommonShares,preferredStockAndOtherAdjustments,reportedCurrency_y,totalAssets,intangibleAssets,earningAssets,otherCurrentAssets,totalLiabilities,totalShareholderEquity,deferredLongTermLiabilities,otherCurrentLiabilities,commonStock,retainedEarnings,otherLiabilities,goodwill,otherAssets,cash,totalCurrentLiabilities,shortTermDebt,currentLongTermDebt,otherShareholderEquity,propertyPlantEquipment,totalCurrentAssets,longTermInvestments,netTangibleAssets,shortTermInvestments,netReceivables,longTermDebt,inventory,accountsPayable,totalPermanentEquity,additionalPaidInCapital,commonStockTotalEquity,preferredStockTotalEquity,retainedEarningsTotalEquity,treasuryStock,accumulatedAmortization,otherNonCurrrentAssets,deferredLongTermAssetCharges,totalNonCurrentAssets,capitalLeaseObligations,totalLongTermDebt,otherNonCurrentLiabilities,totalNonCurrentLiabilities,negativeGoodwill,warrants,preferredStockRedeemable,capitalSurplus,liabilitiesAndShareholderEquity,cashAndShortTermInvestments,accumulatedDepreciation,commonStockSharesOutstanding,reportedCurrency,investments,changeInLiabilities,cashflowFromInvestment,otherCashflowFromInvestment,netBorrowings,cashflowFromFinancing,otherCashflowFromFinancing,changeInOperatingActivities,netIncome_y,changeInCash,operatingCashflow,otherOperatingCashflow,depreciation,dividendPayout,stockSaleAndPurchase,changeInInventory,changeInAccountReceivables,changeInNetIncome,capitalExpenditures,changeInReceivables,changeInExchangeRate,changeInCashAndCashEquivalents,clossingVal,nextClossingVal
0,2020-06-30,USD,169526000,126524000,60298000,169526000,44575000,29247000,None,None,39531000,None,31394000,1573000,43002000,95130000,5044000,10284000,None,-5044000,None,None,None,10284000,1573000,None,29247000,29247000,None,USD,1880580000,285081000,None,56392000,1369123000,511457000,8329000,53193000,511457000,472537000,214270000,149070000,54311000,143712000,145327000,31689000,31689000,-5739000,703012000,299533000,12661000,77306000,None,96134000,672601000,3295000,60445000,None,None,None,None,472537000,None,None,376912000,54311000,1581047000,379498000,672601000,551195000,1223796000,None,None,None,44659000,1880580000,143712000,None,49852000,USD,-35515000,-5556000,-35515000,-1188000,-8531000,-8836000,-305000,23283000,29247000,23480000,67831000,31493000,31459000,None,None,3776000,-31116000,8528000,34327000,-31116000,None,23480000,49.29,
1,2020-03-31,USD,153188000,130138000,62236000,153188000,23783000,13280000,None,None,17572000,None,30991000,733000,23050000,99147000,6211000,4292000,-6211000,-6211000,None,None,None,4292000,733000,None,13280000,13280000,None,USD,1850777000,299458000,None,60923000,1370127000,480650000,7634000,52618000,480650000,443290000,201917000,149070000,53436000,120232000,139644000,31672000,31672000,-5798000,695920000,257909000,12011000,32122000,None,69683000,680531000,7071000,55354000,None,None,None,None,443290000,None,None,382973000,53436000,1592868000,389567000,680531000,549952000,1230483000,None,None,None,43158000,1850777000,120232000,None,49842000,USD,-32025000,-18089000,-32025000,274000,-8530000,-10502000,-1972000,5559000,13280000,18581000,61108000,26669000,33142000,None,None,-1343000,2543000,4906000,32299000,2543000,None,18581000,49.25,49.29
2,2019-12-31,USD,160747000,138117000,69152000,160747000,23029000,13521000,None,None,16292000,None,29470000,149000,22880000,108647000,6487000,2771000,-6487000,-6487000,None,None,None,2771000,-101000,None,13521000,13521000,None,USD,1860691000,314147000,None,57805000,1391269000,469422000,6107000,50925000,None,427004000,201439000,149070000,52100000,101651000,147336000,31650000,31650000,308000,700114000,239031000,12388000,6205000,None,73847000,688464000,5728000,64761000,None,None,None,None,427004000,None,None,392589000,53352000,1621660000,395100000,688464000,555469000,1243933000,None,None,None,42110000,1860691000,101651000,None,49671000,USD,-31710000,-35536000,-31710000,44000,-8531000,-29740000,10000,10540000,13521000,4236000,65686000,18736000,34631000,-13943000,-7276000,-1167000,-2770000,38271000,31754000,-2770000,None,4236000,41.61,49.25
3,2019-09-30,USD,155152000,129793000,65989000,155152000,26458000,14354000,None,None,18953000,None,27178000,1099000,25359000,102615000,7505000,4599000,-7505000,-7505000,None,None,None,4599000,1099000,None,14354000,14354000,None,USD,1850866000,328831000,None,56597000,1375012000,475854000,6056000,52305000,None,427925000,184967000,149070000,49933000,97415000,132055000,31634000,31634000,-154000,688516000,221640000,11851000,-2047000,None,63067000,696378000,4561000,48116000,None,None,None,None,427925000,None,None,400489000,50469000,1629226000,405879000,696378000,546579000,1242957000,None,None,None,48083000,1850866000,97415000,None,49857000,USD,-44605000,886000,-44605000,-16691000,-19889000,-19898000,-9000,6056000,14354000,-676000,63827000,22196000,33099000,-13943000,-2831000,2005000,-333000,-8380000,27914000,-333000,None,-676000,31.77,41.61
4,2019-06-30,USD,158914000,134894000,65371000,158914000,25196000,13150000,None,None,17674000,None,27170000,1176000,24020000,107724000,7522000,4524000,-7522000,-7522000,None,None,None,4524000,1176000,None,13150000,13150000,None,USD,1822040000,324890000,None,53786000,1359991000,462049000,None,50855000,None,413571000,183646000,149070000,47196000,98091000,127781000,27939000,27939000,1340000,695725000,222148000,11563000,-11911000,None,63705000,719067000,6566000,48987000,None,None,None,None,413571000,None,None,369715000,48929000,1599892000,372526000,719067000,513143000,1232210000,None,None,None,47138000,1822040000,98091000,None,49857000,USD,-34644000,3711000,-34644000,52000,-4888000,-5093000,-214000,19534000,13150000,28232000,67969000,18615000,38610000,-13943000,9000,674000,-1434000,-5357000,34704000,-1434000,None,28232000,38.52,31.77
5,2019-03-31,USD,159093000,134056000,64155000,159093000,25824000,13910000,None,None,18120000,None,28722000,1037000,24787000,105334000,7954000,4210000,-7704000,-7954000,None,None,None,4210000,1287000,None,13910000,13910000,None,USD,1799712000,339714000,None,52533000,1347098000,452614000,48325000,47495000,452614000,400421000,177146000,149070000,8693000,69859000,119121000,24293000,24293000,5552000,701980000,187785000,11274000,-36170000,None,58153000,726970000,7240000,47333000,None,None,None,None,400421000,None,None,361564000,48325000,1611927000,363347000,726970000,501007000,1227977000,None,None,None,46641000,1799712000,69859000,None,49844000,USD,-8000,-877000,-54375000,-9947000,-19889000,-22515000,-2698000,-8861000,13910000,-15227000,61663000,29348000,36483000,-13943000,72000,-1975000,-3127000,-12099000,44420000,-3127000,None,-15227000,44.36,38.52
6,2018-12-31,USD,165974000,134490000,65270000,165974000,33089000,18408000,0,0,25039000,0,-71371000,1218000,31871000,205861000,7663000,None,None,None,0,0,0,6631000,-6832000,0,18408000,18408000,None,USD,1484766000,366029000,None,60162000,1042519000,442247000,41568000,7919000,442247000,386511000,204356000,146497000,43347000,85086000,88539000,20618000,20618000,8280000,701359000,210202000,10788000,-70279000,None,59689000,749624000,5265000,60002000,None,None,None,None,386511000,None,None,None,49891000,1274564000,None,749624000,204356000,953980000,None,None,None,47456000,1484766000,85086000,None,49630000,USD,2000,3617000,-44030000,300000,-8860000,-22938000,-1212000,792000,14852000,9879000,76847000,8148000,36303000,-12866000,-3245000,-302000,5731000,8498000,44332000,5731000,None,9879000,44.25,44.36
7,2018-09-30,USD,158819000,130402000,62725000,158819000,29295000,15534000,0,0,20382000,0,27452000,966000,28329000,102950000,9001000,None,None,None,0,0,0,4848000,-7947000,0,15534000,15534000,None,USD,1469827000,381537000,None,63383000,1024842000,444985000,36260000,7415000,0,385045000,193182000,146497000,43678000,75207000,137615000,84743000,84743000,12590000,669709000,206065000,12296000,-83049000,0,62513000,694045000,4962000,45457000,0,0,0,0,385045000,0,None,None,53723000,1263762000,None,694045000,193182000,887227000,None,None,None,47350000,1469827000,75207000,None,49559000,USD,2000,-7229000,-29892000,93000,-22125000,-22126000,-1000,-17326000,19090000,9638000,61656000,-764000,35472000,-12866000,0,1244000,5568000,8275000,29987000,5568000,None,9638000,38.75,44.25
8,2018-06-30,USD,154086000,135332000,64125000,154086000,19481000,7824000,0,0,10686000,0,79049000,783000,18698000,56283000,8851000,None,None,None,0,0,0,2862000,-8012000,0,7824000,7824000,None,USD,1452856000,396908000,None,64163000,1034666000,418190000,15953000,19936000,0,359893000,180604000,146497000,23432000,65569000,138797000,84631000,84631000,12125000,668339000,195142000,11949000,-125215000,0,59203000,715265000,6207000,54166000,0,0,0,0,359893000,0,None,None,34021000,1257714000,None,715265000,180604000,895869000,None,None,None,46172000,1452856000,65569000,None,49558000,USD,-4000,6658000,-37760000,184000,-12125000,-12403000,-278000,12990000,7824000,16121000,66284000,31945000,36239000,-12866000,0,1954000,-14331000,-4005000,37940000,-14331000,None,16121000,32.7,38.75
9,2018-03-31,USD,151700000,137384000,65147000,151700000,15369000,4829000,0,0,6005000,0,78092000,1021000,14348000,59292000,9332000,None,None,None,0,0,0,1176000,-8343000,0,4829000,4829000,None,USD,1458966000,413537000,None,64200000,1050530000,408436000,20242000,19160000,45075000,352069000,183539000,146497000,20242000,49448000,130604000,74486000,74486000,11292000,672017000,181264000,11717000,-151598000,0,59455000,736387000,8161000,56118000,0,0,45075000,0,352069000,0,None,None,33934000,1277702000,None,736387000,183539000,919926000,None,None,None,None,1458966000,49448000,None,49539000,USD,1000,-1703000,-76118000,-51737000,-12125000,-13879000,-1754000,-5259000,4829000,-29137000,60860000,21888000,37763000,-12866000,0,-2457000,3271000,-2731000,24382000,3271000,None,-29137000,36.0,32.7
10,2017-12-31,USD,152869000,134961000,47031000,152869000,19419000,60595000,0,0,9292000,0,40563000,1309000,18110000,93241000,9925000,None,None,None,0,1157000,0,-51303000,-52886000,0,60595000,60595000,None,USD,1411860000,380979000,None,17111000,1061638000,350222000,2914000,44234000,44787000,297205000,65614000,146497000,552638000,78585000,137584000,64397000,64397000,8230000,686327000,172895000,11472000,-177254000,0,71495000,757561000,5704000,73187000,0,0,44787000,0,297205000,0,None,None,13690000,1238965000,None,757561000,166493000,924054000,None,None,None,None,1411860000,78585000,None,49328000,USD,10000,-6206000,-36420000,624000,-12125000,-24687000,-5411000,-3993000,60595000,3118000,64225000,349000,38795000,-12257000,0,1735000,16451000,-41076000,37054000,10033000,None,3118000,33.8,36.0
11,2017-09-30,USD,151984000,142307000,54154000,151984000,10478000,3534000,0,0,857000,0,42199000,1003000,9475000,98402000,9823000,None,None,None,0,1706000,0,-2677000,-221000,0,3534000,3534000,None,USD,1447072000,421672000,None,18226000,1147727000,299345000,14111000,43759000,43908000,249419000,97448000,146497000,590500000,75467000,129537000,54316000,54316000,6018000,683355000,173217000,11319000,-268824000,0,72085000,778686000,7439000,75221000,0,0,43908000,0,249419000,0,None,None,11012000,1273855000,None,778686000,239504000,1018190000,None,None,None,None,1447072000,75467000,None,50000000,USD,-3000,11193000,-40585000,87000,-12125000,-15633000,-5411000,2630000,3534000,15693000,71911000,11456000,37845000,0,-3508000,6555000,6418000,106000,40669000,1222000,None,15693000,37.2,33.8
12,2017-06-30,USD,153258000,145006000,53646000,153258000,9549000,-80000,0,0,160000,0,43022000,1297000,8252000,98306000,9389000,None,None,None,0,3678000,0,240000,-31000,0,-80000,-80000,None,USD,1442999000,436656000,None,16765000,1144336000,298663000,10531000,45535000,46766000,245885000,89142000,146497000,605467000,59774000,112215000,44247000,844029000,6012000,679463000,158069000,10849000,-284490000,0,67536000,799782000,13994000,67968000,0,0,46766000,0,245885000,0,None,None,11465000,1284930000,None,799782000,232339000,1032121000,None,None,None,None,1442999000,59774000,None,49000000,USD,18000,1506000,-36009000,-5848000,-6063000,-6440000,-5411000,7849000,-80000,19847000,62296000,15454000,40084000,0,-377000,10861000,5196000,-9096000,30179000,3567000,None,19847000,30.7,37.2
13,2017-03-31,USD,153880000,143207000,52703000,153880000,12048000,2341000,0,0,2948000,0,40153000,1375000,10673000,98565000,9100000,None,None,None,0,4489000,0,607000,1255000,0,2341000,2341000,None,USD,1452989000,443308000,None,16989000,1153554000,299435000,7735000,42881000,46083000,245965000,82565000,144001000,612561000,39927000,110353000,38124000,38124000,7387000,689948000,150480000,10607000,-287874000,0,68709000,810873000,24855000,72229000,0,0,46083000,0,245965000,0,None,None,14645000,1302509000,None,810873000,232328000,1043201000,None,None,None,None,1452989000,39927000,None,50000000,USD,-11000,-48977000,-38481000,117000,18938000,17717000,-5411000,-11960000,2341000,3734000,24498000,17509000,39080000,0,-1221000,14188000,1629000,-1272000,38587000,1629000,None,3734000,28.05,30.7
14,2016-12-31,USD,155572000,144279000,52866000,155572000,13564000,-185000,0,0,4830000,0,37504000,2271000,11293000,99869000,8734000,None,None,None,0,6906000,0,5015000,-64849000,0,-185000,-185000,None,USD,1484407000,454532000,None,16440000,1188513000,295894000,2638000,58977000,45482000,243624000,75189000,145256000,624820000,36193000,164263000,32041000,32041000,6788000,698122000,161465000,10276000,-303894000,0,69789000,797224000,39043000,132222000,0,0,45482000,0,243624000,0,None,None,14756000,1322942000,None,797224000,227026000,1024250000,None,None,None,None,1484407000,36193000,None,48935000,USD,99000,11740000,-54256000,16026000,18938000,7238000,-14910000,5898000,-184000,8662000,55680000,16350000,41045000,-11705000,5000,-24154000,14581000,4205000,70381000,6678000,None,8662000,27.3,28.05
15,2016-09-30,USD,156836000,160765000,57617000,156836000,-2402000,-7596000,0,0,-11247000,0,40369000,1527000,-3929000,105124000,8845000,None,None,None,0,15272000,0,-3651000,1162000,0,-7596000,-7596000,None,USD,1433625000,603814000,None,17759000,351724000,298306000,8819000,25972000,44427000,253879000,69294000,145413000,624355000,27531000,135464000,25972000,25972000,-2158000,667741000,141529000,15063000,1081901000,2167000,79944000,783595000,14128000,109492000,0,0,44427000,0,256037000,0,None,609292000,None,1292096000,None,None,216260000,216260000,None,None,None,None,1433625000,29698000,None,49000000,USD,2743000,-19948000,-51040000,-11056000,-6559000,-7053000,None,11128000,-7596000,-13040000,45053000,17831000,42906000,0,-494000,5290000,7903000,-3740000,42727000,12235000,None,-13040000,27.21,27.3
16,2016-06-30,USD,130309000,136459000,49975000,130309000,-5983000,-6995000,0,0,-11887000,0,33694000,167000,-6150000,82711000,5904000,None,None,None,0,20054000,0,-4892000,874000,0,-6995000,-6995000,None,USD,1455841000,615876000,None,31088000,356308000,304107000,8968000,20147000,44344000,263633000,75653000,151730000,644207000,42738000,138474000,20147000,20147000,-3870000,653523000,158111000,4950000,1099533000,2167000,704123000,795426000,19419000,118327000,0,0,44344000,0,263633000,0,None,None,None,658473000,None,None,217834000,217834000,None,None,None,None,1455841000,42738000,None,49000000,USD,8000,51080000,-691890000,-652312000,626196000,625678000,None,23043000,-6996000,-48589000,17623000,16908000,26087000,0,-518000,-11157000,4332000,-51497000,39586000,-6802000,None,-48589000,39.06,27.21
17,2016-03-31,USD,92571000,71259000,31762000,92571000,21868000,13881000,0,0,20249000,0,21758000,556000,21312000,49501000,1619000,None,None,None,0,0,0,6368000,0,0,13881000,13881000,None,USD,629372000,67283000,None,18483000,154568000,303269000,80116000,21785000,33274000,270628000,27788000,0,89466000,89160000,55013000,22508000,None,-633000,410949000,128957000,None,474804000,0,106330000,171535000,4450000,32505000,0,0,33274000,0,270628000,0,None,None,None,410949000,None,171535000,19439000,99555000,None,None,None,None,629372000,89160000,None,49000000,USD,45000,-1664000,-22827000,-2335000,-7278000,-7995000,None,None,13881000,12348000,43170000,8177000,17871000,0,-717000,-267000,2470000,2702000,20537000,2470000,None,12348000,26.75,39.06
18,2015-12-31,USD,87283000,65564000,29789000,87285000,22326000,12108000,0,0,20635000,0,17797000,605000,21514000,47373000,1692000,None,None,None,0,3546000,0,8527000,-9042000,0,12108000,12108000,None,USD,628740000,66993000,None,19252000,160552000,289938000,83010000,25228000,32776000,257162000,24447000,10000,90775000,76812000,61237000,23000000,22492000,415000,410018000,127947000,9395000,468188000,0,118475000,178250000,4183000,38237000,0,0,32776000,0,256747000,0,None,None,None,410018000,None,178250000,16305000,99315000,None,None,None,None,628740000,76812000,None,49000000,USD,16000,6870000,-29898000,121000,-5810000,-16776000,24000,-4595000,12108000,-10476000,36198000,-9843000,17720000,-11085000,95000,206000,-1047000,7195000,30035000,1942000,None,-10476000,43.05,26.75
19,2015-09-30,USD,85212000,70123000,30571000,85212000,15269000,7996000,0,0,13461000,0,20435000,180000,15089000,49688000,1808000,None,None,None,0,0,0,5465000,0,0,7996000,7996000,None,USD,620244000,67274000,None,16576000,148803000,287441000,75424000,24068000,31611000,256268000,24541000,0,90181000,87288000,56751000,23000000,None,-438000,398435000,131628000,None,471441000,0,112937000,184000000,5008000,33751000,0,0,31611000,0,256268000,0,None,None,None,398435000,None,184000000,16628000,92052000,None,None,None,None,620244000,87288000,None,49000000,USD,35000,1222000,-14284000,190000,-13570000,-13418000,205000,None,7996000,-4849000,22853000,-342000,19259000,0,-53000,700000,0,-3332000,14509000,-2650000,None,-4849000,42.81,43.05
