,fiscalDateEnding,reportedCurrency_x,totalRevenue,totalOperatingExpense,costOfRevenue,grossProfit,ebit,netIncome_x,researchAndDevelopment,effectOfAccountingCharges,incomeBeforeTax,minorityInterest,sellingGeneralAdministrative,otherNonOperatingIncome,operatingIncome,otherOperatingExpense,interestExpense,taxProvision,interestIncome,netInterestIncome,extraordinaryItems,nonRecurring,otherItems,incomeTaxExpense,totalOtherIncomeExpense,discontinuedOperations,netIncomeFromContinuingOperations,netIncomeApplicableToCommonShares,preferredStockAndOtherAdjustments,reportedCurrency_y,totalAssets,intangibleAssets,earningAssets,otherCurrentAssets,totalLiabilities,totalShareholderEquity,deferredLongTermLiabilities,otherCurrentLiabilities,commonStock,retainedEarnings,otherLiabilities,goodwill,otherAssets,cash,totalCurrentLiabilities,shortTermDebt,currentLongTermDebt,otherShareholderEquity,propertyPlantEquipment,totalCurrentAssets,longTermInvestments,netTangibleAssets,shortTermInvestments,netReceivables,longTermDebt,inventory,accountsPayable,totalPermanentEquity,additionalPaidInCapital,commonStockTotalEquity,preferredStockTotalEquity,retainedEarningsTotalEquity,treasuryStock,accumulatedAmortization,otherNonCurrrentAssets,deferredLongTermAssetCharges,totalNonCurrentAssets,capitalLeaseObligations,totalLongTermDebt,otherNonCurrentLiabilities,totalNonCurrentLiabilities,negativeGoodwill,warrants,preferredStockRedeemable,capitalSurplus,liabilitiesAndShareholderEquity,cashAndShortTermInvestments,accumulatedDepreciation,commonStockSharesOutstanding,reportedCurrency,investments,changeInLiabilities,cashflowFromInvestment,otherCashflowFromInvestment,netBorrowings,cashflowFromFinancing,otherCashflowFromFinancing,changeInOperatingActivities,netIncome_y,changeInCash,operatingCashflow,otherOperatingCashflow,depreciation,dividendPayout,stockSaleAndPurchase,changeInInventory,changeInAccountReceivables,changeInNetIncome,capitalExpenditures,changeInReceivables,changeInExchangeRate,changeInCashAndCashEquivalents,clossingVal,nextClossingVal
0,2020-06-30,USD,9042000,14749000,12712000,-3670000,-6056000,-11286000,None,None,-11286000,None,1786000,None,-5707000,None,5230000,None,None,-5556000,None,None,None,None,-23000,None,-11286000,-11286000,None,USD,295916000,None,None,None,237893000,58023000,4929000,None,3000,-395870000,4364000,None,7423000,30403000,23311000,None,None,None,252416000,30403000,None,58023000,None,None,192625000,None,None,None,None,None,None,None,None,None,12665000,None,265513000,None,None,21957000,214582000,None,None,None,None,None,None,None,None,USD,None,None,None,None,None,None,None,None,-11286000,None,None,None,None,None,None,None,None,None,0,None,None,None,2.14,
1,2020-03-31,USD,13339000,16009000,14398000,-1059000,-2655000,-8343000,None,None,-8343000,None,1359000,None,-2670000,None,5688000,None,-5688000,-5688000,None,None,None,None,15000,None,-8343000,-8343000,None,USD,271386000,None,None,None,249489000,21897000,None,None,21897000,None,32126000,None,14118000,6182000,23271000,178325000,None,21897000,251086000,6182000,None,21897000,None,None,194092000,None,None,None,None,None,None,None,None,None,14118000,None,265204000,None,15767000,32126000,226218000,None,None,None,None,None,6182000,None,None,USD,None,0,None,None,None,None,None,None,-8343000,None,None,None,None,None,None,None,None,None,0,None,None,None,0.15,2.14
2,2019-12-31,USD,27769000,18155000,16110000,11659000,-56000,3098000,None,None,3152000,None,1798000,None,9614000,None,-3208000,54000,-5675000,-5623000,None,None,None,54000,-839000,None,3098000,3098000,None,USD,282551000,None,None,1252000,252693000,29858000,4677000,28533000,3000,-376241000,3074000,None,6031000,13654000,237281000,185654000,185654000,None,254593000,21927000,None,29858000,None,1763000,12020000,3862000,16105000,None,None,None,None,None,None,None,29000,None,260624000,426000,12020000,30782000,15412000,None,None,None,406096000,None,13654000,None,None,USD,None,0,None,None,None,None,None,None,3098000,None,None,None,None,None,None,None,None,None,0,None,None,None,0.55,0.15
3,2019-09-30,USD,23959000,17128000,15863000,8096000,6844000,747000,None,None,747000,None,1017000,None,6831000,None,6097000,None,-6097000,-6097000,None,None,None,None,13000,None,747000,747000,None,USD,278706000,None,None,None,252109000,26597000,None,23585000,26597000,None,28665000,None,28215000,15398000,23585000,187061000,None,26597000,235093000,15398000,None,26597000,None,None,199859000,None,None,None,None,None,None,None,None,None,28215000,None,263308000,None,12798000,28665000,228524000,None,None,None,None,None,15398000,None,24000000,USD,None,0,None,None,None,None,None,None,747000,None,None,None,None,None,None,None,None,None,0,None,None,None,0.48,0.55
4,2019-06-30,USD,18758000,19885000,18150000,608000,-2314000,-6900000,None,None,-6900000,None,1488000,None,-1127000,None,4586000,None,-5709000,-5709000,None,None,None,59000,-64000,None,-6900000,-6900000,None,USD,269529000,None,None,917000,243997000,25532000,5623000,2373000,2000,-380086000,None,None,9558000,12020000,79622000,188327000,52863000,25532000,238716000,21255000,None,25532000,None,1739000,146565000,4426000,14579000,None,None,None,None,None,None,None,530000,None,248274000,432000,11101000,21655000,164375000,None,None,None,None,None,12940000,None,None,USD,None,0,None,None,None,None,None,None,-6900000,None,None,None,None,None,None,None,None,None,0,None,None,None,0.6181,0.48
5,2019-03-31,USD,16013000,18447000,13680000,2333000,-2387000,-8643000,None,None,-8643000,None,1933000,None,-2434000,None,6256000,None,-6256000,-6256000,None,None,None,None,47000,None,-8643000,-8643000,None,USD,265499000,None,None,None,252030000,13469000,None,23112000,13469000,None,None,None,17497000,7472000,192459000,192459000,None,13469000,258027000,7472000,None,13469000,None,None,12109000,None,None,None,None,None,None,None,None,None,17497000,None,258027000,None,12109000,23112000,252030000,None,None,None,None,None,7472000,None,3000000,USD,None,0,None,None,None,None,None,None,-8643000,None,None,None,None,None,None,None,None,None,0,None,None,None,4.1,0.6181
6,2018-12-31,USD,26991000,23386000,18581000,8410000,3605000,-3186000,0,0,-3159000,0,2203000,None,3605000,0,-6404000,27000,None,None,0,0,0,27000,-6764000,0,-3186000,-3186000,None,USD,267562000,None,None,667000,246259000,21303000,2323000,890000,21303000,-364543000,None,None,6347000,6684000,36263000,16313000,16313000,None,244332000,16883000,None,21303000,None,2649000,209996000,5289000,14426000,None,None,None,None,None,None,None,None,None,None,None,190150000,None,None,None,None,None,385846000,None,6684000,None,None,USD,None,-139000,-5332000,22652000,2128000,1593000,-535000,2277000,-3186000,2202000,5941000,None,2602000,None,None,2963000,-619000,467000,27984000,None,None,None,0.5027,4.1
7,2018-09-30,USD,26387000,19119000,14536000,11851000,7268000,-5563000,0,0,-5563000,0,1808000,None,7268000,0,-6138000,None,None,None,0,0,0,11000,-12831000,0,-5563000,-5563000,None,USD,265494000,None,None,24959000,242137000,23357000,420000,154000,3000,-360870000,11450000,None,5145000,4397000,49466000,30101000,30101000,None,218245000,42104000,None,23357000,345000,3518000,192671000,8252000,15177000,None,None,None,None,None,None,None,None,None,None,None,None,None,None,None,None,None,None,None,None,None,2000000,USD,None,491000,-2878000,None,-6199000,-6239000,-40000,-3336000,-5563000,-7756000,1361000,None,2775000,None,None,-1508000,-1481000,8465000,2878000,None,None,None,0.9,0.5027
8,2018-06-30,USD,16820000,17893000,13618000,3202000,-1073000,-8867000,0,0,-8878000,0,1715000,None,-1073000,0,-7190000,None,None,None,0,0,0,-11000,-7805000,0,-8867000,-8867000,None,USD,275292000,None,None,211000,246658000,28634000,432000,4641000,3000,-355307000,11450000,None,2517000,12218000,48705000,29911000,29911000,None,250524000,22251000,None,28634000,50000,2037000,197953000,6744000,10198000,None,None,None,None,None,None,None,None,None,None,None,None,None,None,None,None,None,None,None,None,None,None,USD,None,0,-2878000,None,-6199000,-6239000,-40000,-3336000,-8867000,-7756000,1361000,None,2775000,None,None,-1508000,-1481000,8465000,2878000,None,None,None,0.87,0.9
9,2018-03-31,USD,21322000,19580000,14825000,6497000,1742000,-3442000,0,0,-3442000,0,1816000,None,1742000,0,-5141000,None,None,None,0,0,0,0,-5184000,0,-3442000,-3442000,None,USD,269323000,None,None,None,232107000,37216000,None,16250000,37216000,None,33594000,None,9055000,8240000,16250000,215857000,215857000,None,252028000,8240000,None,37216000,None,None,215857000,None,None,None,None,None,None,None,None,None,None,None,None,None,None,None,None,None,None,None,None,None,None,None,2000000,USD,None,0,-2878000,None,-6199000,-6239000,-40000,-3336000,-3442000,-7756000,1361000,None,2775000,None,None,-1508000,-1481000,8465000,2878000,None,None,None,0.87,0.87
10,2017-12-31,USD,24289000,38584000,14414000,17669000,9127000,-9706000,0,0,-9728000,0,2047000,None,4824000,11388000,4959000,None,None,None,0,0,0,-22000,-9590000,0,-441000,-9706000,None,USD,275705000,None,None,636000,234392000,41313000,846000,6466000,3000,-341697000,17342000,None,1477000,8889000,34460000,19216000,19216000,None,254730000,19498000,None,41313000,1550000,3626000,182590000,4797000,8778000,None,None,None,None,None,None,None,None,None,None,None,None,None,None,None,None,None,None,None,None,None,None,USD,None,2236000,-32992000,None,23265000,25341000,-561000,1988000,-3235000,-4869000,2782000,None,10518000,None,2637000,-748000,-843000,-10662000,32992000,None,None,None,1.04,0.87
11,2017-09-30,USD,18851000,63896000,14708000,793000,-15179000,6471000,0,0,6493000,0,1293000,None,-7136000,0,4739000,None,None,None,0,0,0,22000,-3143000,0,-18344000,6471000,None,USD,276560000,None,None,519000,235199000,41361000,1122000,5505000,3000,-341581000,17340000,None,2032000,8438000,31906000,19726000,19726000,None,257268000,17260000,None,41361000,1550000,2552000,185953000,4201000,6675000,None,None,None,None,None,None,None,None,None,None,None,None,None,None,None,None,None,None,None,None,None,None,USD,None,305000,-27000,None,-379000,30221000,-165000,668000,6471000,1701000,2272000,None,2783000,None,None,1052000,231000,-11210000,32756000,None,None,None,1.13,1.04
12,2017-06-30,USD,18372000,-46451000,13324000,-266000,11535000,21835000,0,0,21835000,0,1478000,None,811000,0,4098000,None,None,None,0,0,0,0,10300000,0,21835000,21835000,None,USD,280243000,None,None,755000,255924000,24319000,1232000,8817000,3000,-348052000,17342000,None,2482000,6397000,33299000,244749000,244749000,None,259987000,17774000,None,24319000,1550000,4048000,205283000,5253000,7096000,None,None,None,None,None,None,None,None,None,None,None,None,None,None,None,None,None,None,None,None,None,None,USD,None,0,-27000,None,-379000,30765000,-165000,668000,-3305000,1701000,2272000,None,2783000,None,None,1052000,1267000,-11210000,32729000,None,None,None,1.04,1.13
13,2017-03-31,USD,13322000,16003000,12101000,1221000,-2681000,-6285000,0,0,-6285000,0,1279000,None,-2681000,0,3603000,None,None,None,0,0,0,0,-3604000,0,-6285000,-6285000,None,USD,250420000,None,None,None,223713000,26707000,None,7236000,26707000,None,13119000,None,10508000,6940000,7236000,210594000,210594000,None,232972000,6940000,None,26707000,None,None,210594000,None,None,None,None,None,None,None,None,None,None,None,None,None,None,None,None,None,None,None,None,None,None,None,2000000,USD,None,0,-27000,None,-379000,-544000,-165000,668000,-6285000,1701000,2272000,None,2783000,None,None,1052000,1267000,-11210000,27000,None,None,None,0.82,1.04
14,2016-12-31,USD,10871000,49375000,10117000,-1153000,-14713000,-24623000,0,0,-24589000,0,2171000,None,-14713000,9087000,3034000,None,None,None,0,0,0,34000,-9876000,0,-24623000,-24623000,None,USD,257534000,None,None,1089000,226702000,30832000,1572000,4583000,3000,-338462000,5878000,None,3077000,12858000,21230000,10501000,10501000,None,232128000,22329000,None,30832000,1550000,2783000,199594000,4049000,6146000,None,None,None,None,None,None,None,None,None,None,None,None,None,None,None,None,None,None,None,None,None,1000000,USD,None,2067000,-40779000,None,46650000,65672000,-584000,-1357000,-24623000,12554000,-15339000,None,8531000,None,22606000,-1069000,-1496000,624000,40779000,None,None,None,1.15,0.82
15,2016-09-30,USD,8626000,0,8939000,0,0,0,0,0,0,0,864000,None,0,0,2438000,None,None,None,0,0,0,0,0,0,0,0,None,USD,203608000,None,None,497000,184455000,19153000,None,1789000,2000,None,None,None,1022000,3909000,13830000,None,None,None,193563000,None,None,None,50000,None,170625000,2970000,4636000,None,None,None,None,None,None,None,None,None,None,None,None,None,None,None,None,None,None,None,None,None,1000000,USD,None,None,None,None,None,12900000,None,None,None,None,None,None,None,None,None,10000,None,None,0,None,None,None,3.09,1.15
16,2016-06-30,USD,8164000,0,7803000,0,0,0,0,0,0,0,923000,None,0,0,2339000,None,None,None,0,0,0,0,0,0,0,0,None,USD,204638000,None,None,888000,183734000,20904000,None,3232000,2000,None,None,None,918000,3059000,9066000,None,None,None,195684000,None,None,None,50000,None,174668000,2455000,2902000,None,None,None,None,None,None,None,None,None,None,None,None,None,None,None,None,None,None,None,None,None,1000000,USD,None,None,None,None,None,8950000,None,None,None,None,None,None,None,None,None,525000,None,None,0,None,None,None,2.1999,3.09
17,2016-03-31,USD,7001000,0,8400000,0,0,0,0,0,0,0,1071000,None,0,0,2040000,None,None,None,0,0,0,0,0,0,0,0,None,USD,205791000,None,None,None,184694000,21097000,None,None,None,None,7108000,None,5264000,2779000,None,None,None,None,197748000,None,None,None,None,None,177586000,None,None,None,None,None,None,None,None,None,None,None,None,None,None,None,None,None,None,None,None,None,None,None,1000000,USD,None,None,None,None,None,None,None,None,None,None,None,None,None,None,None,None,None,None,0,None,None,None,2.77,2.1999
18,2015-12-31,USD,6822000,18278000,8485000,-1950000,-7055000,-8956000,0,0,-8956000,0,1176000,None,-7055000,1903000,1633000,None,None,None,0,30000,0,0,-1901000,0,-8956000,-8956000,None,USD,209352000,None,None,657000,186068000,23284000,1194000,2719000,10000,-313839000,None,None,1194000,3304000,9250000,821000,821000,None,199880000,8278000,None,23284000,50000,1301000,176818000,2980000,5710000,None,None,None,None,None,None,None,None,None,None,None,None,None,None,None,None,None,None,None,None,None,1000000,USD,None,5869000,-201684000,None,194012000,206852000,-930000,300000,-8956000,481000,-4737000,None,1865000,None,13820000,-2980000,-1287000,8000,201684000,None,None,None,0.6799,2.77
19,2015-09-30,USD,2644000,0,2716000,0,0,0,0,0,0,0,631000,None,0,0,153000,None,None,None,0,0,0,0,0,0,0,0,None,USD,66115000,None,None,None,49253000,16862000,None,None,None,None,2129000,None,2048000,969000,None,None,None,None,63098000,None,None,None,None,None,47124000,None,None,None,None,None,None,None,None,None,None,None,None,None,None,None,None,None,None,None,None,None,None,None,1000000,USD,None,None,None,None,None,None,None,None,None,None,None,None,None,None,None,None,None,None,0,None,None,None,0.7472,0.6799
