,fiscalDateEnding,reportedCurrency_x,totalRevenue,totalOperatingExpense,costOfRevenue,grossProfit,ebit,netIncome_x,researchAndDevelopment,effectOfAccountingCharges,incomeBeforeTax,minorityInterest,sellingGeneralAdministrative,otherNonOperatingIncome,operatingIncome,otherOperatingExpense,interestExpense,taxProvision,interestIncome,netInterestIncome,extraordinaryItems,nonRecurring,otherItems,incomeTaxExpense,totalOtherIncomeExpense,discontinuedOperations,netIncomeFromContinuingOperations,netIncomeApplicableToCommonShares,preferredStockAndOtherAdjustments,reportedCurrency_y,totalAssets,intangibleAssets,earningAssets,otherCurrentAssets,totalLiabilities,totalShareholderEquity,deferredLongTermLiabilities,otherCurrentLiabilities,commonStock,retainedEarnings,otherLiabilities,goodwill,otherAssets,cash,totalCurrentLiabilities,shortTermDebt,currentLongTermDebt,otherShareholderEquity,propertyPlantEquipment,totalCurrentAssets,longTermInvestments,netTangibleAssets,shortTermInvestments,netReceivables,longTermDebt,inventory,accountsPayable,totalPermanentEquity,additionalPaidInCapital,commonStockTotalEquity,preferredStockTotalEquity,retainedEarningsTotalEquity,treasuryStock,accumulatedAmortization,otherNonCurrrentAssets,deferredLongTermAssetCharges,totalNonCurrentAssets,capitalLeaseObligations,totalLongTermDebt,otherNonCurrentLiabilities,totalNonCurrentLiabilities,negativeGoodwill,warrants,preferredStockRedeemable,capitalSurplus,liabilitiesAndShareholderEquity,cashAndShortTermInvestments,accumulatedDepreciation,commonStockSharesOutstanding,reportedCurrency,investments,changeInLiabilities,cashflowFromInvestment,otherCashflowFromInvestment,netBorrowings,cashflowFromFinancing,otherCashflowFromFinancing,changeInOperatingActivities,netIncome_y,changeInCash,operatingCashflow,otherOperatingCashflow,depreciation,dividendPayout,stockSaleAndPurchase,changeInInventory,changeInAccountReceivables,changeInNetIncome,capitalExpenditures,changeInReceivables,changeInExchangeRate,changeInCashAndCashEquivalents,clossingVal,nextClossingVal
0,2020-04-30,USD,157932000,48573000,158453000,-525000,-49577000,-58707000,None,None,-54200000,None,16191000,-479000,-49098000,512000,4627000,4507000,4000,-4623000,None,31870000,None,4507000,-32349000,None,-58707000,-58707000,None,USD,664178000,12059000,None,119976000,563360000,100818000,1167000,7546000,243000,53479000,26115000,0,9354000,91575000,493805000,347469000,347469000,-70454000,312693000,278200000,None,88759000,None,89802000,None,68422000,138790000,None,None,243000,None,53479000,None,None,56755000,None,4471000,50986000,None,68388000,69555000,None,None,None,117550000,664178000,91575000,None,None,USD,-7248000,-51792000,-7248000,77000,80487000,80487000,98000,867000,-58707000,79994000,6755000,867000,12565000,None,None,-5734000,82128000,27428000,7325000,82128000,None,79994000,1.11,
1,2020-01-31,USD,243492000,21025000,224197000,19289000,-1597000,-3680000,None,None,-5947000,None,16703000,139000,-1736000,519000,4356000,-2267000,6000,-4350000,None,3803000,None,-2267000,-3664000,None,-3680000,-3680000,None,USD,695599000,12546000,None,36280000,530859000,164740000,901000,8009000,242000,112186000,26356000,22425000,14068000,12260000,192513000,1885000,1885000,-64696000,325079000,265913000,None,129769000,None,166286000,265195000,63347000,182619000,None,None,242000,None,112186000,None,None,61098000,None,8538000,54183000,265195000,72250000,338346000,None,None,None,117008000,695599000,12260000,None,24000000,USD,-11522000,-19603000,-11522000,None,16312000,16312000,-98000,-1061000,-3680000,-2498000,-7288000,-1061000,12400000,None,None,-584000,5245000,-5000,11522000,5245000,None,-2498000,3.39,1.11
2,2019-10-31,USD,258961000,32162000,234341000,24618000,-7231000,-13652000,None,None,-11651000,None,20243000,313000,-7544000,517000,4422000,2001000,2000,-4420000,None,11402000,None,2001000,-11089000,None,-13652000,-13652000,None,USD,651691000,13025000,None,38507000,484177000,167514000,798000,5794000,238000,115866000,26530000,22395000,11242000,14320000,208138000,1975000,1975000,-65026000,328026000,275999000,None,132094000,None,173945000,248695000,63547000,206163000,None,None,238000,None,115866000,None,None,7077000,None,5169000,None,248695000,26546000,276039000,None,None,None,116436000,651691000,14320000,None,23790258,USD,-6542000,-5829000,-6542000,40000,1907000,1907000,-6000,-55000,-13652000,2257000,6892000,-55000,12251000,None,None,3183000,3901000,7093000,6582000,3901000,None,2257000,3.62,3.39
3,2019-07-31,USD,263449000,22528000,239857000,23588000,947000,-2709000,None,None,-3682000,None,18105000,-113000,1060000,518000,4633000,-973000,4000,-4629000,None,3905000,None,-973000,-4018000,None,-2709000,-2709000,None,USD,674288000,13489000,None,40449000,483167000,191121000,792000,2252000,238000,129518000,18096000,27384000,9493000,11936000,215963000,350000,350000,-54612000,333840000,289032000,None,150248000,None,180968000,248393000,67615000,215613000,None,None,238000,None,129518000,None,None,7732000,None,2811000,None,248393000,18019000,267204000,None,None,None,115977000,674288000,11936000,None,24000000,USD,-15381000,260000,-15381000,14000,-1173000,-1173000,-1948000,-3996000,-2709000,-4956000,11598000,-3996000,12089000,None,None,-3296000,4757000,4493000,15395000,4757000,None,-5941000,5.04,3.62
4,2019-04-30,USD,273371000,21858000,244691000,28679000,6407000,1112000,None,None,2560000,None,16879000,-414000,6821000,519000,3848000,1448000,-3847000,-3847000,None,4460000,None,1448000,-4874000,None,1112000,1112000,None,USD,683190000,13973000,None,20819000,488037000,195153000,801000,1977000,238000,132227000,19203000,27421000,12204000,17660000,220772000,484000,484000,-52703000,329359000,300233000,None,153759000,None,194431000,247597000,67323000,220288000,None,None,238000,None,132227000,None,None,6470000,None,5734000,None,247597000,18867000,267265000,None,None,None,115391000,683190000,17660000,None,24000000,USD,5855000,-169000,-10251000,1481000,9031000,9031000,-1948000,1373000,1112000,5175000,6395000,1373000,11797000,None,None,6492000,-14827000,617000,17587000,-14827000,818000,5993000,5.72,5.04
5,2019-01-31,USD,258938000,19612000,245242000,13691000,-4435000,-4698000,0,None,-7785000,None,16085000,1486000,-5921000,521000,3355000,-3087000,None,None,None,3006000,None,-3087000,-1520000,None,-4698000,-4698000,None,USD,676002000,14490000,None,24462000,478062000,197940000,819000,1788000,237000,131115000,19192000,27609000,13376000,11667000,219939000,813000,813000,-48359000,328315000,287175000,3857000,155841000,None,177579000,238581000,73467000,219126000,None,None,237000,None,131115000,None,None,11099000,7314000,388827000,None,238581000,18723000,258123000,None,None,None,114947000,676002000,11667000,None,23000000,USD,-4803000,-37919000,-4803000,10858000,-6901000,-6901000,-1948000,1059000,-4698000,-5343000,6361000,1059000,12157000,None,None,704000,40283000,-5225000,15661000,40283000,167000,-5176000,5.99,5.72
6,2018-10-31,USD,300056000,24701000,276233000,23822000,-673000,-8456000,0,0,-3821000,0,22445000,206000,-879000,605000,3149000,None,None,None,0,1651000,0,4635000,-9189000,0,-8456000,-8456000,None,USD,709675000,14939000,None,33993000,510153000,199522000,2894000,2489000,234000,135813000,21170000,27376000,12423000,16843000,243632000,1327000,1327000,-50930000,316176000,332977000,4567000,157207000,0,210729000,245351000,71412000,242305000,0,0,234000,0,135813000,0,None,12542000,5665000,376698000,None,245351000,18276000,266521000,None,None,None,114405000,709675000,16843000,None,23417107,USD,14000,17670000,-10604000,863000,7892000,7924000,-1948000,6617000,-8456000,-335000,2345000,6617000,12262000,0,32000,3068000,-20025000,-8791000,11467000,-20025000,-98000,-433000,9.09,5.99
7,2018-07-31,USD,294884000,25345000,262003000,32880000,7246000,11052000,0,0,4038000,0,22773000,-289000,7535000,607000,3209000,None,None,None,0,1965000,0,-7014000,-5178000,0,11052000,11052000,None,USD,715223000,15480000,None,55520000,506141000,209082000,6000000,1958000,234000,144269000,29083000,28175000,13880000,17276000,239618000,818000,88000,-49367000,313806000,341441000,2441000,165427000,0,193530000,237331000,75115000,238800000,0,0,234000,0,144269000,0,None,10572000,5749000,373782000,None,237331000,23192000,266523000,None,None,None,113946000,715223000,17276000,None,23404906,USD,None,-9108000,-12270000,2626000,-18453000,-18445000,-2000,-439000,11052000,106000,30821000,-439000,12675000,0,8000,-3943000,16305000,4279000,14896000,16305000,-443000,-337000,8.25,9.09
8,2018-04-30,USD,297343000,24224000,265837000,31503000,6885000,4025000,0,0,4243000,0,22146000,-394000,7279000,595000,2645000,None,None,None,0,1483000,0,218000,-4235000,0,4025000,4025000,None,USD,719927000,16157000,None,41519000,520189000,199738000,5829000,1637000,234000,126859000,28129000,28290000,12689000,17613000,236061000,1162000,221000,-40779000,327734000,335057000,None,155291000,64000,206149000,255560000,69712000,234899000,0,0,234000,0,126859000,0,None,7149000,5540000,384870000,None,255560000,22739000,284128000,None,None,None,113424000,719927000,17677000,None,23408314,USD,None,18048000,-76298000,-62411000,72938000,72971000,-46000,1599000,4025000,5093000,8420000,1599000,11609000,0,33000,1958000,-30019000,1200000,13887000,-30019000,1454000,6547000,8.31,8.25
9,2018-01-31,USD,247671000,23319000,219776000,27890000,4135000,4858000,0,0,1800000,0,21240000,-436000,4571000,565000,2340000,None,None,None,0,1514000,0,-3058000,-4285000,0,4858000,4858000,None,USD,612959000,14465000,None,41815000,410562000,202397000,6129000,37659000,233000,122834000,23103000,28337000,57354000,11066000,198914000,1630000,351000,-33535000,274047000,281558000,None,159595000,49000,163898000,183359000,64730000,197284000,0,0,233000,0,122834000,0,None,8043000,6509000,331401000,None,183359000,22160000,211648000,None,None,None,112865000,612959000,11115000,None,23347545,USD,None,-26195000,-9885000,0,1250000,1250000,-57000,-6044000,4858000,3005000,11640000,-6044000,10426000,0,0,-671000,32313000,-3047000,9885000,32313000,-675000,2330000,7.45,8.31
10,2017-10-31,USD,264171000,25550000,235908000,28262000,1798000,-926000,0,0,-490000,0,20008000,-914000,2712000,565000,2291000,None,None,None,0,4977000,0,434000,-22309000,0,-924000,-926000,None,USD,618583000,15025000,None,34356000,430262000,188321000,9166000,46171000,231000,117976000,24146000,27859000,57171000,8736000,215885000,2027000,1377000,-42237000,266891000,294521000,None,145437000,194000,189423000,183153000,61812000,213858000,0,0,231000,0,117976000,0,None,7949000,6338000,324062000,None,183153000,22058000,214377000,None,None,None,112351000,618583000,8930000,None,23121957,USD,1170000,27552000,-15741000,90000,2323000,2314000,-1779000,5375000,-926000,-6630000,6797000,-816000,11322000,0,-9000,-190000,-2919000,3034000,15831000,-33179000,1095000,-5535000,9.28,7.45
11,2017-07-31,USD,256848000,21816000,227992000,28855000,6241000,-1982000,0,0,2457000,0,21251000,-798000,7039000,565000,3785000,None,None,None,0,-19498000,0,4439000,0,0,-1982000,-1982000,None,USD,594886000,15593000,None,35637000,408915000,185971000,10371000,44298000,231000,118902000,27059000,28126000,58278000,14271000,194209000,1427000,181405000,-45196000,267465000,269143000,None,142252000,177000,156824000,179978000,62234000,192782000,0,0,231000,0,118902000,0,None,8241000,6318000,325743000,None,179978000,24357000,214706000,None,None,None,112034000,594886000,14448000,None,23172792,USD,1170000,-9956000,-6538000,8043000,-65815000,-25579000,-1558000,-57000,-1982000,3494000,35611000,-57000,11678000,0,40236000,-1558000,30260000,8995000,14581000,28491000,-349000,3145000,7.42,9.28
12,2017-04-30,USD,273031000,22259000,239815000,33216000,10752000,4229000,0,0,6552000,0,21695000,-205000,10957000,564000,4200000,None,None,None,0,4772000,0,2323000,0,0,4229000,4229000,None,USD,615169000,16151000,None,33204000,475553000,139616000,5462000,47454000,179000,120884000,26933000,27557000,62583000,11126000,200350000,1479000,1479000,-52742000,264273000,288313000,None,95908000,222000,183808000,245623000,59953000,198871000,0,0,179000,0,120884000,0,None,9607000,9268000,326856000,None,245623000,24118000,275203000,None,None,None,71295000,615169000,11348000,None,17875242,USD,1170000,-2681000,-8268000,638000,6220000,6298000,-1558000,4632000,4229000,5313000,7283000,4240000,11213000,0,78000,2362000,1769000,1599000,8906000,-13679000,-207000,5106000,12.3,7.42
13,2017-01-31,USD,247940000,20794000,224138000,23800000,2716000,-2018000,0,0,-2096000,0,20188000,-290000,3006000,565000,4812000,None,None,None,0,41000,0,-76000,0,0,-2020000,-2018000,None,USD,608439000,16716000,None,37612000,476358000,132081000,5161000,44641000,178000,116655000,27596000,27313000,65166000,6020000,206941000,1760000,1760000,-55550000,267289000,275984000,None,88052000,350000,169905000,239832000,62097000,205181000,0,0,178000,0,116655000,0,None,11226000,9911000,332455000,None,239832000,24424000,269417000,None,None,None,70798000,608439000,6370000,None,17825456,USD,None,2948000,-9073000,4000,-20556000,-20556000,None,844000,-2018000,-3005000,26624000,2008000,10550000,0,0,-1502000,15448000,-810000,9077000,15448000,329000,-2676000,11.99,12.3
14,2016-10-31,USD,281700000,23889000,250970000,30713000,5899000,6020000,0,0,1347000,0,21295000,-925000,6824000,563000,4569000,None,None,None,0,2031000,0,-5631000,-21984000,0,6978000,6020000,None,USD,626429000,17279000,None,38639000,493639000,132790000,4734000,40824000,176000,118673000,28936000,27490000,67439000,8696000,203047000,2023000,1362000,-56462000,265837000,293153000,1300000,88021000,174000,185097000,261958000,60547000,201024000,0,0,176000,0,118673000,0,None,12696000,9974000,333276000,None,261958000,23900000,290592000,None,None,None,70403000,626429000,8870000,None,17614057,USD,-1500000,30403000,-11428000,158000,-3723000,-3723000,-1785000,14476000,6020000,5975000,21126000,8216000,9970000,0,0,3513000,10975000,-8309000,10086000,-28687000,-1855000,4120000,6.99,11.99
15,2016-07-31,USD,248832000,18112000,224575000,24257000,5659000,-349000,0,0,1014000,0,17546000,-486000,6145000,566000,4645000,None,None,None,0,1092000,0,-1363000,0,0,2377000,-349000,None,USD,606860000,17848000,None,41579000,468192000,138668000,12463000,34239000,176000,119106000,22319000,28509000,70083000,4576000,174186000,1407000,1407000,-50714000,267184000,269593000,None,92311000,124000,158698000,265311000,64616000,172779000,0,0,176000,0,119106000,0,None,19302000,4424000,337267000,None,265311000,16232000,294006000,None,None,None,70100000,606860000,4700000,None,17614056,USD,None,-22904000,-9236000,184000,-6763000,-6763000,None,-2178000,-349000,699000,16698000,-403000,10063000,0,0,-3749000,39662000,7957000,9420000,27753000,-983000,-284000,9.69,6.99
16,2016-04-30,USD,284268000,17557000,259039000,25225000,7585000,3057000,0,0,3069000,0,16992000,-83000,7668000,565000,4520000,None,None,None,0,-273000,0,-12000,0,0,3081000,3057000,None,USD,632018000,18418000,None,39266000,490825000,141193000,6153000,35881000,176000,119455000,22399000,28923000,69599000,4860000,195997000,1497000,1497000,-48207000,269242000,293177000,None,93852000,182000,187961000,272002000,60908000,194500000,0,0,176000,0,119455000,0,None,17400000,4858000,338841000,None,272002000,16673000,294828000,None,None,None,69769000,632018000,5042000,None,17615374,USD,None,23506000,-5896000,1031000,-10316000,-10316000,None,4015000,3057000,-3364000,12848000,1628000,10207000,0,0,581000,11909000,-253000,6927000,-28186000,1422000,-1942000,6.45,9.69
17,2016-01-31,USD,251055000,18148000,226418000,15981000,-2563000,-5059000,0,0,-6913000,0,17344000,-396000,-2167000,564000,4352000,None,None,None,0,0,0,1854000,0,0,-8767000,-5059000,None,USD,612705000,18983000,None,52078000,478388000,134317000,5792000,32179000,173000,116398000,23088000,28454000,64390000,6802000,173108000,1774000,None,-51763000,273027000,275288000,None,86880000,151000,157828000,276400000,60920000,171334000,0,0,173000,0,116398000,0,None,12827000,4126000,337417000,None,282160000,17328000,305280000,None,None,None,69509000,612705000,6953000,None,17000000,USD,None,-29488000,-1756000,135000,-22744000,-22744000,None,None,-5059000,-5811000,18689000,5035000,9910000,0,0,-2753000,40095000,949000,1891000,40095000,-487000,-6298000,3.93,6.45
18,2015-10-31,USD,288907000,20798000,261976000,20205000,-1866000,-2513000,0,0,-5035000,0,20298000,-1273000,-593000,500000,3184000,None,None,None,0,2031000,0,2522000,-10249000,0,-7557000,-2513000,None,USD,666589000,19543000,None,52066000,525674000,140915000,6180000,34459000,173000,121457000,23677000,28843000,64326000,13100000,196944000,2080000,1357000,-50049000,280260000,322003000,None,92529000,356000,198302000,303862000,58179000,194864000,0,0,173000,0,121457000,0,None,11509000,4431000,344586000,None,303862000,18688000,328730000,None,None,None,69334000,666589000,13456000,None,17309623,USD,-1500000,4349000,-15451000,63000,35649000,35649000,-5529000,-8665000,789000,6210000,-13988000,-1463000,8603000,0,0,4623000,-27607000,214000,15514000,-31103000,255000,6465000,7.54,3.93
19,2015-07-31,USD,265980000,12732000,237059000,20249000,7339000,2026000,0,0,4483000,0,12246000,-178000,7539000,486000,2885000,None,None,None,0,0,0,-2480000,0,0,6941000,2026000,None,USD,621907000,19797000,None,21523000,475329000,146578000,4563000,32503000,173000,123971000,23037000,28826000,56303000,6635000,188643000,1355000,None,-46727000,274633000,290971000,None,97955000,493000,167900000,259086000,94420000,187288000,0,0,173000,0,123971000,0,None,5325000,2355000,330936000,None,263248000,18875000,286686000,None,None,None,69161000,621907000,7128000,None,17000000,USD,None,-3810000,9278000,11417000,-26354000,-26350000,None,None,-91000,-3135000,13937000,-5595000,9320000,0,4000,-5143000,3391000,2873000,2211000,16383000,-165000,-3300000,11.28,7.54
