,fiscalDateEnding,reportedCurrency_x,totalRevenue,totalOperatingExpense,costOfRevenue,grossProfit,ebit,netIncome_x,researchAndDevelopment,effectOfAccountingCharges,incomeBeforeTax,minorityInterest,sellingGeneralAdministrative,otherNonOperatingIncome,operatingIncome,otherOperatingExpense,interestExpense,taxProvision,interestIncome,netInterestIncome,extraordinaryItems,nonRecurring,otherItems,incomeTaxExpense,totalOtherIncomeExpense,discontinuedOperations,netIncomeFromContinuingOperations,netIncomeApplicableToCommonShares,preferredStockAndOtherAdjustments,reportedCurrency_y,totalAssets,intangibleAssets,earningAssets,otherCurrentAssets,totalLiabilities,totalShareholderEquity,deferredLongTermLiabilities,otherCurrentLiabilities,commonStock,retainedEarnings,otherLiabilities,goodwill,otherAssets,cash,totalCurrentLiabilities,shortTermDebt,currentLongTermDebt,otherShareholderEquity,propertyPlantEquipment,totalCurrentAssets,longTermInvestments,netTangibleAssets,shortTermInvestments,netReceivables,longTermDebt,inventory,accountsPayable,totalPermanentEquity,additionalPaidInCapital,commonStockTotalEquity,preferredStockTotalEquity,retainedEarningsTotalEquity,treasuryStock,accumulatedAmortization,otherNonCurrrentAssets,deferredLongTermAssetCharges,totalNonCurrentAssets,capitalLeaseObligations,totalLongTermDebt,otherNonCurrentLiabilities,totalNonCurrentLiabilities,negativeGoodwill,warrants,preferredStockRedeemable,capitalSurplus,liabilitiesAndShareholderEquity,cashAndShortTermInvestments,accumulatedDepreciation,commonStockSharesOutstanding,reportedCurrency,investments,changeInLiabilities,cashflowFromInvestment,otherCashflowFromInvestment,netBorrowings,cashflowFromFinancing,otherCashflowFromFinancing,changeInOperatingActivities,netIncome_y,changeInCash,operatingCashflow,otherOperatingCashflow,depreciation,dividendPayout,stockSaleAndPurchase,changeInInventory,changeInAccountReceivables,changeInNetIncome,capitalExpenditures,changeInReceivables,changeInExchangeRate,changeInCashAndCashEquivalents,clossingVal,nextClossingVal
0,2020-06-30,USD,12448000,19212000,5550000,6898000,-30670000,-34277000,2779000,None,-34277000,None,15937000,-18356000,-12314000,None,3607000,0,18000,-3589000,None,496000,None,None,-18870000,None,-34277000,-34277000,None,USD,185176000,10051000,None,2498000,163087000,22089000,34610000,16000000,503000,-531804000,42275000,9202000,694000,71799000,50727000,None,None,-260000,12617000,144563000,None,2836000,None,24435000,63339000,45831000,34727000,None,None,503000,None,-531804000,None,None,8743000,None,40613000,1524000,63339000,14411000,112360000,None,None,None,553650000,185176000,71799000,None,50283005,USD,-989000,-6813000,-989000,None,-19632000,-19864000,-227000,275000,-34277000,-40263000,-19410000,1464000,452000,None,-5000,-4306000,90000,23980000,989000,90000,None,-40263000,3.87,
1,2020-03-31,USD,16932000,37146000,6792000,10140000,-26989000,-28612000,2908000,None,-28612000,None,26067000,17000,-27006000,None,1623000,0,180000,-1443000,None,8171000,None,None,-8334000,None,-28612000,-28612000,None,USD,222846000,10383000,None,2264000,167979000,54867000,16230000,15227000,500000,-497527000,23816000,9202000,690000,112062000,81171000,25000000,25000000,-260000,12344000,181869000,None,35282000,None,25425000,55918000,42118000,40944000,None,None,500000,None,-497527000,-260000,None,9048000,None,40977000,1484000,55918000,14660000,86808000,None,None,None,552154000,222846000,112062000,None,50006297,USD,-1206000,-9275000,-1206000,None,53252000,52849000,-1201000,1289000,-28612000,24454000,-27189000,697000,1228000,None,798000,-3720000,1766000,10727000,1206000,1766000,None,24454000,1.99,3.87
2,2019-12-31,USD,23210000,33531000,8971000,14239000,-18923000,-20247000,4012000,None,-20213000,None,28436000,369000,-19292000,None,1290000,34000,323000,-969000,None,1083000,None,34000,-1037000,None,-20247000,-20247000,None,USD,204404000,17390000,None,2489000,122522000,81882000,100000,13943000,495000,-468915000,7335000,9202000,669000,87608000,70470000,6508000,6508000,-260000,12314000,157257000,None,55290000,None,27548000,38248000,39612000,50019000,None,None,495000,None,-468915000,-260000,None,8241000,None,47147000,1299000,38248000,13804000,52052000,None,None,None,550562000,204404000,87608000,None,49540180,USD,-18834000,16802000,-18834000,-17943000,-844000,-943000,-108000,10786000,-20247000,-33307000,-13530000,-9664000,1122000,None,9000,-2592000,-3252000,4301000,891000,-3252000,None,-33307000,8.94,1.99
3,2019-09-30,USD,22412000,34118000,9754000,12658000,-21089000,-22433000,3201000,None,-22433000,None,30917000,371000,-21460000,None,1344000,0,510000,-834000,None,None,None,None,-139000,None,-22433000,-22433000,None,USD,219882000,9779000,None,3144000,123615000,96267000,100000,11686000,495000,-448668000,4621000,4878000,670000,120915000,64080000,7352000,7352000,-260000,3980000,179224000,None,81610000,None,24791000,38117000,30374000,45042000,None,None,495000,None,-448668000,-260000,None,22021000,None,40658000,5049000,38117000,21418000,59535000,None,None,None,544700000,219882000,120915000,None,49461687,USD,-1124000,-6976000,-1124000,None,1102000,824000,-527000,-1192000,-22433000,-25173000,-24873000,1275000,937000,None,249000,-1884000,-1862000,6070000,1124000,-1862000,None,-25173000,6.48,8.94
4,2019-06-30,USD,20525000,49676000,7813000,12712000,-36672000,-37654000,3270000,None,-37654000,None,33732000,292000,-36964000,None,982000,0,269000,-713000,None,12674000,None,None,-12651000,None,-37654000,-37654000,None,USD,245945000,10290000,None,4017000,130772000,115173000,100000,11579000,493000,-426235000,4098000,4878000,692000,146088000,87623000,18144000,18144000,-260000,3686000,203856000,None,100005000,None,23887000,20938000,29864000,57900000,None,None,493000,None,-426235000,-260000,None,23235000,None,42089000,4938000,20938000,22211000,43149000,None,None,None,541175000,245945000,146088000,None,49277539,USD,-1446000,-3697000,-1446000,None,1635000,109563000,-100000,-5244000,-37654000,84133000,-23984000,2034000,937000,None,108028000,-3072000,377000,17091000,1446000,377000,None,84133000,6.16,6.48
5,2019-03-31,USD,17552000,36929000,6474000,11078000,-25532000,-26484000,3054000,None,-26484000,None,33875000,319000,-25851000,None,952000,0,-649000,-648000,None,None,None,None,15000,None,-26484000,-26484000,None,USD,171625000,15915000,None,3411000,129395000,42230000,100000,10892000,292000,-388581000,9934000,12507000,686000,61955000,77431000,12998000,12998000,-260000,3146000,117375000,None,13808000,None,24767000,24416000,27242000,53541000,None,None,292000,None,-388581000,-260000,None,22682000,None,54250000,4749000,24416000,27548000,51964000,None,None,None,430779000,171625000,61955000,None,29201650,USD,-610000,1509000,-610000,None,2618000,312000,-3095000,2910000,-26484000,-24944000,-24646000,696000,887000,None,789000,-3373000,-2583000,4702000,610000,-2583000,None,-24944000,8.58,6.16
6,2018-12-31,USD,19021000,35741000,7667000,11354000,-23682000,-24631000,3012000,0,-24635000,0,32729000,705000,-24387000,0,953000,None,None,None,0,0,0,-4000,-582000,0,-24631000,-24631000,None,USD,168359000,16495000,None,2612000,101481000,66878000,None,10346000,286000,-362097000,9457000,12507000,698000,86899000,64141000,6866000,6866000,-260000,2536000,136123000,None,37876000,None,22527000,27883000,24085000,46929000,None,None,286000,None,-362097000,-260000,None,698000,None,32236000,None,27883000,9457000,37340000,None,None,None,428949000,168359000,86899000,None,28628767,USD,None,4248000,-441000,None,2618000,-896000,-896000,7911000,-24631000,-16109000,-14772000,5423000,863000,None,109693000,-1423000,-4618000,5366000,441000,-4618000,None,-16109000,12.71,8.58
7,2018-09-30,USD,16875000,30039000,6398000,10477000,-19592000,-20545000,2881000,0,-20545000,0,27158000,-30000,-19562000,0,953000,None,None,None,0,0,0,0,-983000,0,-20545000,-20545000,None,USD,181080000,17069000,None,3482000,93103000,87977000,100000,8116000,286000,-337466000,8207000,12507000,709000,103008000,53535000,3356000,3356000,-260000,2440000,148355000,None,58401000,0,18956000,31361000,22909000,42063000,0,0,286000,0,-337466000,-260000,None,709000,None,32725000,None,31361000,8207000,39568000,None,None,None,425417000,181080000,103008000,None,28578217,USD,None,6830000,-254000,0,-16000,904000,-122000,5040000,-20545000,-9611000,-10261000,1196000,847000,0,1042000,-422000,-3133000,4966000,254000,-3133000,None,-9611000,23.88,12.71
8,2018-06-30,USD,17554000,27792000,6660000,10894000,-17161000,-18028000,2301000,0,-18028000,0,25491000,-263000,-16898000,0,867000,None,None,None,0,0,0,0,-1130000,0,-18028000,-18028000,None,USD,191060000,17646000,None,6516000,88146000,102914000,100000,6025000,284000,-316921000,8570000,12507000,708000,112619000,51544000,6663000,6663000,-260000,2247000,157952000,None,72761000,0,16330000,28032000,22487000,38856000,0,0,284000,0,-316921000,-260000,None,708000,None,33108000,None,28032000,8570000,36602000,None,None,None,419811000,191060000,112619000,None,28317544,USD,None,1910000,-18000,0,6702000,114961000,-1000,-4601000,-18028000,96560000,-18383000,-7009000,901000,0,108260000,-1214000,-608000,5665000,18000,-608000,None,96560000,19.51,23.88
9,2018-03-31,USD,14676000,27506000,6097000,8579000,-18768000,-19423000,2751000,0,-19423000,0,24755000,159000,-18927000,0,655000,None,None,None,0,0,0,0,-1176000,0,-19423000,-19423000,None,USD,88717000,18223000,None,2374000,78874000,9843000,100000,6431000,197000,-298893000,13030000,12507000,719000,16059000,43109000,5256000,5256000,-260000,4934000,52334000,None,-20887000,0,12072000,22735000,21829000,31422000,0,0,197000,0,-298893000,-260000,None,719000,None,36383000,None,22735000,13030000,35765000,None,None,None,308799000,88717000,16059000,None,19643642,USD,None,5541000,-142000,0,3292000,2387000,-1296000,4337000,-19423000,-10529000,-12774000,3381000,990000,0,391000,-1191000,-5735000,3663000,142000,-5735000,None,-10529000,9.66,19.51
10,2017-12-31,USD,11065000,22728000,5744000,5321000,-17292000,-17834000,2135000,0,-17921000,0,20593000,115000,-17407000,0,629000,None,None,None,0,10000000,0,-87000,-15878000,0,-17834000,-17834000,None,USD,92213000,18803000,None,1473000,64590000,27623000,0,6423000,194000,-279470000,14203000,12507000,31885000,26588000,50347000,24639000,24639000,-260000,4763000,55565000,None,-3687000,0,6608000,0,20896000,19285000,0,0,194000,0,-279470000,-260000,None,575000,None,36648000,None,None,14243000,14243000,None,None,None,307159000,92213000,26588000,None,19401975,USD,None,1224000,-691000,0,-11000,-148000,-156000,2230000,-17836000,-11053000,-10214000,2793000,1237000,0,19000,-681000,7446000,5350000,691000,-2301000,None,-11053000,14.06,9.66
11,2017-09-30,USD,9819000,20190000,3484000,6335000,-13956000,-14381000,2911000,0,-14365000,0,17279000,-101000,-13855000,0,409000,None,None,None,0,20000000,0,16000,-359000,0,-14381000,-14381000,None,USD,106644000,19504000,None,4074000,63037000,43607000,0,6572000,193000,-261634000,14059000,12507000,32747000,37641000,24231000,24747000,24747000,-260000,4360000,69537000,None,11596000,0,4753000,24747000,23069000,17659000,0,0,193000,0,-261634000,-260000,None,736000,None,37107000,None,24747000,14059000,38806000,None,None,None,305308000,106644000,37641000,None,19365251,USD,None,-539000,-18048000,-18455000,19558000,20112000,-442000,-9990000,-14380000,-17854000,-19918000,335000,1777000,0,554000,-508000,9711000,-6967000,407000,364000,None,-17854000,15.4,14.06
12,2017-06-30,USD,8169000,25758000,2621000,5548000,-20177000,-20391000,1573000,0,-20362000,0,14185000,33000,-20210000,0,185000,None,None,None,0,10000000,0,29000,-173000,0,-20391000,-20391000,None,USD,93625000,5332000,None,3401000,37787000,55838000,0,15862000,193000,-247254000,4315000,4878000,11436000,55495000,33472000,5000000,5000000,-260000,3788000,78401000,None,45628000,0,3104000,0,16401000,12610000,0,0,193000,0,-247254000,-260000,None,1226000,None,15224000,None,None,4315000,4315000,None,None,None,303159000,93625000,55495000,None,19252605,USD,None,168000,-628000,0,4796000,4961000,-179000,9577000,-20390000,-3262000,-7595000,-999000,589000,0,344000,538000,9324000,12817000,628000,-318000,None,-3262000,9.72,15.4
13,2017-03-31,USD,7489000,16585000,2322000,5167000,-11388000,-11422000,3194000,0,-11397000,0,13391000,30000,-11418000,0,9000,None,None,None,0,10000000,0,25000,21000,0,-11422000,-11422000,None,USD,96053000,5759000,None,2356000,21787000,74266000,0,6894000,190000,-226864000,3847000,4878000,11863000,58757000,17940000,None,None,-260000,3071000,81119000,None,63629000,0,2807000,0,17199000,11046000,0,0,190000,0,-226864000,-260000,None,1226000,None,14934000,None,None,3847000,3847000,None,None,None,301200000,96053000,58757000,None,19012047,USD,None,2519000,-952000,0,20000000,686000,-390000,-1420000,-11422000,-8455000,-8189000,7881000,570000,0,1076000,1178000,9666000,-9280000,952000,365000,None,-8455000,8.42,9.72
14,2016-12-31,USD,6488000,12041000,2561000,3927000,-8080000,-8073000,2335000,0,-8060000,0,9706000,34000,-8114000,0,-20000,None,None,None,0,-8382000,0,13000,-1909000,0,-8073000,-8073000,None,USD,114283000,6186000,None,1852000,30666000,83617000,0,17459000,186000,-215442000,3145000,4878000,11292000,67212000,27521000,10900000,10900000,-260000,2986000,100005000,None,72553000,0,12457000,0,18484000,10062000,0,0,186000,0,-215442000,-260000,None,228000,None,14278000,None,None,3145000,3145000,None,None,None,299133000,114283000,67212000,None,18598682,USD,None,-1332000,-5160000,-4950000,25000000,13000,-657000,-3586000,-40166000,-12070000,-6923000,-8636000,443000,0,13000,1254000,927000,1474000,210000,-126000,None,-12070000,8.52,8.42
15,2016-09-30,USD,6531000,14491000,1814000,4717000,-9810000,-9963000,2052000,0,-9915000,0,12439000,-36000,-9774000,0,105000,None,None,None,0,10000000,0,48000,-155000,0,-9963000,-9963000,None,USD,121019000,3586000,None,1429000,29949000,91070000,0,17100000,186000,-207370000,2141000,3273000,7090000,79282000,27808000,10900000,10900000,-260000,2076000,111853000,None,84211000,0,12094000,0,19048000,10708000,0,0,186000,0,-207370000,-260000,None,231000,None,9166000,None,None,2141000,2141000,None,None,None,298514000,121019000,79282000,None,18594257,USD,None,-1077000,-42000,0,None,1176000,-390000,516000,-32094000,-6877000,-8011000,-18730000,309000,0,1176000,-270000,-1053000,12218000,42000,-461000,None,-6877000,8.99,8.52
16,2016-06-30,USD,6244000,14706000,1745000,4499000,-10181000,-10193000,3062000,0,-10193000,0,11644000,26000,-10207000,0,12000,None,None,None,0,0,0,0,12000,0,-10193000,-10193000,None,USD,118709000,3796000,None,1958000,19817000,98892000,0,6958000,181000,-197406000,2031000,3273000,7288000,86159000,17786000,10900000,10900000,None,1995000,109426000,None,91823000,0,2403000,0,18906000,10828000,0,0,181000,0,-197406000,-260000,None,219000,None,9283000,None,None,2031000,2031000,None,None,None,296377000,118709000,86159000,None,18078421,USD,None,438000,-268000,0,None,33000,-390000,-175000,-22130000,-7334000,-7099000,-10368000,281000,0,33000,1127000,1514000,1145000,268000,278000,None,-7334000,6.58,8.99
17,2016-03-31,USD,1471000,12650000,760000,711000,-11936000,-11937000,2255000,0,-11937000,0,10395000,3000,-11939000,0,1000,None,None,None,0,0,0,0,2000,0,-11937000,-11937000,None,USD,127444000,4008000,None,1780000,19317000,108127000,0,8171000,181000,-187213000,1974000,3273000,7502000,93493000,17343000,10900000,10900000,None,1796000,118146000,None,100846000,0,2713000,0,20160000,9172000,0,0,181000,0,-187213000,-260000,None,221000,None,9298000,None,None,1974000,1974000,None,None,None,295419000,127444000,93493000,None,18068746,USD,None,-3175000,-7365000,-6759000,None,454000,None,-399000,-11937000,-19308000,-12397000,-12336000,144000,0,454000,279000,1236000,1455000,606000,1236000,None,-19308000,6.84,6.58
18,2015-12-31,USD,1537000,29190000,547000,990000,-28100000,-28250000,2303000,0,-28250000,0,12609000,100000,-28200000,0,150000,None,None,None,0,14278000,0,0,-15948000,0,-28250000,-28250000,None,USD,140805000,53000,None,1473000,21934000,118871000,0,9488000,180000,-175276000,1418000,0,276000,112801000,20516000,10900000,10900000,None,1404000,139125000,None,118818000,0,4249000,0,20602000,11028000,0,0,180000,0,-175276000,-260000,None,223000,None,1680000,None,None,1418000,1418000,None,None,None,294227000,140805000,112801000,None,17993416,USD,None,3662000,-284000,0,-25138000,-25697000,-62605000,2592000,-41230000,-36138000,-10157000,-28123000,86000,0,62046000,-47000,715000,13114000,284000,1151000,None,-36138000,5.92,6.84
19,2015-09-30,USD,9929000,12565000,2933000,6996000,-4996000,-6604000,2143000,0,-6604000,0,10422000,573000,-5569000,0,1608000,None,None,None,0,0,0,0,-165000,0,-6604000,-6604000,None,USD,190628000,68000,None,1596000,44136000,146492000,0,7567000,180000,-147026000,1483000,14278000,14571000,148939000,42653000,25138000,None,None,1205000,174852000,None,132146000,0,3647000,0,20670000,9948000,0,0,180000,0,-147026000,-260000,None,225000,None,15776000,None,None,1483000,1483000,None,None,None,293598000,190628000,148939000,None,17991927,USD,None,595000,-333000,0,-1487000,61060000,61891000,None,-12980000,59280000,-1447000,-5927000,79000,0,656000,-1156000,436000,3129000,333000,1833000,None,59280000,10.15,5.92
