,fiscalDateEnding,reportedCurrency_x,totalRevenue,totalOperatingExpense,costOfRevenue,grossProfit,ebit,netIncome_x,researchAndDevelopment,effectOfAccountingCharges,incomeBeforeTax,minorityInterest,sellingGeneralAdministrative,otherNonOperatingIncome,operatingIncome,otherOperatingExpense,interestExpense,taxProvision,interestIncome,netInterestIncome,extraordinaryItems,nonRecurring,otherItems,incomeTaxExpense,totalOtherIncomeExpense,discontinuedOperations,netIncomeFromContinuingOperations,netIncomeApplicableToCommonShares,preferredStockAndOtherAdjustments,reportedCurrency_y,totalAssets,intangibleAssets,earningAssets,otherCurrentAssets,totalLiabilities,totalShareholderEquity,deferredLongTermLiabilities,otherCurrentLiabilities,commonStock,retainedEarnings,otherLiabilities,goodwill,otherAssets,cash,totalCurrentLiabilities,shortTermDebt,currentLongTermDebt,otherShareholderEquity,propertyPlantEquipment,totalCurrentAssets,longTermInvestments,netTangibleAssets,shortTermInvestments,netReceivables,longTermDebt,inventory,accountsPayable,totalPermanentEquity,additionalPaidInCapital,commonStockTotalEquity,preferredStockTotalEquity,retainedEarningsTotalEquity,treasuryStock,accumulatedAmortization,otherNonCurrrentAssets,deferredLongTermAssetCharges,totalNonCurrentAssets,capitalLeaseObligations,totalLongTermDebt,otherNonCurrentLiabilities,totalNonCurrentLiabilities,negativeGoodwill,warrants,preferredStockRedeemable,capitalSurplus,liabilitiesAndShareholderEquity,cashAndShortTermInvestments,accumulatedDepreciation,commonStockSharesOutstanding,reportedCurrency,investments,changeInLiabilities,cashflowFromInvestment,otherCashflowFromInvestment,netBorrowings,cashflowFromFinancing,otherCashflowFromFinancing,changeInOperatingActivities,netIncome_y,changeInCash,operatingCashflow,otherOperatingCashflow,depreciation,dividendPayout,stockSaleAndPurchase,changeInInventory,changeInAccountReceivables,changeInNetIncome,capitalExpenditures,changeInReceivables,changeInExchangeRate,changeInCashAndCashEquivalents,clossingVal,nextClossingVal
0,2020-06-30,USD,40348777,11551641,7506511,32842266,27343986,20890158,None,None,27209480,None,3870927,None,28797136,None,0,6319322,None,0,None,None,None,6319322,-1587656,None,20890158,20890158,None,USD,120416954,None,None,None,26283936,94133018,None,None,7862,-127255672,8569353,898334,12085506,53065833,15561535,None,None,None,2366135,105066979,None,93234684,None,36611661,None,14006986,630165,None,None,None,None,None,None,None,901906,None,15349975,434132,None,2969867,10722401,None,None,None,None,None,None,None,None,USD,0,-5767993,None,None,None,-15222795,None,1181431,20890158,-24311467,-9088672,None,134506,None,-15222795,2335028,-34926019,7064217,0,None,None,None,5.91,
1,2020-03-31,USD,2619765,6617820,3259199,-639434,-8450055,-8897529,None,None,-11600035,None,3176024,None,-3998055,None,3016817,-2702506,-3032890,-3016817,None,None,None,-2702506,-4585163,None,-8897529,-8897529,None,USD,118574463,None,None,None,30432341,88142122,None,None,8105,-132923290,6730292,898334,17152680,77377300,21424515,None,None,None,2500641,98022808,None,87243788,None,1685642,None,16342014,4765817,None,None,None,None,None,None,None,847983,None,20551655,427064,None,2874879,9007826,None,None,None,221057310,None,77377300,None,81000000,USD,-15501,9678708,-15501,None,-85913459,-86916580,-9750,22259,-8897529,-83609634,3322447,None,133163,None,-993375,-4086487,2482354,3989979,15501,None,None,None,4.78,5.91
2,2019-12-31,USD,4264066,7733491,4054221,209845,-2432779,-4502605,None,None,-6462603,None,3496971,None,-3469425,None,3898367,-1959998,-3581820,-3898367,None,None,None,-1959998,905189,None,-4502605,-4502605,None,USD,198566190,None,None,95737860,100782434,97783756,None,3020545,8127,-123032408,6648045,898334,15007768,65249072,91735809,80044866,80044866,None,2618303,180041785,None,96885422,None,4167996,None,9652855,3054032,None,None,None,None,None,None,None,856766,None,18524405,419709,None,2929743,9046625,None,None,None,220808040,None,65249070,None,82000000,USD,-2,-179502,-2,None,-85913459,-976769,-1176580,-2903348,-4502605,-15241071,-14264300,None,131457,None,None,-5721693,-950295,-138314,2,None,None,None,4.77,4.78
3,2019-09-30,USD,8111324,7450745,4080795,4030529,2532634,-1205827,None,None,-1569569,None,3196370,None,660579,None,3971952,-363742,-2990030,-3971952,None,None,None,-363742,1741804,None,-1205827,-1205827,None,USD,203011437,None,None,11053200,100144921,102866516,None,4964666,8107,-118529803,6919464,898334,100741613,78095231,11795874,None,None,None,2749758,98621732,None,101968182,None,3217701,78911307,3931161,2251814,None,None,None,None,None,None,None,87942553,None,104389705,412436,78911310,3004313,88349047,None,None,None,221388210,None,78095230,None,82000000,USD,-20144,-101325,-20144,None,-85913459,-143220,-199810,1703295,-1205827,235066,398430,None,130251,None,None,-1540675,910515,502196,20144,None,None,None,5.12,4.77
4,2019-06-30,USD,3907611,5612861,2038323,1869288,-183585,-3162492,None,None,-4282181,None,3392228,None,-1705250,None,3971031,-1119689,-3314510,-3971031,None,None,None,-1119689,1394100,None,-3162492,-3162492,None,USD,203092260,None,None,11248400,99637793,103454467,None,6116760,8105,-117323976,8051429,898334,77799111,100263915,11123209,None,None,None,2859865,121534950,None,102556133,None,4128216,77777748,2390487,1070926,None,None,None,None,None,None,None,65410587,None,81557310,405244,77777750,3321486,88514584,None,None,None,220770340,None,100263920,None,82000000,USD,3,-984130,3,None,-85913459,0,-56590,221629,-3162492,-4347809,-4347812,None,127565,None,None,-373409,-28262,-148713,8950,None,None,None,5.68,5.12
5,2019-03-31,USD,10459080,8267130,915370,9543710,6202072,1629780,3997281,None,2135930,None,3157380,None,2191950,None,3928418,506150,-792150,-3928418,None,None,None,506153,3872394,None,1629777,1629780,None,USD,206439350,None,None,11461290,100369780,106069570,None,6315477,8090,-114161480,8805927,898330,79014920,102085220,12107340,400281,400281,None,2987430,123538670,None,105171235,None,4099950,76656510,2017080,2149605,None,None,None,None,None,None,None,67787209,None,82900682,None,76656510,3534054,88262438,None,None,None,220222960,None,102085220,None,82000000,USD,-8951,340191,-8950,None,None,-56590,-56590,264152,1629780,-56160,9380,None,137720,None,None,891133,-2140821,-1112777,8950,None,None,None,6.01,5.68
6,2018-12-31,USD,1569308,7110458,3282337,-1713029,-5541150,52390934,3997281,0,67635160,0,3828121,None,-5541150,0,-3962100,None,None,None,0,0,0,15244226,73176310,0,52390934,52390934,None,USD,203443741,None,None,11452078,100529054,102914687,None,5064831,8076,-115791261,13644052,898334,81084288,100652809,11337405,None,None,None,171274,121289845,None,102016353,None,1959133,75547597,2908210,1688488,None,None,None,None,None,None,None,None,None,None,None,75547600,None,None,None,None,None,218697870,None,100652810,None,83000000,USD,None,6131696,78264425,78338826,None,-2356950,-4074440,-2787211,52390934,72316276,-3591199,None,20991,None,261880,39,-419595,-58928053,74401,None,None,None,7.9,6.01
7,2018-09-30,USD,471075324,102190175,99075497,371999827,368885149,388050413,3997281,0,362637418,0,3114678,None,368885149,0,-3924124,None,None,None,0,0,0,-25412995,-6247731,0,388050413,388050413,None,USD,143727321,898000,None,4095369,91253516,52473805,0,2291269,8032,-168182195,11633771,898334,29047777,103985265,5205709,None,None,None,117864,113663346,None,51575471,4095000,1539538,74414036,2908249,894792,0,0,0,0,0,0,None,None,None,None,None,None,None,None,None,None,None,None,None,None,None,83000000,USD,None,374201,78264425,78338826,None,-1443284,None,6295,388050413,84768855,86212139,None,14710,0,0,39,589419,-302822900,74401,None,None,None,6.89,7.9
8,2018-06-30,USD,2661216,6370907,3490513,-829297,-3709691,-7051264,3997281,0,-7048415,0,2880394,None,-3709691,0,-3843161,None,None,None,0,0,0,2849,-3338724,0,-7051264,-7051264,None,USD,128340625,898000,None,105367970,469658356,-341317731,0,377255434,7916,-556232609,15113849,898334,4933496,10581112,381264030,73280477,73280477,None,132574,122376221,None,-342216065,11029000,2128957,73280477,2908249,1412595,0,0,0,0,0,0,None,None,None,None,None,None,None,None,None,None,None,None,None,None,None,81000000,USD,None,1214922,-27863,78338826,None,-12327,None,386272,-7051264,-5228104,-5187914,None,4139,0,0,39,-865277,1123294,27863,None,None,None,5.94,6.89
9,2018-03-31,USD,1747934,6282845,3226299,-1478365,-4534911,-11582256,3008000,0,-11584608,0,3056546,None,-4534911,0,-3748818,None,None,None,0,0,0,-2352,-7049697,0,-11582256,-11582256,None,USD,133135253,898000,None,10850136,467751753,-334616500,94296804,2364850,7904,-549181345,391574111,898334,101195631,13934807,4018402,72159240,72159240,None,108850,30932438,None,-335514834,10850000,1263680,72159240,2983249,432207,0,0,0,0,0,0,None,None,None,None,None,None,None,None,None,None,None,None,None,None,None,79000000,USD,None,-2622774,-27863,78338826,None,-12327,None,238175,-11582256,-8561703,-8561703,None,29790,0,0,39,645730,4729632,27863,None,None,None,6.13,5.94
10,2017-12-31,USD,1412000,40723288,6255000,-5320698,-16424500,-26419107,2781000,0,-38329274,0,9209124,None,-11972964,0,3762000,None,None,None,0,0,0,-2228790,-20704860,0,-32807034,-32807034,None,USD,144670000,898000,None,2020000,467808000,-323138291,96592334,5481000,8000,-537375776,389948000,898000,107167000,19858000,6810000,71050324,71050324,None,139000,37364493,None,-324036625,10701000,1802107,71050000,2983000,1329000,0,0,0,0,0,0,None,None,None,None,None,None,None,None,None,None,None,None,None,None,None,79000000,USD,None,9565471,-100124,78338826,None,-585569,-84000,-25272368,-36235484,-19072460,-18386767,None,132189,0,0,22692000,1352000,9380447,100000,None,None,None,4.85,6.13
11,2017-09-30,USD,1391000,-19153679,5788000,0,-6922630,-2314939,2471000,0,0,0,35682,None,-1592246,0,3735000,None,None,None,0,0,0,135000,-8731,0,-13156905,-13156905,None,USD,148726000,898000,None,1092000,461553000,-312826914,377447093,11676000,8000,-527073053,378291000,898000,107711000,25798000,13038000,69916765,69916765,None,120000,40894746,None,-313725248,10409000,612166,69917000,2984000,1362000,0,0,0,0,0,0,None,None,None,None,None,None,None,None,None,None,None,None,None,None,None,79000000,USD,None,-223455,-54242,0,None,-249555,-398015,-14261797,-25932761,-5067811,-2599902,None,0,0,0,22691000,2542000,5628985,54000,None,None,None,3.17,4.85
12,2017-06-30,USD,4264000,8323099,8283000,0,10614342,1113508,5068000,0,0,0,188375,None,210632,0,3652000,None,None,None,0,0,0,93000,3646,0,18343401,18343401,None,USD,156030000,898000,None,572000,459441000,-303410716,376480126,10157000,8000,-517256676,376719000,898000,96821000,30866000,13632000,68783206,68783206,None,263000,58945660,None,-304309050,10322000,1768981,68783000,15417000,3475000,0,0,0,0,0,0,None,None,None,None,None,None,None,None,None,None,None,None,None,None,None,79000000,USD,None,1621462,-39326,0,None,-249555,-84000,-3778617,-16116384,762362,2453000,None,0,0,0,10258000,1385000,4200725,39000,None,None,None,3.04,3.17
13,2017-03-31,USD,5202000,0,9435000,0,-4890960,-8614946,6360000,0,0,0,2869869,None,-4269170,0,3609000,None,None,None,0,0,0,115000,4419,0,-8614946,-8614946,None,USD,160820000,898000,None,932000,456959000,-296138673,376203046,10302000,8000,-509755238,376429000,898000,95384000,30104000,12561000,None,None,None,263000,65172653,None,-297037007,10139000,4878631,67662000,19119000,2259000,0,0,0,0,0,0,None,None,None,None,None,None,None,None,None,None,None,None,None,None,None,79000000,USD,None,6802597,0,0,None,-193052,None,-6345669,-8614946,1401750,1595000,None,0,0,0,7090000,1724261,4350497,0,None,None,None,3.14,3.04
14,2016-12-31,USD,7159000,34333684,12798000,-5632421,-19346056,-30454318,8158000,0,-39684076,0,10832068,None,-11283893,0,2291000,None,None,None,0,0,0,5000,-20368776,0,-39697960,-39697960,None,USD,160982000,898000,None,954000,448400000,-287418269,72649277,11312000,8000,-501140292,367732000,898000,91523000,28702000,13829000,66553053,66553053,None,300000,69159474,None,-288316603,10139000,3154370,66553000,26210000,2517000,0,0,0,0,0,0,None,None,None,None,None,None,None,None,None,None,None,None,None,None,None,57000000,USD,None,112048192,1189000,1213000,28694444,30393000,-3775546,-180118762,-39697960,-56536982,-116813003,None,174275,0,0,-13762876,522000,4021768,24000,None,None,None,2.88,3.14
15,2016-09-30,USD,4658000,0,9111000,0,0,322209,6069000,0,0,0,-857142,None,1222764,0,95000,None,None,None,0,0,0,-5542,-27733,0,0,0,None,USD,162837000,898000,None,9586000,476002000,-313164944,367123574,105403000,5000,-490700392,367392000,898000,75929000,20493000,108328000,None,None,None,330000,86577814,None,None,0,None,0,17752000,2925000,0,0,0,0,0,0,None,None,None,None,None,None,None,None,None,None,None,None,None,None,None,54000000,USD,None,None,-10997,0,None,-1294501,None,None,-29258060,None,-90912742,None,0,0,0,5304431,35070347,None,11000,None,None,None,2.99,2.88
16,2016-06-30,USD,1901000,0,6883000,0,0,882716,2948000,0,0,0,1082478,None,-2225516,0,10000,None,None,None,0,0,0,-10530,47178,0,0,0,None,USD,201669000,898000,None,2124000,505743000,-304074532,288293407,206965000,5000,-481456750,288584000,898000,57729000,78022000,216882000,None,None,None,373000,143567275,None,None,0,None,0,28932000,9917000,0,0,0,0,0,0,None,None,None,None,None,None,None,None,None,None,None,None,None,None,None,54000000,USD,None,None,-10998,0,None,0,None,None,-20014418,None,-34677674,None,0,0,0,16484805,30812004,None,11000,None,None,None,0.9999,2.99
17,2016-03-31,USD,1270000,0,5368000,0,0,-10448567,2536000,0,0,0,2656231,None,-7059411,0,0,None,None,None,0,0,0,12000,11311,0,0,0,None,USD,184796000,898000,None,553000,479477000,0,0,5045000,5000,0,465660000,898000,55923000,104061000,13539000,None,None,None,414000,0,None,None,0,None,0,22842000,8494000,0,0,0,0,0,0,None,None,None,None,None,None,None,None,None,None,None,None,None,None,None,54000000,USD,None,None,-8475,0,None,0,None,None,-10448567,None,-8641203,None,0,0,0,10394773,2674000,None,9000,None,None,None,0.53,0.9999
18,2015-12-31,USD,4189000,24477650,7721000,-5719704,-16301772,-33820804,4934000,0,-38989341,0,8287568,None,-12673375,0,-266726,None,None,None,0,14407494,0,224000,-22700051,0,-39451324,-39451324,None,USD,185733000,898000,None,624000,470162000,-284428550,52936428,3389000,5000,-461442332,462563000,898000,55824000,112711000,7333000,None,None,None,450000,129458829,None,-285326884,0,3676730,0,12447000,3944000,0,0,0,0,0,0,None,None,None,None,None,None,None,None,None,None,None,None,None,None,None,54000000,USD,None,257039351,3891000,4000000,-2000000,-2003331,-15531,-211987192,-39451324,12997099,11109000,None,247357,0,0,6597000,-3185098,1848900,109000,None,None,None,0.42,0.53
19,2015-09-30,USD,1327000,0,4889000,0,0,942917,2426000,0,0,0,-310975,None,704274,0,-15000,None,None,None,0,0,0,66000,1605,0,0,0,None,USD,197165000,898000,None,8151000,461833000,0,0,3063000,5000,0,448075000,898000,57197000,129289000,6238000,None,None,None,457000,0,None,None,0,None,0,1092000,3175000,0,0,0,0,0,0,None,None,None,None,None,None,None,None,None,None,None,None,None,None,None,54000000,USD,None,None,3937000,0,None,-1987800,None,None,-19357276,None,27626000,None,0,0,0,17952000,487600,None,63000,None,None,None,1.18,0.42
