,fiscalDateEnding,reportedCurrency_x,totalRevenue,totalOperatingExpense,costOfRevenue,grossProfit,ebit,netIncome_x,researchAndDevelopment,effectOfAccountingCharges,incomeBeforeTax,minorityInterest,sellingGeneralAdministrative,otherNonOperatingIncome,operatingIncome,otherOperatingExpense,interestExpense,taxProvision,interestIncome,netInterestIncome,extraordinaryItems,nonRecurring,otherItems,incomeTaxExpense,totalOtherIncomeExpense,discontinuedOperations,netIncomeFromContinuingOperations,netIncomeApplicableToCommonShares,preferredStockAndOtherAdjustments,reportedCurrency_y,totalAssets,intangibleAssets,earningAssets,otherCurrentAssets,totalLiabilities,totalShareholderEquity,deferredLongTermLiabilities,otherCurrentLiabilities,commonStock,retainedEarnings,otherLiabilities,goodwill,otherAssets,cash,totalCurrentLiabilities,shortTermDebt,currentLongTermDebt,otherShareholderEquity,propertyPlantEquipment,totalCurrentAssets,longTermInvestments,netTangibleAssets,shortTermInvestments,netReceivables,longTermDebt,inventory,accountsPayable,totalPermanentEquity,additionalPaidInCapital,commonStockTotalEquity,preferredStockTotalEquity,retainedEarningsTotalEquity,treasuryStock,accumulatedAmortization,otherNonCurrrentAssets,deferredLongTermAssetCharges,totalNonCurrentAssets,capitalLeaseObligations,totalLongTermDebt,otherNonCurrentLiabilities,totalNonCurrentLiabilities,negativeGoodwill,warrants,preferredStockRedeemable,capitalSurplus,liabilitiesAndShareholderEquity,cashAndShortTermInvestments,accumulatedDepreciation,commonStockSharesOutstanding,reportedCurrency,investments,changeInLiabilities,cashflowFromInvestment,otherCashflowFromInvestment,netBorrowings,cashflowFromFinancing,otherCashflowFromFinancing,changeInOperatingActivities,netIncome_y,changeInCash,operatingCashflow,otherOperatingCashflow,depreciation,dividendPayout,stockSaleAndPurchase,changeInInventory,changeInAccountReceivables,changeInNetIncome,capitalExpenditures,changeInReceivables,changeInExchangeRate,changeInCashAndCashEquivalents,clossingVal,nextClossingVal
0,2020-06-30,USD,1874000000,1401000000,48000000,1826000000,419000000,243000000,61000000,None,317000000,None,336000000,4000000,415000000,1004000000,102000000,74000000,None,-102000000,None,None,None,74000000,-20000000,None,243000000,243000000,None,USD,12465000000,3398000000,None,205000000,13133000000,-668000000,70000000,1879000000,4000000,-607000000,310000000,3860000000,293000000,1770000000,4552000000,1492000000,1492000000,-7000000,1592000000,2495000000,512000000,-7926000000,None,508000000,7841000000,12000000,1181000000,None,None,4000000,None,-607000000,-9000000,None,567000000,None,41000000,476000000,7841000000,670000000,8581000000,None,None,None,-49000000,12465000000,1770000000,None,4353000000,USD,-1000000,77000000,-120000000,-32000000,1480000000,1258000000,-8000000,69000000,243000000,1729000000,591000000,-79000000,129000000,-58000000,-156000000,-3000000,87000000,137000000,87000000,87000000,None,1729000000,5.87,
1,2020-03-31,USD,1952000000,1374000000,99000000,1853000000,472000000,293000000,71000000,None,373000000,None,332000000,4000000,468000000,971000000,99000000,80000000,-99000000,-99000000,None,None,None,80000000,4000000,None,293000000,293000000,None,USD,10935000000,3429000000,None,212000000,11682000000,-747000000,70000000,1970000000,4000000,-850000000,289000000,3843000000,419000000,40000000,3102000000,2000000,1000000,-17000000,1609000000,883000000,495000000,-8019000000,None,619000000,7847000000,12000000,1130000000,None,None,4000000,None,-850000000,None,None,587000000,None,89000000,492000000,7847000000,663000000,8580000000,None,None,None,116000000,10935000000,40000000,None,4379000000,USD,-3000000,-194000000,-145000000,-80000000,-2000000,-339000000,-35000000,-70000000,293000000,-68000000,416000000,-19000000,137000000,-59000000,-243000000,-1000000,47000000,153000000,62000000,47000000,None,-68000000,4.94,5.87
2,2019-12-31,USD,2062000000,2274000000,-625000000,2687000000,398000000,243000000,74000000,None,299000000,None,434000000,-1000000,399000000,1765000000,99000000,56000000,-99000000,-99000000,None,1000000,None,56000000,-2000000,None,243000000,243000000,None,USD,11149000000,3467000000,None,194000000,11885000000,-736000000,70000000,1976000000,4000000,-1143000000,294000000,3843000000,423000000,106000000,3293000000,2000000,2000000,8000000,1626000000,1003000000,452000000,-8046000000,None,692000000,7842000000,11000000,1315000000,None,None,4000000,None,-1143000000,None,None,605000000,None,153000000,502000000,7842000000,680000000,8592000000,None,None,None,395000000,11149000000,106000000,None,4412000000,USD,-129000000,91000000,-129000000,-5000000,-68000000,-373000000,-46000000,66000000,243000000,30000000,532000000,-8000000,129000000,-59000000,-200000000,3000000,-52000000,126000000,124000000,-52000000,None,30000000,7.15,4.94
3,2019-09-30,USD,2011000000,1423000000,101000000,1910000000,420000000,246000000,78000000,None,316000000,None,357000000,-56000000,476000000,988000000,104000000,70000000,-104000000,-104000000,None,None,None,70000000,-56000000,None,246000000,246000000,None,USD,11088000000,3505000000,None,200000000,11836000000,-748000000,48000000,1985000000,4000000,-1386000000,274000000,3856000000,432000000,79000000,3251000000,2000000,2000000,3000000,1609000000,936000000,451000000,-8109000000,None,643000000,7904000000,14000000,1264000000,None,None,4000000,None,-1386000000,-7000000,None,563000000,None,168000000,454000000,7904000000,633000000,8585000000,None,None,None,638000000,11088000000,79000000,None,4433000000,USD,1000000,12000000,-83000000,-5000000,-8000000,-597000000,-57000000,-15000000,246000000,-136000000,544000000,-27000000,123000000,-54000000,-478000000,2000000,-16000000,204000000,79000000,-16000000,None,-136000000,6.26,7.15
4,2019-06-30,USD,1977000000,1424000000,104000000,1873000000,436000000,263000000,74000000,None,339000000,None,352000000,-3000000,439000000,991000000,97000000,76000000,-97000000,-97000000,None,7000000,None,76000000,-10000000,None,263000000,263000000,None,USD,11316000000,3543000000,None,211000000,11805000000,-489000000,48000000,2021000000,4000000,-1632000000,280000000,3852000000,489000000,215000000,3264000000,3000000,3000000,8000000,1583000000,1082000000,456000000,-7884000000,None,639000000,7843000000,17000000,1240000000,None,None,4000000,None,-1632000000,-28000000,None,582000000,None,218000000,465000000,7843000000,650000000,8541000000,None,None,None,1159000000,11316000000,215000000,None,4492000000,USD,-1000000,69000000,-75000000,-4000000,650000000,-317000000,-14000000,69000000,263000000,153000000,545000000,-3000000,122000000,-56000000,-897000000,4000000,-56000000,146000000,70000000,-56000000,None,153000000,5.58,6.26
5,2019-03-31,USD,1744000000,555000000,847000000,897000000,333000000,162000000,54000000,None,243000000,None,318000000,None,333000000,107000000,90000000,81000000,-88000000,-90000000,None,76000000,None,81000000,-76000000,None,162000000,162000000,None,USD,11225000000,3581000000,None,221000000,11071000000,154000000,48000000,2040000000,5000000,-1895000000,287000000,3831000000,892000000,62000000,3206000000,4000000,4000000,1000000,1586000000,907000000,448000000,-7258000000,None,604000000,7180000000,20000000,1162000000,None,None,5000000,None,-1895000000,-28000000,None,574000000,None,298000000,443000000,7181000000,636000000,7865000000,None,None,None,2071000000,11225000000,62000000,None,4645000000,USD,66000000,-22000000,284000000,308000000,-9000000,-672000000,-30000000,-66000000,162000000,8000000,396000000,-10000000,111000000,-57000000,-576000000,2000000,-13000000,166000000,90000000,-13000000,None,8000000,5.67,5.58
6,2018-12-31,USD,1495908000,376425000,660310000,835598000,420538000,251052000,64723000,0,333389000,0,233327000,-38635000,459173000,78375000,87149000,None,None,None,0,0,0,82337000,-128942000,0,251052000,251052000,None,USD,8172736000,2501361000,None,158033000,9989657000,-1816921000,47251000,1931613000,4346000,-2057309000,302443000,2289985000,555990000,54431000,2802678000,3447000,3447000,-6193000,1512865000,478233000,960316000,-6608267000,150000,243571000,6884536000,22198000,867618000,None,None,4346000,None,-2057309000,None,None,137273000,None,292703000,None,6884536000,255192000,7186979000,None,None,None,242235000,8172736000,54431000,None,4345606000,USD,-231000,12795000,-128012000,-10813000,316671000,-397633000,-8344000,59189000,251052000,8387000,534032000,22331000,80681000,-53434000,-652526000,-2684000,-513000,170370000,116968000,-513000,None,8387000,5.71,5.67
7,2018-09-30,USD,1467383000,310622000,674204000,793179000,440791000,343048000,31011000,0,354573000,0,204101000,-41766000,482557000,75510000,86218000,None,None,None,0,0,0,11525000,-127984000,0,343048000,343048000,None,USD,8273507000,2505384000,None,173035000,9648882000,-1375375000,8169000,1921517000,4449000,-2308361000,272355000,2289985000,599810000,46044000,2814375000,4411000,4411000,12448000,1498297000,494448000,1018740000,-6170744000,150000,255855000,6562152000,19514000,888447000,0,0,4449000,0,-2308361000,-6287000,None,135655000,None,330998000,None,6562152000,264186000,6834507000,None,None,None,922376000,8273507000,46044000,None,4449194000,USD,-236000,-129558000,-66957000,-2259000,113849000,-302785000,-39780000,-83224000,343048000,-17472000,352270000,-54032000,77788000,-49316000,-327538000,-547000,-12206000,127777000,64462000,-12206000,None,-17472000,6.32,5.71
8,2018-06-30,USD,1432299000,314226000,756446000,675853000,449839000,292352000,27485000,0,362922000,0,212118000,88212000,361627000,74623000,86917000,None,None,None,0,0,0,70570000,-67849000,0,292352000,292352000,None,USD,8299154000,2511121000,None,138015000,9669722000,-1370568000,8169000,1935326000,4485000,-2647277000,282942000,2286582000,1227957000,63516000,2943491000,4660000,4660000,4594000,1468930000,481338000,1051337000,-6168271000,150000,260840000,6443289000,18967000,1003505000,0,0,4485000,0,-2647277000,0,None,128543000,None,371303000,None,6443289000,274773000,6726231000,None,None,None,1267630000,8299154000,63516000,None,4485774000,USD,-7138000,104098000,-99313000,693000,-371512000,-494447000,-48192000,56218000,292352000,-14342000,579418000,95712000,77686000,-49287000,-25456000,-1614000,-15173000,26357000,92868000,-15173000,None,-14342000,6.77,6.32
9,2018-03-31,USD,1375102000,263529000,687982000,687120000,459479000,289441000,30637000,0,369690000,0,191317000,35888000,423591000,72212000,89789000,None,None,None,0,0,0,80249000,-53901000,0,289441000,289441000,None,USD,8299288000,2516984000,None,147077000,9863756000,-1564468000,174125000,1910432000,4480000,-2939629000,280343000,2286582000,6334269000,78539000,2767796000,4911000,4911000,12836000,1464394000,500625000,977795000,-6368034000,150000,257656000,6807448000,17353000,852453000,0,0,4480000,0,-2939629000,-3123000,None,122289000,None,430619000,None,6807448000,114387000,7095960000,None,None,None,1360968000,8299288000,78539000,None,4480763000,USD,3242000,-17777000,-84994000,-6831000,61184000,-320281000,-23309000,-51297000,289441000,9423000,414698000,-5543000,73862000,-49397000,-308759000,2846000,-14191000,86060000,81405000,-14191000,None,9423000,6.24,6.77
10,2017-12-31,USD,1403898000,276098000,731094000,672804000,325653000,-36996000,31394000,0,236918000,0,207632000,-71053000,396706000,68466000,88735000,None,None,None,0,0,0,273914000,-372413000,0,-36996000,-36996000,None,USD,8329374000,2522846000,None,129669000,9853248000,-1523874000,182748000,1881825000,4530000,-3243473000,282298000,2286582000,6395707000,69022000,2821538000,5105000,5105000,18407000,1462766000,470901000,962080000,-6333302000,0,252011000,6741243000,20199000,934608000,0,0,4530000,0,-3243473000,-17154000,None,118671000,None,505528000,None,6741243000,107719000,7031710000,None,None,None,1713816000,8329374000,69022000,None,4527742000,USD,-260000,117156000,-81765000,-252000,6897000,-464591000,-8328000,85891000,-36996000,-4531000,541825000,108239000,70091000,-50388000,-412772000,2270000,-73777000,311177000,81253000,-30112000,None,-4531000,5.36,6.24
11,2017-09-30,USD,1379596000,277619000,668012000,711584000,477257000,275722000,29433000,0,384623000,0,197706000,43292000,433965000,79913000,92634000,None,None,None,0,0,0,108901000,45389000,0,275722000,275722000,None,USD,8652416000,2528709000,None,163164000,9702517000,-1050101000,184598000,1846285000,4604000,-3206477000,284906000,2286559000,6728240000,73553000,2682844000,4220000,4220000,6287000,1427614000,496562000,1017350000,-5865369000,0,237376000,6728349000,22469000,832339000,0,0,4604000,0,-3206477000,-13754000,None,118620000,None,777002000,None,6728349000,106726000,7019673000,None,None,None,2159239000,8652416000,73553000,None,4601941000,USD,-309679000,37190000,-397367000,-488000,226531000,-93046000,-61696000,-59501000,275722000,30815000,521228000,-46486000,81719000,-46216000,-211665000,-2888000,43665000,181573000,87200000,-5602000,None,30815000,5.52,5.36
12,2017-06-30,USD,1347569000,264833000,666383000,681186000,404416000,202109000,27783000,0,321622000,0,191314000,-11937000,416353000,73519000,82794000,None,None,None,0,0,0,119513000,-21937000,0,202109000,202109000,None,USD,8347704000,2536675000,None,186481000,9389394000,-1041690000,187065000,1864643000,4628000,-3482199000,285093000,2290240000,6442202000,42738000,2644126000,5160000,6458917000,2607000,1410265000,495237000,622521000,-5868605000,0,246437000,6453757000,19581000,774323000,0,0,4628000,0,-3482199000,-14783000,None,119742000,None,873024000,None,6453757000,104446000,6745268000,None,None,None,2448057000,8347704000,42738000,None,4626078000,USD,-433320000,57752000,-607294000,-107822000,467669000,-63667000,-6986000,24587000,202109000,-187750000,483211000,306000,74952000,-46501000,-477849000,-899000,38063000,161691000,66152000,-12700000,None,-187750000,5.47,5.52
13,2017-03-31,USD,1294066000,251814000,648412000,645654000,402703000,207073000,23817000,0,321046000,0,175110000,8863000,393840000,76704000,81657000,None,None,None,0,0,0,113973000,-72794000,0,207073000,207073000,None,USD,7931806000,2533273000,None,187078000,8852884000,-921078000,186409000,1856874000,4685000,-3684308000,286570000,2205107000,5847922000,230488000,2576683000,4637000,4637000,-156000,1408152000,675732000,8114000,-5659458000,0,241194000,5983213000,16972000,715172000,0,0,4685000,0,-3684308000,-15488000,None,124603000,976825000,7256074000,None,5983213000,106579000,6276201000,None,None,None,2774189000,7931806000,230488000,None,4683473000,USD,-7021000,-98735000,-60386000,-7021000,136331000,-232390000,-15609000,-6239000,207073000,16549000,309325000,-6742000,78114000,-47137000,-305975000,3391000,25363000,151587000,53365000,-25363000,None,16549000,5.15,5.47
14,2016-12-31,USD,1302998000,266264000,707174000,595824000,304583000,207678000,24558000,0,224246000,0,199500000,-24977000,329560000,66764000,80337000,None,None,None,0,0,0,16568000,-299647000,0,207678000,207678000,None,USD,8003595000,2544801000,None,179148000,8795610000,-792015000,182737000,1832609000,4745000,-3891381000,277827000,2205107000,5962253000,213939000,2668601000,5485000,5485000,-139000,1398693000,642649000,8918000,-5541923000,0,229199000,5842764000,20363000,830507000,0,0,4745000,0,-3891381000,-22906000,None,119097000,1084330000,7360946000,None,5842764000,101508000,6127009000,None,None,None,3117666000,8003595000,213939000,None,4740947000,USD,-4295000,111054000,-73710000,-127000,-262235000,-787866000,-29318000,62542000,204627000,-358443000,503133000,34196000,68111000,-48079000,-448234000,7667000,-44188000,83400000,73583000,-5922000,None,-358443000,4.45,5.15
15,2016-09-30,USD,1277646000,257443000,628024000,649622000,394549000,193901000,19254000,0,305457000,0,189563000,2370000,392179000,67880000,89092000,None,None,None,0,0,0,111556000,-5841000,0,193901000,193901000,None,USD,8422827000,2556568000,None,202289000,8929341000,-506514000,177343000,1811283000,4846000,-4096008000,277303000,2205107000,6000344000,572382000,2901968000,358701000,358701000,-82000,1381114000,1041369000,6163000,-5268189000,0,238668000,5743389000,28030000,731984000,0,0,4846000,0,-4096008000,-12526000,None,131492000,1101014000,7381458000,None,5743389000,106641000,6027373000,None,None,None,3597256000,8422827000,572382000,None,4843154000,USD,-215000,23520000,-65289000,-215000,-4070000,-260598000,-27224000,9654000,196952000,95929000,421816000,9472000,69527000,0,-229304000,-1754000,38266000,146060000,65074000,-21961000,None,95929000,4.17,4.45
16,2016-06-30,USD,1235566000,239244000,634166000,601400000,364671000,173015000,18893000,0,281275000,0,172536000,2515000,362156000,66708000,83396000,None,None,None,0,0,0,108260000,-13329000,0,173015000,173015000,None,USD,8139845000,2568648000,None,200356000,8914964000,-775119000,170067000,1815426000,4893000,-4586856000,272647000,2205107000,5832594000,476453000,2538828000,5611000,5611000,-68000,1373874000,933377000,4900000,-5548874000,0,230292000,6096808000,26276000,717791000,0,0,4893000,0,-4586856000,-19458000,None,143429000,910510000,7206468000,None,6096808000,109261000,6376136000,None,None,None,3826370000,8139845000,476453000,None,4888341000,USD,-155000,30153000,-37156000,-155000,384762000,-20445000,-4025000,20530000,173015000,374501000,432102000,21649000,68190000,0,-401182000,-4521000,16305000,153478000,37001000,-9862000,None,374501000,3.95,4.17
17,2016-03-31,USD,1201010000,233858000,618918000,582092000,359082000,171339000,19441000,0,280682000,0,166231000,10848000,348234000,67627000,78400000,None,None,None,0,0,0,109343000,-67552000,0,171339000,171339000,None,USD,7928242000,2580906000,None,204849000,8492186000,-563944000,167014000,1799491000,4994000,-4759871000,271901000,2205107000,5965334000,101952000,2504458000,5501000,None,-53000,1400755000,562153000,6695000,-5349957000,0,233597000,5709319000,21755000,699466000,0,0,4994000,0,-4759871000,-17757000,None,159977000,1012649000,7366089000,None,5709319000,111395000,5987728000,None,None,None,4208743000,7928242000,101952000,None,4989436000,USD,None,13633000,-33969000,-3798000,257701000,-338103000,-1354000,None,171339000,-9886000,362186000,-22811000,68987000,0,-594450000,540000,6443000,136941000,30171000,-6443000,None,-9886000,3.95,3.95
18,2015-12-31,USD,1196146000,273705000,628572000,567574000,297171000,134633000,17223000,0,219980000,0,204018000,3302000,302759000,69687000,77191000,None,None,None,0,0,0,85347000,-413648000,0,134633000,134633000,None,USD,8046662000,2593346000,None,192974000,8213153000,-166491000,157609000,1866410000,5153000,-4931210000,266371000,2205107000,6069372000,111838000,2496487000,4764000,4764000,-502000,1415401000,561889000,None,-4964944000,0,234782000,5443614000,22295000,719808000,0,0,5153000,0,-4931210000,-23727000,None,155188000,1115731000,7484773000,None,5443614000,108762000,5716666000,None,None,None,4783795000,8046662000,111838000,None,5435000000,USD,-4295000,93954000,-43949000,-3966000,45587000,-339855000,-14917000,-194407000,134633000,-40707000,343097000,-76278000,71014000,-48079000,-370525000,4448000,-61440000,126115000,43949000,-10789000,None,-40707000,4.07,3.95
19,2015-09-30,USD,1169712000,228179000,589949000,579763000,355717000,166550000,16132000,0,279093000,0,157775000,4133000,351584000,70404000,76624000,None,None,None,0,0,0,112543000,642000,0,166550000,166550000,None,USD,8140881000,2605978000,None,189857000,8079969000,60912000,154473000,1711435000,5240000,-5065843000,257798000,2205107000,5284391000,152545000,2421850000,5646000,None,-502000,1440368000,1416122000,None,-4750173000,0,1046977000,5400321000,26743000,704769000,0,0,5240000,0,-5065843000,-25104000,None,68730000,389809000,14767000,None,5400321000,103325000,5658119000,None,None,None,5147121000,8140881000,152545000,None,5233869000,USD,None,-160308000,-29714000,0,287070000,-300407000,-24202000,None,166550000,-141508000,188613000,-25019000,71693000,0,-563275000,-2144000,50651000,146827000,29714000,-8986000,None,-141508000,3.735,4.07
