,fiscalDateEnding,reportedCurrency_x,totalRevenue,totalOperatingExpense,costOfRevenue,grossProfit,ebit,netIncome_x,researchAndDevelopment,effectOfAccountingCharges,incomeBeforeTax,minorityInterest,sellingGeneralAdministrative,otherNonOperatingIncome,operatingIncome,otherOperatingExpense,interestExpense,taxProvision,interestIncome,netInterestIncome,extraordinaryItems,nonRecurring,otherItems,incomeTaxExpense,totalOtherIncomeExpense,discontinuedOperations,netIncomeFromContinuingOperations,netIncomeApplicableToCommonShares,preferredStockAndOtherAdjustments,reportedCurrency_y,totalAssets,intangibleAssets,earningAssets,otherCurrentAssets,totalLiabilities,totalShareholderEquity,deferredLongTermLiabilities,otherCurrentLiabilities,commonStock,retainedEarnings,otherLiabilities,goodwill,otherAssets,cash,totalCurrentLiabilities,shortTermDebt,currentLongTermDebt,otherShareholderEquity,propertyPlantEquipment,totalCurrentAssets,longTermInvestments,netTangibleAssets,shortTermInvestments,netReceivables,longTermDebt,inventory,accountsPayable,totalPermanentEquity,additionalPaidInCapital,commonStockTotalEquity,preferredStockTotalEquity,retainedEarningsTotalEquity,treasuryStock,accumulatedAmortization,otherNonCurrrentAssets,deferredLongTermAssetCharges,totalNonCurrentAssets,capitalLeaseObligations,totalLongTermDebt,otherNonCurrentLiabilities,totalNonCurrentLiabilities,negativeGoodwill,warrants,preferredStockRedeemable,capitalSurplus,liabilitiesAndShareholderEquity,cashAndShortTermInvestments,accumulatedDepreciation,commonStockSharesOutstanding,reportedCurrency,investments,changeInLiabilities,cashflowFromInvestment,otherCashflowFromInvestment,netBorrowings,cashflowFromFinancing,otherCashflowFromFinancing,changeInOperatingActivities,netIncome_y,changeInCash,operatingCashflow,otherOperatingCashflow,depreciation,dividendPayout,stockSaleAndPurchase,changeInInventory,changeInAccountReceivables,changeInNetIncome,capitalExpenditures,changeInReceivables,changeInExchangeRate,changeInCashAndCashEquivalents,clossingVal,nextClossingVal
0,2020-06-30,USD,207533000,119242000,81222000,126311000,7069000,-1823000,70838000,None,-1442000,None,48404000,None,7069000,None,11778000,381000,3267000,-8511000,None,None,None,381000,None,None,-1823000,-1823000,None,USD,1923707000,189923000,None,53584000,766061000,1157646000,None,94755000,4000,981554000,59287000,631932000,38815000,277659000,135000000,None,None,2611000,140200000,917437000,None,335791000,445685000,70487000,571774000,70022000,40245000,None,None,4000,None,981554000,None,None,44215000,None,1006270000,None,571774000,59287000,631061000,None,None,None,173477000,1923707000,723344000,None,43796000,USD,-245000,-1685000,-323763000,-317259000,-62446000,-55151000,-462000,-6231000,-1823000,-338111000,40803000,6242000,8868000,None,7757000,1990000,5528000,21683000,6259000,5528000,None,-338111000,100.27,
1,2020-03-31,USD,214877000,125219000,85711000,129166000,3947000,2244000,71223000,None,1657000,None,53996000,None,3947000,None,5541000,-587000,3251000,-2290000,None,None,None,-587000,None,None,2244000,2244000,None,USD,1971082000,124604000,None,46994000,871479000,1099603000,None,94586000,4000,983377000,52753000,398402000,58248000,615770000,446733000,310000000,310000000,-331000,136391000,1248037000,None,576597000,442493000,74620000,371993000,68160000,42147000,None,None,4000,None,983377000,None,None,63648000,None,723045000,None,371993000,52753000,424746000,None,None,None,116553000,1971082000,1058263000,None,43670000,USD,56010000,1886000,51505000,-370000,310000000,277419000,-16294000,13580000,2244000,388624000,59700000,28383000,7919000,None,-16287000,4777000,1542000,12949000,4135000,1542000,None,388624000,85.41,100.27
2,2019-12-31,USD,219438000,120042000,86167000,133271000,13229000,9715000,69176000,None,11618000,None,50866000,None,13229000,None,5105000,1903000,3494000,-1611000,None,None,None,1903000,-1611000,None,9715000,9715000,None,USD,1674853000,134279000,None,69192000,559802000,1115051000,None,98802000,4000,980608000,41554000,398402000,33941000,227146000,137701000,None,None,646000,135939000,943859000,12347000,582370000,498825000,75639000,368257000,73057000,38899000,None,None,4000,None,980608000,None,None,62374000,None,730994000,None,368257000,53844000,422101000,None,None,None,133793000,1674853000,725971000,None,43496000,USD,-41082000,330000,-48362000,-3774000,-5000,6781000,-602000,-6741000,9715000,-9910000,31671000,1457000,7662000,None,7388000,-1341000,574000,13274000,3506000,574000,None,-9910000,115.98,85.41
3,2019-09-30,USD,223294000,110270000,89204000,134090000,23820000,20181000,62552000,None,21866000,None,47718000,None,23820000,None,5126000,1685000,3172000,-1954000,None,None,None,1685000,-1954000,None,20181000,20181000,None,USD,1637178000,140941000,None,52609000,553424000,1083754000,None,93312000,4000,970893000,39578000,397344000,44135000,237056000,132036000,None,None,606000,136601000,895166000,5715000,545469000,457879000,76169000,364802000,71453000,38724000,None,None,4000,None,970893000,None,None,67126000,None,742012000,None,364802000,56586000,421388000,None,None,None,112251000,1637178000,694935000,None,43373000,USD,-5763000,-1637000,-13678000,-4544000,-1127000,-2312000,-1184000,11839000,20181000,47507000,63497000,24550000,7600000,None,-1000,2394000,-3868000,14277000,3371000,-3868000,None,47507000,111.35,115.98
4,2019-06-30,USD,206709000,112493000,79660000,127049000,14556000,-16029000,63856000,None,13247000,None,48637000,None,14556000,None,5005000,29276000,3696000,-1309000,None,None,None,29276000,-1309000,None,-16029000,-16029000,None,USD,1602940000,150356000,None,59662000,551669000,1051271000,None,89452000,4000,950712000,42374000,397344000,45859000,189549000,131037000,None,None,890000,137644000,847642000,5647000,503571000,452265000,72301000,361430000,73865000,41585000,None,None,4000,None,950712000,None,None,69954000,None,755298000,None,361430000,59202000,420632000,None,None,None,99665000,1602940000,641814000,None,43344000,USD,-68233000,2016000,-75935000,-2588000,310000000,-4999000,-396000,220000,-16029000,-41595000,39339000,10262000,7648000,None,-4603000,-3370000,-2430000,41242000,5114000,-2430000,None,-41595000,103.4,111.35
5,2019-03-31,USD,188113000,110782000,72239000,115874000,5092000,5398000,61566000,None,2918000,None,49216000,None,5092000,None,4997000,-2480000,2823000,-2174000,None,None,None,-2480000,-2174000,None,5398000,5398000,None,USD,1621927000,160512000,None,60274000,564445000,1057482000,None,93211000,4000,966741000,54907000,397344000,85629000,231144000,134755000,None,None,-251000,138819000,814488000,5761000,499626000,382710000,69871000,358093000,70489000,41544000,None,None,4000,None,966741000,None,None,110764000,None,807439000,None,358093000,71597000,429690000,None,None,None,90988000,1621927000,613854000,None,43341000,USD,35491000,83000,31203000,-414000,None,-29117000,-14113000,-10217000,5398000,34101000,32015000,2211000,7458000,None,-15004000,4488000,3323000,9054000,4288000,3323000,None,34101000,80.86,103.4
6,2018-12-31,USD,215534000,111881000,85291000,130243000,18362000,15145000,62933000,0,13098000,0,48948000,None,18362000,0,-4991000,None,None,None,-100000,0,0,-2047000,-5264000,0,15145000,15145000,None,USD,1624354000,170832000,None,64650000,557064000,1067290000,None,103674000,4000,961343000,57448000,397344000,84391000,197043000,144845000,None,None,-1574000,139049000,826638000,6100000,499114000,416779000,73194000,354771000,74972000,41171000,None,None,4000,None,961343000,None,None,90491000,None,797716000,None,354771000,57448000,412219000,None,None,None,107517000,1624354000,613822000,None,43088000,USD,-39687000,-4220000,-47857000,-1975000,None,-8842000,-556000,-10820000,15145000,-28283000,28416000,-1929000,7445000,None,-8286000,2594000,1413000,7968000,8170000,1413000,None,-28283000,78.81,80.86
7,2018-09-30,USD,230243000,110497000,94616000,135627000,25130000,27761000,61091000,0,22307000,0,49406000,None,25130000,0,-4932000,None,None,None,0,0,0,-5454000,-2827000,0,27761000,27761000,None,USD,1604289000,181611000,None,46952000,556582000,1047707000,0,103701000,4000,946201000,57777000,396689000,83622000,225326000,147348000,None,None,-1667000,135566000,801051000,5750000,469407000,376603000,74607000,351457000,77563000,43647000,0,0,4000,0,946201000,0,None,89372000,None,803238000,None,351457000,57777000,409234000,None,None,None,103169000,1604289000,601929000,None,43147000,USD,-29056000,1077000,-39112000,-3195000,None,-24774000,-3899000,-3075000,27761000,30462000,94348000,17876000,7362000,0,-20875000,5631000,19223000,15418000,10056000,19223000,None,30462000,91.8,78.81
8,2018-06-30,USD,217106000,113291000,85814000,131292000,18001000,14280000,59495000,0,14722000,0,53796000,None,18001000,0,-4888000,None,None,None,0,0,0,442000,-5379000,0,14280000,14280000,None,USD,1592611000,192601000,None,52642000,564143000,1028468000,0,98757000,4000,918440000,76830000,396689000,89743000,194864000,139080000,348233000,348233000,-1960000,132021000,775915000,5642000,439178000,347416000,93830000,348233000,87163000,40323000,0,0,4000,0,918440000,0,None,95385000,None,816696000,None,348233000,76830000,425063000,None,None,None,111984000,1592611000,542280000,None,43350000,USD,70814000,-11461000,-177414000,-239729000,None,1440000,-537000,6393000,14280000,-147408000,28566000,17969000,7124000,0,1977000,2803000,-13398000,11069000,8499000,-13398000,None,-147408000,99.6,91.8
9,2018-03-31,USD,205384000,100522000,81147000,124237000,23715000,26405000,54828000,0,22034000,0,45694000,None,23715000,0,4883000,None,None,None,0,0,0,-4371000,-1681000,0,26405000,26405000,None,USD,1565995000,76716000,None,64555000,565420000,1000575000,0,94736000,4000,904160000,75567000,288227000,459780000,342272000,144804000,345049000,345049000,-1985000,129894000,976321000,5609000,635632000,417867000,75122000,345049000,76505000,50068000,0,0,4000,0,904160000,0,None,94837000,None,589674000,None,345049000,75567000,420616000,None,None,None,98396000,1565995000,760139000,None,43227000,USD,76154000,11181000,67354000,-4698000,None,-16660000,-17871000,-28661000,26405000,72906000,22212000,-22804000,6873000,0,1211000,-3368000,-3307000,7412000,8800000,-3307000,None,72906000,89.9,99.6
10,2017-12-31,USD,201018000,92874000,81754000,119264000,25814000,-4852000,52735000,0,23490000,0,40139000,None,26390000,0,4863000,None,None,None,0,0,0,28342000,-7622000,0,-4852000,-4852000,None,USD,1535082000,83144000,None,39120000,582066000,953016000,0,123474000,4000,851307000,67507000,288227000,459758000,269366000,162325000,341879000,341879000,-1157000,127682000,947642000,10000000,581645000,494657000,71367000,341879000,73132000,38851000,0,0,4000,0,851307000,0,None,88387000,None,587440000,None,341879000,77862000,419741000,None,None,None,102862000,1535082000,764023000,None,42707000,USD,-13738000,-19849000,-19344000,-1510000,316968000,4096000,-883000,78168000,-4852000,32907000,48155000,70399000,6860000,0,4979000,-220000,3234000,-9004000,4096000,4821000,None,32907000,88.3,89.9
11,2017-09-30,USD,198723000,91606000,82149000,116574000,24968000,19949000,52000000,0,22127000,0,39606000,None,24968000,0,4764000,None,None,None,0,0,0,2178000,0,0,19949000,19949000,None,USD,1477786000,89859000,None,37563000,534954000,942832000,0,56701000,4000,856159000,36246000,288629000,443210000,236459000,159991000,338717000,338717000,-335000,129075000,905501000,5471000,564344000,482396000,76188000,338717000,72895000,103290000,0,0,4000,0,856159000,0,None,59251000,None,572285000,None,338717000,36246000,374963000,None,None,None,87004000,1477786000,718855000,None,42562000,USD,-31246000,10353000,-34188000,0,None,-769000,-769000,14446000,19949000,25844000,60801000,17927000,6837000,0,6836000,-5459000,1587000,11894000,2942000,-700000,None,25844000,79.9,88.3
12,2017-06-30,USD,190098000,92258000,76906000,113192000,20934000,16569000,52432000,0,17830000,0,39826000,None,20934000,0,4699000,None,None,None,0,0,0,1261000,0,0,16569000,16569000,None,USD,1434327000,96819000,None,46862000,522122000,912205000,0,48914000,4000,836210000,43240000,288629000,451912000,210615000,143243000,335639000,335639000,-418000,130909000,851506000,5379000,526757000,451114000,75488000,335639000,67427000,94329000,0,0,4000,0,836210000,0,None,61085000,None,582821000,None,335639000,43240000,378879000,None,None,None,76409000,1434327000,661729000,None,42539000,USD,-54745000,-664000,-58930000,0,-532000,5594000,-548000,10228000,31995000,-14784000,38552000,-2776000,6750000,0,6674000,-6101000,0,8983000,4185000,365000,None,-14784000,68.35,79.9
13,2017-03-31,USD,179028000,92479000,73867000,105161000,13258000,15426000,52324000,0,13456000,0,40155000,576000,12682000,0,0,None,None,None,0,0,0,-1970000,0,0,15426000,15426000,None,USD,1399426000,103638000,None,54360000,520592000,878834000,0,49700000,4000,819641000,42797000,288629000,455545000,225399000,145293000,332502000,332502000,-525000,130635000,813246000,5257000,486567000,396327000,75852000,332502000,61308000,95593000,0,0,4000,0,819641000,0,None,58021000,None,586180000,None,332502000,42797000,375299000,None,None,None,59714000,1399426000,621726000,None,42348000,USD,-242182000,5123000,-261829000,-13658000,317500000,304109000,-13553000,1283000,15426000,84293000,42013000,28886000,4465000,0,162000,-1636000,0,6427000,5989000,-1252000,None,84293000,73.55,68.35
14,2016-12-31,USD,182610000,89393000,73134000,109476000,20440000,20109000,50626000,0,19792000,0,38767000,357000,20083000,0,648000,None,None,None,0,0,0,-317000,-1781000,0,20109000,20109000,None,USD,1081844000,103565000,None,61805000,254886000,826958000,0,45568000,4000,801999000,29572000,276130000,461434000,141106000,139695000,72500000,72500000,492000,129559000,490851000,5196000,447263000,153961000,74401000,72500000,59578000,94127000,0,0,4000,0,801999000,0,None,76543000,None,590993000,None,72500000,42691000,115191000,None,None,None,24463000,1081844000,295067000,None,41889000,USD,-21080000,-10121000,-33815000,-6546000,-5000000,4435000,-413000,-11314000,20109000,-7089000,22291000,15530000,3304000,0,4848000,-4535000,46000,6745000,6189000,11368000,None,-7089000,65.0,73.55
15,2016-09-30,USD,178083000,86471000,69880000,108203000,22005000,20018000,48437000,0,21362000,0,38034000,273000,21732000,0,643000,None,None,None,0,0,0,1344000,0,0,20018000,20018000,None,USD,1030216000,100320000,None,49087000,242587000,787629000,0,47057000,4000,781890000,26240000,272722000,431503000,148195000,143847000,None,None,-609000,130318000,468395000,6980000,414587000,131139000,84923000,72500000,55051000,96790000,0,0,4000,0,781890000,0,None,51481000,None,561821000,None,72500000,26240000,98740000,None,None,None,6344000,1030216000,279334000,None,41651000,USD,11042000,17961000,4864000,0,317500000,-4191000,-840000,4122000,20018000,46861000,46188000,29956000,3237000,0,-3351000,1330000,0,6637000,6178000,-12933000,None,46861000,58.8,65.0
16,2016-06-30,USD,174908000,90680000,66614000,108294000,17910000,15559000,51635000,0,17269000,0,39045000,296000,17614000,0,641000,None,None,None,0,0,0,1710000,0,0,15559000,15559000,None,USD,992588000,106246000,None,53326000,231439000,761149000,0,39257000,4000,761872000,27959000,272722000,436726000,101334000,140980000,10000000,10000000,-727000,130498000,425364000,6921000,382181000,142326000,71990000,62500000,56388000,91723000,0,0,4000,0,761872000,0,None,50837000,None,567224000,None,62500000,27959000,90459000,None,None,None,None,992588000,243660000,None,41637000,USD,-15379000,-8897000,-19330000,0,-2500000,-24048000,-11291000,-5877000,15559000,-25356000,18022000,17134000,3365000,0,-10257000,-7468000,1611000,11287000,3951000,2601000,None,-25356000,48.74,58.8
17,2016-03-31,USD,162025000,88683000,66494000,95531000,6728000,5808000,49046000,0,6073000,0,39637000,-120000,6848000,0,655000,None,None,None,0,0,0,265000,0,0,5808000,5808000,None,USD,998282000,113800000,None,44222000,248835000,749447000,0,41042000,4000,750256000,28739000,272722000,446933000,126690000,155096000,10000000,None,-813000,130099000,421250000,6845000,362925000,126824000,74591000,65000000,48923000,104054000,0,0,4000,0,750256000,0,None,53566000,None,577032000,None,65000000,28739000,93739000,None,None,None,None,998282000,253514000,None,41743000,USD,2107000,3287000,-1303000,0,-2500000,-28501000,-7517000,None,5808000,12605000,42409000,21922000,3310000,0,-18484000,4580000,0,10300000,3410000,-990000,None,12605000,44.96,48.74
18,2015-12-31,USD,182610000,88742000,73134000,109476000,20440000,20109000,47245000,0,19792000,0,41497000,357000,20083000,0,668000,None,None,None,0,0,0,-317000,-6271000,0,20109000,20109000,None,USD,1011463000,103565000,None,61805000,250349000,761114000,0,45568000,4000,747242000,26787000,272722000,457191000,141106000,142321000,10000000,10000000,492000,131132000,490851000,5196000,447263000,153961000,73601000,67500000,59578000,96873000,0,0,4000,0,747749000,0,None,76543000,None,588323000,None,67500000,40528000,108028000,None,None,None,24463000,1011463000,295067000,None,None,USD,-21080000,-10121000,-33815000,-6546000,-2500000,4435000,-413000,-9573000,5658000,-7089000,22291000,15530000,3224000,0,4848000,-4535000,1702000,6745000,6189000,11368000,None,-7089000,48.54,44.96
19,2015-09-30,USD,156194000,82212000,62759000,93435000,11129000,9975000,46483000,0,10442000,0,35729000,-94000,11223000,0,687000,None,None,None,0,0,0,467000,0,0,9975000,9975000,None,USD,978051000,121208000,None,48903000,236575000,741476000,0,37881000,4000,742091000,37234000,263925000,418413000,135640000,129341000,10000000,None,-619000,130283000,429355000,7240000,356343000,112670000,80185000,70000000,51957000,81460000,0,0,4000,0,742091000,0,None,26040000,None,548696000,None,70000000,37234000,107234000,None,None,None,None,978051000,248310000,None,41570000,USD,34978000,-2924000,28991000,0,-5885000,-68614000,-1699000,None,9975000,10589000,50212000,23867000,3264000,0,-61030000,8793000,12097000,6839000,5987000,10373000,None,10589000,41.54,48.54
