,fiscalDateEnding,reportedCurrency_x,totalRevenue,totalOperatingExpense,costOfRevenue,grossProfit,ebit,netIncome_x,researchAndDevelopment,effectOfAccountingCharges,incomeBeforeTax,minorityInterest,sellingGeneralAdministrative,otherNonOperatingIncome,operatingIncome,otherOperatingExpense,interestExpense,taxProvision,interestIncome,netInterestIncome,extraordinaryItems,nonRecurring,otherItems,incomeTaxExpense,totalOtherIncomeExpense,discontinuedOperations,netIncomeFromContinuingOperations,netIncomeApplicableToCommonShares,preferredStockAndOtherAdjustments,reportedCurrency_y,totalAssets,intangibleAssets,earningAssets,otherCurrentAssets,totalLiabilities,totalShareholderEquity,deferredLongTermLiabilities,otherCurrentLiabilities,commonStock,retainedEarnings,otherLiabilities,goodwill,otherAssets,cash,totalCurrentLiabilities,shortTermDebt,currentLongTermDebt,otherShareholderEquity,propertyPlantEquipment,totalCurrentAssets,longTermInvestments,netTangibleAssets,shortTermInvestments,netReceivables,longTermDebt,inventory,accountsPayable,totalPermanentEquity,additionalPaidInCapital,commonStockTotalEquity,preferredStockTotalEquity,retainedEarningsTotalEquity,treasuryStock,accumulatedAmortization,otherNonCurrrentAssets,deferredLongTermAssetCharges,totalNonCurrentAssets,capitalLeaseObligations,totalLongTermDebt,otherNonCurrentLiabilities,totalNonCurrentLiabilities,negativeGoodwill,warrants,preferredStockRedeemable,capitalSurplus,liabilitiesAndShareholderEquity,cashAndShortTermInvestments,accumulatedDepreciation,commonStockSharesOutstanding,reportedCurrency,investments,changeInLiabilities,cashflowFromInvestment,otherCashflowFromInvestment,netBorrowings,cashflowFromFinancing,otherCashflowFromFinancing,changeInOperatingActivities,netIncome_y,changeInCash,operatingCashflow,otherOperatingCashflow,depreciation,dividendPayout,stockSaleAndPurchase,changeInInventory,changeInAccountReceivables,changeInNetIncome,capitalExpenditures,changeInReceivables,changeInExchangeRate,changeInCashAndCashEquivalents,clossingVal,nextClossingVal
0,2020-06-30,USD,0,-11193000,None,None,-7384000,-7384000,-6103000,None,-7384000,None,-2248000,3809000,-11193000,-2842000,None,None,1000,1000,None,None,None,None,966000,None,-7384000,-7384000,None,USD,78859000,15553000,None,505000,22682000,56177000,4955000,742000,80000,-171048000,14319000,None,None,62499000,8363000,None,None,None,17000,63004000,None,40624000,None,None,None,None,7621000,None,None,80000,None,-171048000,None,None,285000,None,15855000,298000,None,9364000,14319000,None,None,None,227145000,78859000,62499000,None,79560274,USD,0,211000,None,None,-4000,53963000,-4000,784000,-7384000,47429000,-6534000,3618000,488000,None,53967000,None,None,-3467000,0,None,None,47429000,2.22,
1,2020-03-31,USD,0,-9282000,None,None,-5858000,-5858000,-6695000,None,-5858000,None,-2003000,3424000,-9282000,-584000,None,None,11000,11000,None,None,None,None,2829000,None,-5858000,-5858000,None,USD,32113000,16039000,None,572000,22632000,9481000,8763000,623000,45000,-163664000,15285000,None,59000,15070000,7287000,None,None,None,19000,15642000,None,-6558000,None,None,None,None,6664000,None,None,45000,None,-163664000,None,None,413000,None,16471000,315000,None,6582000,15345000,None,None,None,173100000,32113000,15070000,None,44686811,USD,0,1383000,None,None,-4000,-4000,-4000,594000,-5858000,-5663000,-5659000,1348000,489000,None,None,None,None,-3021000,0,None,None,-5663000,2.38,2.22
2,2019-12-31,USD,0,-6752000,None,None,-14625000,-14625000,-5272000,None,-14625000,None,-1608000,-7873000,-6752000,128000,None,None,None,21000,None,None,None,None,-7766000,None,-14625000,-14625000,None,USD,38172000,16525000,None,411000,23225000,14947000,12176000,687000,45000,-157806000,18114000,None,59000,20733000,4964000,None,None,None,22000,21144000,None,-1578000,0,None,None,None,4277000,None,None,45000,None,-157806000,None,None,481000,None,17028000,305000,None,6085000,18261000,None,None,None,172708000,38172000,20733000,None,44658054,USD,103000,-481000,103000,108000,-2000,14453000,14481000,443000,-14625000,9480000,-5076000,17582000,490000,None,14483000,None,None,8098000,5000,9000,None,9508000,2.94,2.38
3,2019-09-30,USD,0,6105000,None,None,-5615000,889000,4490000,None,889000,None,1615000,None,-6105000,None,None,None,-123000,29000,None,None,None,None,6965000,None,889000,889000,None,USD,28725000,17011000,None,None,13840000,14885000,None,None,32000,-143181000,10361000,None,59000,11225000,3454000,None,None,None,46000,11609000,None,-2126000,0,9000,None,None,1735000,None,None,None,None,None,None,None,59000,None,17116000,None,None,6104000,10386000,None,None,None,158034000,None,11225000,None,32000000,USD,441000,-5000,441000,-59000,-2000,14481000,None,719000,889000,-4278000,-4719000,None,490000,None,None,None,None,-6812000,16000,None,None,None,1.5,2.94
4,2019-06-30,USD,0,-5623000,None,None,-10008000,-10008000,-3745000,None,-10008000,None,-1695000,-4385000,-5623000,-183000,None,None,47000,47000,None,None,None,None,-4615000,None,-10008000,-10008000,None,USD,34134000,17497000,None,1094000,20291000,13843000,11398000,None,32000,-144070000,17436000,None,None,15503000,2855000,None,None,None,22000,16615000,None,-3654000,623000,18000,None,None,2855000,None,None,32000,None,-144070000,None,None,17519000,None,17519000,None,None,6038000,17436000,None,None,None,157881000,34134000,15503000,None,31793292,USD,-6000,605000,-6000,-59000,-2000,14481000,None,309000,-10008000,-3899000,-3893000,-9693000,489000,None,None,None,None,4652000,6000,54000,None,-3899000,2.8,1.5
5,2019-03-31,USD,0,-4978000,None,None,-7030000,-7030000,-2760000,None,-7030000,None,-2012000,-2052000,-4978000,-206000,None,None,-190000,57000,None,None,None,None,-2315000,None,-7030000,-7030000,None,USD,38867000,17983000,None,1391000,15236000,23631000,7131000,None,32000,-134062000,12986000,None,None,19402000,2250000,None,None,None,19000,20865000,None,5648000,788000,72000,None,None,2250000,None,None,32000,None,-134062000,None,None,18002000,None,18002000,None,None,5855000,12986000,None,None,None,157661000,38867000,19402000,None,31776584,USD,-10000,373000,-10000,-59000,-2000,0,None,-143000,-7030000,-3697000,-3687000,-6898000,489000,None,None,None,None,2357000,10000,-8000,None,-3697000,2.06,2.8
6,2018-12-31,USD,0,-3535000,0,0,923000,793000,-2192000,0,923000,0,-937000,4458000,-3535000,-406000,-137000,None,None,None,-130000,0,0,0,3950000,-1067000,923000,793000,None,USD,43151000,18469000,None,1507000,12738000,30413000,5212000,None,32000,-127032000,10861000,None,None,23099000,1877000,None,None,None,12000,24670000,None,11944000,978000,64000,None,None,1877000,None,None,32000,None,-127032000,None,None,None,None,18481000,None,None,5649000,10861000,None,None,None,157413000,43151000,23099000,None,31755169,USD,None,-573000,-174000,-171000,None,16302000,16302000,-476000,263000,12392000,-3736000,169000,490000,None,16500000,None,None,-3758000,2000,-64000,None,12392000,1.71,2.06
7,2018-09-30,USD,0,-3878000,3160000,0,-2309000,-2736000,-2092000,0,-2309000,0,-1558000,1569000,-3878000,-228000,-137000,None,None,None,0,0,0,0,1341000,-427000,-2309000,-2736000,None,USD,30835000,18955000,None,1174000,16630000,14205000,6701000,110000,21000,-127295000,14122000,0,453000,10239000,2508000,None,None,None,14000,11413000,None,-4750000,0,None,0,0,2398000,0,0,21000,0,-127295000,0,None,453000,None,19422000,None,None,7421000,14122000,None,None,None,141479000,30835000,10239000,None,21435241,USD,None,542000,-5000,-172000,None,700000,700000,325000,-2206000,-1982000,-2677000,-1504000,490000,0,0,0,0,-2205000,7000,None,None,-1982000,2.16,1.71
8,2018-06-30,USD,0,-3413000,2989000,0,-7214000,-7637000,-1714000,0,-7214000,0,-1766000,-3801000,-3413000,67000,-137000,None,None,None,0,0,0,0,-3734000,-423000,-7214000,-7637000,None,USD,33344000,19441000,None,718000,17507000,15837000,9056000,102000,21000,-125371000,15562000,0,579000,12593000,1945000,None,None,None,13000,13311000,None,-3604000,0,None,0,0,1843000,0,0,21000,0,-125371000,0,None,579000,None,20033000,None,None,6506000,15562000,None,None,None,141187000,33344000,12593000,None,21413867,USD,None,80000,-1000,-1000,None,537000,425000,316000,-7637000,-2214000,-2750000,-6678000,491000,0,0,0,0,3357000,1000,None,None,-2214000,2.34,2.16
9,2018-03-31,USD,0,-3475000,2555000,0,-3241000,-3755000,-1180000,0,-3241000,0,-2295000,234000,-3475000,0,-137000,None,None,None,0,0,0,0,-194000,-514000,-3241000,-3755000,None,USD,36331000,19927000,None,907000,13312000,23019000,5222000,88000,20000,-117734000,11370000,0,579000,14901000,1942000,None,None,None,17000,15808000,None,3092000,35000,None,0,0,1854000,0,0,20000,0,-117734000,0,None,579000,None,20523000,None,None,6148000,11370000,None,None,None,140733000,36331000,14901000,None,19768375,USD,None,157000,-1000,-172000,None,288000,400000,-332000,-3755000,-2232000,-2520000,-3321000,492000,0,-112000,0,0,152000,1000,None,None,-2232000,1.813,2.34
10,2017-12-31,USD,4000,16623123,2124000,-38000,-10485123,-11881425,1023000,0,-13724317,0,6610381,None,-7492123,0,0,None,None,None,0,0,0,-1650467,-4045194,-2013575,-13104850,-15118425,None,USD,39021665,20413056,None,859300,12486757,26534908,5433593,126611,19239,-113979312,10754000,0,21005000,17134507,1732769,None,None,None,22885,17993807,None,6121852,35000,None,0,0,1606158,0,0,19239,0,-113979312,0,None,591917,None,21027858,None,None,5320395,10753988,None,5,None,140494976,39021665,17134507,None,9000000,USD,None,190630,379000,954000,None,23945000,-1063471,-214699,-15667425,14373511,-9949958,None,1611271,0,0,0,0,4130265,3000,None,None,None,1.8,1.813
11,2017-09-30,USD,-208000,-2689000,2172000,-208000,-2551000,-3786000,-982000,0,-2551000,0,-1707000,138000,-2689000,0,0,None,None,None,0,0,0,0,0,-1027000,-2551000,-3786000,None,USD,26382000,19353000,None,708000,3172000,23210000,309000,113000,10000,-108954000,1441000,0,19937000,5682000,1731000,None,None,None,55000,6390000,None,3857000,35000,None,0,0,1618000,0,0,10000,0,-108954000,0,None,584000,None,19992000,None,None,1132000,1441000,None,None,None,132154000,26382000,5682000,None,9970538,USD,None,81000,371000,371000,None,10000000,-1063471,219000,-3786000,-1882000,-2253000,-2137000,459000,0,10000000,0,3000,-840000,4000,-20000,None,-1900000,0.52,1.8
12,2017-06-30,USD,1000,3169000,42000,-41000,-3239000,-3966000,974000,0,-3239000,0,2195000,-29000,-3210000,0,0,None,None,None,0,0,0,0,0,2641000,-3239000,-3966000,None,USD,30381000,19884000,None,2569000,3693000,26688000,439000,214000,48000,-105200000,1571000,0,20010000,7582000,2122000,None,None,None,53000,10318000,None,6804000,35000,3000,0,164000,1908000,0,0,48000,0,-105200000,0,None,126000,None,20063000,None,None,1132000,1571000,None,None,None,131807000,30381000,7582000,None,47587647,USD,None,223000,-228000,-228000,None,10000000,-1063471,219000,-3969000,-2992000,-2764000,-5380000,419000,0,10000000,32000,0,-922000,4000,None,None,-2992000,0.501,0.52
13,2017-03-31,USD,265000,2266000,209000,56000,-2887000,-2887000,994000,0,-2887000,0,1272000,-677000,-2210000,0,0,None,None,None,0,0,0,0,0,-842000,-2887000,-2887000,None,USD,33865000,21128000,None,261000,3721000,30144000,348000,1237000,47000,-101199000,1549000,718000,21972000,10574000,2172000,None,None,None,93000,11800000,None,8298000,35000,110000,0,855000,2172000,0,0,47000,0,-101199000,0,None,126000,None,22065000,None,None,1201000,1549000,None,None,None,131296000,33865000,10574000,None,47479879,USD,None,-166000,-4000,0,None,10000000,400000,-15000,-2887000,7813000,-2183000,656000,151000,0,10000000,-195000,23000,235000,4000,23000,None,7813000,0.71,0.501
14,2016-12-31,USD,329000,8149117,1658000,69000,-13576117,-9315214,288000,0,-6737620,0,5901976,None,-5208117,0,0,None,None,None,0,0,0,0,1411497,-603594,-12164620,-19854386,None,USD,5564852,125530,None,246570,2129655,3435197,279538,1169000,16786,-98300000,423000,817465,1661000,2760996,1707378,None,None,None,102560,3801294,None,2492202,35000,133337,0,660391,1850117,0,0,16786,0,-98300000,0,None,718003,None,1763558,None,None,None,279538,None,13,None,101730285,5564852,2760996,None,16786952,USD,None,-76828,-38680,-23885,None,10768000,-446154,437783,-12065214,-2768527,-13497980,None,18670,0,0,109383,23000,-1812391,39000,None,None,None,0.81,0.71
15,2016-09-30,USD,329000,2871000,399000,-70000,-2750000,-2750000,1131000,0,-2750000,0,1740000,191000,-2941000,0,0,None,None,None,0,0,0,0,0,-7086000,-2750000,-6401000,3651000,USD,8309000,842000,None,217000,2597000,5712000,624000,915000,15000,-95698000,820000,718000,1686000,5450000,1777000,None,None,None,116000,6507000,None,4152000,35000,137000,0,703000,1777000,0,0,15000,0,-95698000,0,None,126000,None,1802000,None,None,196000,820000,None,None,None,101395000,8309000,5450000,None,15761530,USD,None,-201000,-39000,0,None,5699000,-7780000,-112000,-2750000,2913000,-2786000,-310000,39000,0,13478000,71000,19000,214000,39000,151000,None,2913000,0.9,0.81
16,2016-06-30,USD,391000,3413000,428000,-37000,-3513000,-3513000,1327000,0,-3513000,0,2086000,-63000,-3450000,0,0,None,None,None,0,0,0,0,0,2362000,-3513000,-3513000,None,USD,5535000,867000,None,157000,2101000,2610000,0,944000,15000,-92948000,1024000,718000,1661000,2537000,1901000,None,None,None,118000,3756000,None,1849000,35000,288000,0,774000,957000,0,0,15000,0,-92948000,0,None,76000,None,1779000,None,None,200000,200000,None,None,None,95543000,5535000,2537000,None,15761530,USD,None,-673000,-20000,0,None,70000,None,59000,-3513000,-3990000,-4040000,106000,35000,0,0,-121000,132000,227000,20000,-101000,None,-3990000,1.16,0.9
17,2016-03-31,USD,447000,4249000,461000,-14000,-3189000,-3189000,1772000,0,-3189000,0,2477000,1074000,-4263000,0,0,None,None,None,0,0,0,0,0,0,-3189000,-3189000,None,USD,9390000,892000,None,216000,3556000,5834000,777000,1317000,15000,-89436000,977000,718000,1686000,6527000,2579000,None,None,None,121000,7583000,None,4224000,35000,187000,0,653000,1262000,0,0,15000,0,-89436000,0,None,76000,None,1807000,None,None,200000,977000,None,None,None,95255000,9390000,6527000,None,15403111,USD,None,382000,-19000,0,None,5000000,None,None,-3189000,997000,-3984000,-1219000,20000,0,5071000,-102000,31000,155000,19000,-31000,None,997000,1.189,1.16
18,2015-12-31,USD,241000,5991266,207000,-191000,-5991266,-12614546,1284000,0,-9740066,0,3492000,None,-2808266,0,0,None,None,None,0,0,0,0,-3748800,-6168480,-9740066,-15908546,None,USD,8201195,76340,None,167642,4977379,3223816,1675240,2498000,14018,-86246673,1784000,916807,1711000,5529523,3192735,865000,None,None,85745,6404300,None,2230669,35000,156127,0,551008,2327735,0,0,14018,0,-86246673,0,None,718003,None,1796895,None,None,109404,1784644,None,5,None,89456466,8201195,5529523,None,14017909,USD,None,-435356,-1320777,-1276758,-101529,9158000,-575181,116900,-15908546,-2462187,-10299330,None,10274,0,1434194,441672,156127,5917398,56000,None,None,None,1.85,1.189
19,2015-09-30,USD,247000,3374000,56000,191000,-3293000,-3293000,1193000,0,-3293000,0,2181000,-110000,-3183000,0,0,None,None,None,0,0,0,0,0,0,-3293000,-3293000,None,USD,7288000,946000,None,225000,8579000,-1291000,2400000,5075000,12000,-83402000,2551000,718000,1664000,4831000,6028000,3851000,None,None,98000,5526000,None,-2955000,111000,94000,0,376000,2177000,0,0,12000,0,-83402000,0,None,None,None,1762000,None,None,151000,2551000,None,None,None,82099000,7288000,4831000,None,12318508,USD,None,244000,-1258000,-1226000,-131000,1309000,None,None,-3294000,-2810000,-2861000,1446000,28000,0,1440000,-98000,94000,144000,32000,-82000,None,-2810000,2.11,1.85
