,fiscalDateEnding,reportedCurrency_x,totalRevenue,totalOperatingExpense,costOfRevenue,grossProfit,ebit,netIncome_x,researchAndDevelopment,effectOfAccountingCharges,incomeBeforeTax,minorityInterest,sellingGeneralAdministrative,otherNonOperatingIncome,operatingIncome,otherOperatingExpense,interestExpense,taxProvision,interestIncome,netInterestIncome,extraordinaryItems,nonRecurring,otherItems,incomeTaxExpense,totalOtherIncomeExpense,discontinuedOperations,netIncomeFromContinuingOperations,netIncomeApplicableToCommonShares,preferredStockAndOtherAdjustments,reportedCurrency_y,totalAssets,intangibleAssets,earningAssets,otherCurrentAssets,totalLiabilities,totalShareholderEquity,deferredLongTermLiabilities,otherCurrentLiabilities,commonStock,retainedEarnings,otherLiabilities,goodwill,otherAssets,cash,totalCurrentLiabilities,shortTermDebt,currentLongTermDebt,otherShareholderEquity,propertyPlantEquipment,totalCurrentAssets,longTermInvestments,netTangibleAssets,shortTermInvestments,netReceivables,longTermDebt,inventory,accountsPayable,totalPermanentEquity,additionalPaidInCapital,commonStockTotalEquity,preferredStockTotalEquity,retainedEarningsTotalEquity,treasuryStock,accumulatedAmortization,otherNonCurrrentAssets,deferredLongTermAssetCharges,totalNonCurrentAssets,capitalLeaseObligations,totalLongTermDebt,otherNonCurrentLiabilities,totalNonCurrentLiabilities,negativeGoodwill,warrants,preferredStockRedeemable,capitalSurplus,liabilitiesAndShareholderEquity,cashAndShortTermInvestments,accumulatedDepreciation,commonStockSharesOutstanding,reportedCurrency,investments,changeInLiabilities,cashflowFromInvestment,otherCashflowFromInvestment,netBorrowings,cashflowFromFinancing,otherCashflowFromFinancing,changeInOperatingActivities,netIncome_y,changeInCash,operatingCashflow,otherOperatingCashflow,depreciation,dividendPayout,stockSaleAndPurchase,changeInInventory,changeInAccountReceivables,changeInNetIncome,capitalExpenditures,changeInReceivables,changeInExchangeRate,changeInCashAndCashEquivalents,clossingVal,nextClossingVal
0,2020-06-30,USD,55876000,None,None,None,None,54046000,None,None,54046000,None,1830000,None,None,None,6623000,None,21912000,15289000,None,None,None,None,None,None,54046000,54046000,None,USD,1943074000,None,None,None,1093271000,849803000,None,None,423000,-139412000,2511000,None,1360007000,568074000,None,None,None,None,None,None,1360007000,849803000,None,None,None,None,571423000,None,None,None,None,None,None,None,None,None,None,None,None,None,None,None,None,None,None,None,None,None,None,USD,None,124916000,None,None,None,None,378000,-39758000,54046000,82541000,99490000,None,None,-17327000,None,None,None,-39441000,0,None,None,None,16.01,
1,2020-03-31,USD,-73207000,2262000,14789000,18115000,None,-75469000,None,None,-75469000,None,2262000,None,15853000,None,7040000,None,26190000,19150000,None,None,None,None,None,None,-75469000,-75469000,None,USD,1776399000,None,None,None,963315000,813084000,None,None,423000,-176131000,2899000,None,1276087000,485533000,None,None,None,None,None,None,1276087000,813084000,None,13956000,502902000,None,449765000,None,None,None,None,None,None,None,None,None,None,None,502902000,None,None,None,None,None,988792000,None,485533000,None,42000000,USD,None,6217000,None,None,-72900000,-90042000,185000,113415000,-75469000,49179000,139221000,None,None,-17327000,None,None,None,90918000,0,None,None,None,11.64,16.01
2,2019-12-31,USD,-199000,1965000,17971000,19088000,24066000,-2164000,None,None,-2164000,None,1965000,None,15270000,None,6943000,None,25590000,18647000,None,None,None,None,-26230000,None,-2164000,-2164000,None,USD,1949889000,None,None,None,1044009000,905880000,None,17327000,423000,-83335000,2440000,None,1494824000,436354000,454452000,None,None,None,None,455065000,1494824000,905880000,None,18096000,587117000,None,440667000,None,None,None,None,None,None,None,None,None,None,None,587117000,None,None,None,None,None,988792000,None,436354000,None,42000000,USD,None,259834000,None,None,20853000,42419000,340000,-13798000,-2164000,266898000,263031000,None,None,-17326000,None,None,-128000,19287000,0,None,None,None,20.62,11.64
3,2019-09-30,USD,16129000,2412000,18873000,20838000,25955000,13717000,None,None,13717000,None,2412000,None,18426000,None,7529000,None,28542000,21013000,None,None,None,None,-12238000,None,13717000,13717000,None,USD,1688687000,None,None,None,763317000,925370000,None,17327000,423000,-67491000,2785000,None,1500038000,169456000,196461000,None,None,None,None,188649000,1500038000,925370000,None,17968000,564071000,None,182879000,None,None,None,None,None,None,None,None,None,None,None,564071000,None,None,None,None,None,992438000,None,169456000,None,42000000,USD,None,-39775000,None,None,4925000,38552000,303000,-6628000,13717000,-41098000,-28999000,None,None,-17327000,None,None,-1022000,4709000,0,None,None,None,20.65,20.62
4,2019-06-30,USD,21445000,1814000,18436000,20246000,25533000,19631000,None,None,19631000,None,1814000,None,18432000,None,7101000,None,28190000,21089000,None,None,None,None,-5902000,None,19631000,19631000,None,USD,1725550000,None,None,None,796570000,928980000,None,17327000,423000,-63881000,3306000,None,1496638000,210554000,234421000,None,None,None,None,228912000,1496638000,928980000,None,16946000,558843000,None,221645000,None,None,None,None,None,None,None,None,None,None,None,558843000,None,None,None,None,None,992438000,None,210554000,None,42000000,USD,None,-49920000,None,None,-34621000,50651000,193000,5977000,19631000,-48211000,3544000,None,None,-17327000,None,None,29055000,-1199000,0,None,None,None,20.53,20.65
5,2019-03-31,USD,39259000,2289000,18506000,20753000,25792000,24832000,None,None,24832000,None,2289000,None,18464000,None,7328000,None,6368000,21878000,None,None,None,None,-960000,None,24832000,24832000,None,USD,1807230000,None,None,None,880554000,926676000,None,17327000,423000,-66185000,3525000,None,1500724000,249523000,283758000,None,None,None,None,306506000,1500724000,926676000,None,46001000,593271000,None,272257000,None,None,None,None,None,None,None,None,None,None,None,593271000,None,None,None,None,None,992438000,None,258765000,None,42000000,USD,None,-1868000,None,None,119600000,102406000,133000,-40209000,24832000,51549000,-50857000,None,None,-17327000,None,None,-27244000,-6368000,0,None,None,None,20.84,20.53
6,2018-12-31,USD,38236000,12579000,18323000,38236000,25657000,8906000,0,0,8906000,0,12579000,None,25657000,0,-7206000,None,None,None,0,0,0,0,-16751000,0,8906000,8906000,None,USD,1683429000,None,None,None,764258000,919171000,None,17542000,423000,-73690000,3240000,None,1456080000,207216000,287480000,None,None,None,None,227349000,None,919171000,None,19350000,473538000,None,251391000,None,None,None,None,None,None,None,None,None,None,None,473538000,None,None,None,None,None,992438000,None,207216000,None,42000000,USD,None,41170000,None,None,-12975000,-30480000,287000,-57344000,8906000,-2772000,27708000,None,None,-17792000,None,None,24986000,9990000,0,None,None,None,19.19,20.84
7,2018-09-30,USD,37142000,13205000,13205000,37142000,23937000,18130000,0,0,18130000,0,13205000,None,23937000,0,-5521000,None,None,None,0,0,0,0,-5807000,0,18130000,18130000,None,USD,1665292000,None,None,None,737700000,927592000,None,18007000,423000,-64171000,3408000,None,1410780000,209988000,248066000,None,None,None,None,254512000,None,927592000,None,43743000,486226000,None,210221000,None,None,None,None,None,None,None,None,None,None,None,None,None,None,None,None,None,None,None,None,None,42000000,USD,None,-5351000,None,None,14435000,-2079000,133000,-3973000,18130000,-13925000,-11846000,None,None,-16647000,None,None,-20493000,-159000,0,None,None,None,21.38,19.19
8,2018-06-30,USD,39188000,13931000,13931000,39188000,25257000,19790000,0,0,19790000,0,13931000,None,25257000,0,-6092000,None,None,None,0,0,0,0,-5467000,0,19790000,19790000,None,USD,1650783000,None,None,None,723994000,926789000,None,17327000,423000,-64974000,3352000,None,1402752000,223913000,248984000,471658000,471658000,None,None,248031000,None,926789000,None,23309000,471658000,None,215572000,None,None,None,None,None,None,None,None,None,None,None,None,None,None,None,None,None,None,None,None,None,42000000,USD,None,75327000,None,None,-71900000,-89132000,95000,71288000,19790000,79213000,168345000,None,None,-17327000,None,None,2565000,-625000,0,None,None,None,20.44,21.38
9,2018-03-31,USD,38960000,14194000,14194000,38960000,24766000,20048000,0,0,20048000,0,14194000,None,24766000,0,-5909000,None,None,None,0,0,0,0,-4718000,0,20048000,20048000,None,USD,1643330000,None,None,None,719004000,924326000,None,17327000,423000,-67437000,1975000,None,1471917000,144700000,173566000,543463000,543463000,-55648000,None,171413000,1471917000,924326000,None,25873000,543463000,None,140245000,None,None,None,None,None,None,None,None,None,None,None,None,None,None,None,None,None,None,None,None,None,42000000,USD,None,-4873000,None,None,3900000,-12912000,92000,-9855000,20048000,-6089000,6823000,None,None,-16904000,None,None,2694000,-1191000,0,None,None,None,20.31,20.44
10,2017-12-31,USD,38911000,39825000,14580000,107191000,67366000,17326000,0,0,17326000,0,39825000,None,24331000,0,5692000,None,None,None,0,0,0,0,-14099000,0,53267000,17326000,None,USD,1641565000,None,None,None,719960000,921605000,None,19389000,423000,-70158000,1193000,None,1462209000,150789000,179296000,539471000,539471000,-56839000,None,180395000,1461170000,921605000,None,28567000,539471000,None,159907000,None,None,None,None,None,None,None,None,None,None,None,None,None,None,None,None,None,None,None,None,None,42000000,USD,None,-164776000,None,None,152018000,84830000,139000,-153798000,17326000,-161257000,-246087000,None,None,-67327000,None,None,4120000,-2067000,0,None,None,None,20.21,20.31
11,2017-09-30,USD,36147000,13484000,13484000,122108000,90231000,17163000,0,0,17163000,0,50204000,None,22663000,0,5348000,None,None,None,0,0,0,0,-4892000,0,67012000,17163000,None,USD,1628062000,None,None,None,706879000,921183000,None,21294000,423000,-69251000,537000,None,1393156000,205444000,234146000,472196000,472196000,-56420000,None,236099000,1391963000,921183000,None,29462000,472196000,None,212852000,None,None,None,None,None,None,None,None,None,None,None,None,None,None,None,None,None,None,None,None,None,42000000,USD,None,-199898000,None,None,175000000,34459000,82000,-169772000,17163000,-197536000,-355659000,None,None,-50423000,None,None,3225000,152000,0,None,None,None,21.64,20.21
12,2017-06-30,USD,33888000,0,12852000,-114684000,-90395000,18783000,0,0,18783000,0,-49113000,None,21036000,0,4957000,None,None,None,0,0,0,0,-1436000,0,-67007000,18783000,None,USD,1649487000,None,None,None,728563000,920924000,None,18777000,423000,-13242000,933000,None,1220681000,402980000,None,None,None,-56268000,None,None,1219368000,920924000,None,25826000,297169000,None,411684000,None,None,None,None,None,None,None,None,None,None,None,None,None,None,None,None,None,None,None,None,None,42000000,USD,None,86867000,None,None,-75000000,-91592000,55000,46520000,18783000,-20960000,214598000,None,None,-33519000,None,None,6861000,-2704000,0,None,None,None,21.87,21.64
13,2017-03-31,USD,34392000,0,12393000,28723000,22827000,17158000,0,0,17158000,0,12393000,None,21999000,0,5669000,None,None,None,0,0,0,0,828000,0,17158000,17158000,None,USD,1783912000,None,None,None,865146000,918766000,None,20958000,422000,-12416000,828000,None,1324899000,423940000,None,None,None,-58972000,None,None,1323495000,918766000,None,35073000,297141000,None,471219000,None,None,None,None,None,None,None,None,None,None,None,None,None,None,None,None,None,None,None,None,None,42000000,USD,None,148588000,None,None,-15200000,-32072000,27000,131829000,17158000,111894000,143966000,None,None,-16899000,None,None,-2386000,-828000,0,None,None,None,22.61,21.87
14,2016-12-31,USD,36639000,56167000,13502000,151839000,95672000,17844000,0,0,17844000,0,56167000,None,23137000,0,5488000,None,None,None,0,0,0,0,11143000,0,106815000,17844000,None,USD,1650547000,None,None,None,732040000,918507000,None,19124000,422000,-71647000,1137000,None,1305868000,312046000,418589000,75000000,75000000,-59800000,None,345769000,1304778000,918507000,None,32687000,312314000,None,324465000,None,None,None,None,None,None,None,None,None,None,None,None,None,None,None,None,None,None,None,None,None,42000000,USD,None,39787000,None,None,-42700000,-113683000,110000,48511000,17844000,34476000,148159000,None,None,-67685000,-3408000,None,-6364000,-35714000,0,None,None,None,20.82,22.61
15,2016-09-30,USD,39798000,0,14275000,0,0,25619000,0,0,25619000,0,0,None,25523000,0,8519000,None,None,None,0,0,0,0,0,0,0,25619000,None,USD,1682366000,None,None,None,764803000,917563000,None,19612000,422000,None,1507000,None,1362814000,293695000,None,None,None,None,None,None,None,None,None,None,439787000,None,303897000,None,None,None,None,None,None,None,None,None,None,None,None,None,None,None,None,None,None,None,None,None,42000000,USD,None,19707000,None,None,None,None,83000,None,25619000,None,60435000,None,None,-50785000,None,None,412000,None,0,None,None,None,20.52,20.82
16,2016-06-30,USD,41369000,0,16293000,0,0,35175000,0,0,35175000,0,0,None,25076000,0,5543000,None,None,None,0,0,0,0,0,0,0,35175000,None,USD,1660876000,None,None,None,752033000,908843000,None,18816000,422000,None,1339000,None,1483873000,143510000,None,None,None,None,None,None,None,None,None,None,569959000,None,161919000,None,None,None,None,None,None,None,None,None,None,None,None,None,None,None,None,None,None,None,None,None,42000000,USD,None,None,None,None,None,102761000,55000,None,35175000,None,None,None,None,-33886000,None,None,None,None,0,None,None,None,19.05,20.52
17,2016-03-31,USD,34033000,0,12097000,0,0,28177000,0,0,28177000,0,0,None,21936000,0,5021000,None,None,None,0,0,0,0,0,0,0,28177000,None,USD,1638635000,None,None,None,748068000,890567000,None,19993000,422000,None,977000,None,1339181000,270687000,None,None,None,None,None,None,None,None,None,None,444432000,None,282666000,None,None,None,None,None,None,None,None,None,None,None,None,None,None,None,None,None,None,None,None,None,42000000,USD,None,None,None,None,None,None,28000,None,28177000,None,None,None,None,-16986000,None,None,None,None,0,None,None,None,17.28,19.05
18,2015-12-31,USD,31507000,35606000,10028000,115560000,79954000,13994000,0,0,13994000,0,35606000,None,21479000,0,4493000,None,None,None,0,0,0,0,-65874000,0,14080000,13994000,None,USD,1620300000,None,None,None,737602000,882698000,None,18651000,425000,-111718000,3137000,None,1316461000,277570000,303889000,429904000,429904000,-96126000,None,304713000,1312591000,882698000,None,26269000,432900000,None,282914000,None,None,None,None,None,None,None,None,None,None,None,None,None,None,None,None,None,None,None,None,None,42000000,USD,None,-217492000,None,None,207900000,140217000,267000,-344527000,14080000,-357770000,-497987000,None,None,-67944000,-6000,None,-324000,50276000,0,None,None,None,16.43,17.28
19,2015-09-30,USD,30445000,0,9581000,0,0,86000,0,0,86000,0,0,None,20864000,0,3875000,None,None,None,0,0,0,0,0,0,0,86000,None,USD,1666994000,None,None,None,753124000,913870000,None,19676000,425000,None,4315000,None,1211014000,425707000,None,None,None,None,None,None,None,None,None,None,298400000,None,430733000,None,None,None,None,None,None,None,None,None,None,None,None,None,None,None,None,None,None,None,None,None,42000000,USD,None,None,None,None,None,22470000,29000,None,86000,None,None,None,None,-50959000,None,None,None,None,0,None,None,None,15.82,16.43
