,fiscalDateEnding,reportedCurrency_x,totalRevenue,totalOperatingExpense,costOfRevenue,grossProfit,ebit,netIncome_x,researchAndDevelopment,effectOfAccountingCharges,incomeBeforeTax,minorityInterest,sellingGeneralAdministrative,otherNonOperatingIncome,operatingIncome,otherOperatingExpense,interestExpense,taxProvision,interestIncome,netInterestIncome,extraordinaryItems,nonRecurring,otherItems,incomeTaxExpense,totalOtherIncomeExpense,discontinuedOperations,netIncomeFromContinuingOperations,netIncomeApplicableToCommonShares,preferredStockAndOtherAdjustments,reportedCurrency_y,totalAssets,intangibleAssets,earningAssets,otherCurrentAssets,totalLiabilities,totalShareholderEquity,deferredLongTermLiabilities,otherCurrentLiabilities,commonStock,retainedEarnings,otherLiabilities,goodwill,otherAssets,cash,totalCurrentLiabilities,shortTermDebt,currentLongTermDebt,otherShareholderEquity,propertyPlantEquipment,totalCurrentAssets,longTermInvestments,netTangibleAssets,shortTermInvestments,netReceivables,longTermDebt,inventory,accountsPayable,totalPermanentEquity,additionalPaidInCapital,commonStockTotalEquity,preferredStockTotalEquity,retainedEarningsTotalEquity,treasuryStock,accumulatedAmortization,otherNonCurrrentAssets,deferredLongTermAssetCharges,totalNonCurrentAssets,capitalLeaseObligations,totalLongTermDebt,otherNonCurrentLiabilities,totalNonCurrentLiabilities,negativeGoodwill,warrants,preferredStockRedeemable,capitalSurplus,liabilitiesAndShareholderEquity,cashAndShortTermInvestments,accumulatedDepreciation,commonStockSharesOutstanding,reportedCurrency,investments,changeInLiabilities,cashflowFromInvestment,otherCashflowFromInvestment,netBorrowings,cashflowFromFinancing,otherCashflowFromFinancing,changeInOperatingActivities,netIncome_y,changeInCash,operatingCashflow,otherOperatingCashflow,depreciation,dividendPayout,stockSaleAndPurchase,changeInInventory,changeInAccountReceivables,changeInNetIncome,capitalExpenditures,changeInReceivables,changeInExchangeRate,changeInCashAndCashEquivalents,clossingVal,nextClossingVal
0,2020-06-30,USD,26846000,None,None,None,None,6901000,None,None,8762000,None,None,None,None,14967000,5483000,1861000,27263000,21780000,None,None,None,1861000,None,None,6901000,6901000,None,USD,2542157000,21789000,None,None,2283810000,258347000,None,None,258347000,None,None,None,2210196000,55219000,None,None,None,None,65106000,None,176524000,236558000,176524000,None,85166000,None,None,None,None,None,None,None,None,None,None,None,None,None,None,None,None,None,None,None,None,None,None,None,None,USD,None,None,None,None,None,None,None,None,6901000,None,None,None,None,None,None,None,None,None,0,None,None,None,24.3,
1,2020-03-31,USD,26220,-17046,None,26220,43266,5099,None,None,50068,None,-14196,None,43266,-2850,-6802,1129000,26220000,19418000,None,None,None,-1129,None,None,51197,5099,None,USD,2374448,7484,233714000,None,2250956,249853,None,1971647,93,160177,11469000,14089,2011268000,64806,2124595,None,None,1508,64705,255152,1967820,101919,180592,9754,3000,None,9716,None,None,93,None,160177,-6937000,None,63252,None,2117350,None,3000,123361,126361,None,None,None,95012,2374448,245398,None,9000000,USD,77165001,-852443,92562250,-154724,4371624,-80546915,1997,919000,-15524356,-5622295,-17637630,781310,-1867159,-1381000,2808229,None,1538000,506245,2650409,1103435,None,-5622295,24.27,24.3
2,2020-01-31,USD,None,None,None,None,None,None,None,None,None,None,None,None,None,2474000,None,None,None,None,None,None,None,1129000,None,None,None,5099000,None,USD,2374448000,7484000,None,None,2124595000,249853000,None,None,93000,160177000,None,14089000,2011268000,57078000,None,None,None,1508000,64705000,None,180592000,229267000,180592000,9754000,141479000,None,11469000,None,None,None,None,None,None,None,None,None,None,None,None,None,None,None,None,None,None,None,None,None,None,USD,None,-290000,-57038000,-4456000,8689000,None,57045000,919000,None,None,10704000,None,None,None,None,None,None,2027000,0,None,None,None,35.62,24.27
3,2019-12-31,USD,26646000,-14073000,None,26646000,40719000,7717000,None,None,47988000,None,-13685000,None,40719000,-388000,-7269000,1921000,26646000,19377000,None,None,None,-1921000,-441000,None,49909000,7717000,None,USD,2311849000,8334000,228184000,11292000,2180626000,248869000,None,1914614000,93000,156459000,None,14089000,1965982000,49215000,2062980000,None,None,1647000,65006000,236350000,1922785000,108800000,175843000,11292000,3000000,3694000,13702000,None,None,93000,None,156459000,3980000,None,65285000,None,2075499000,None,3000000,114646000,117646000,None,None,None,94650000,2311849000,225058000,None,9000000,USD,-105761000,577000,-54859000,142000,11288000,52022000,-1000,1882000,7717000,9620000,12457000,-3419000,950000,-1381000,0,None,356000,-761000,4334000,-2562000,None,9620000,38.36,35.62
4,2019-10-31,USD,None,None,None,None,None,None,None,None,None,None,None,None,None,2257000,None,None,None,None,None,None,None,1921000,None,None,None,7717000,None,USD,2311849000,8334000,None,None,2062980000,248869000,None,None,93000,156459000,None,14089000,1965982000,42015000,None,None,None,1647000,65006000,None,175843000,227846000,175843000,11292000,132739000,None,15627000,None,None,None,None,None,None,None,None,None,None,None,None,None,None,None,None,None,None,None,None,None,None,USD,None,584000,-54859000,-304000,11288000,None,42115000,1882000,None,None,12457000,None,None,None,None,None,None,527000,0,None,None,None,36.41,38.36
5,2019-09-30,USD,23044000,-13857000,None,26922000,40779000,7828000,None,None,9804000,None,7617000,None,40779000,1831000,7362000,1976000,26922000,19560000,None,None,None,1976000,-441000,None,7828000,7828000,None,USD,2251207000,8800000,222653000,11648000,2008945000,242262000,None,1872520000,93000,150123000,None,14089000,1917440000,32394000,2008945000,None,None,1454000,65480000,221810000,171006000,220773000,171006000,11648000,121395000,3891000,15030000,None,None,93000,None,150123000,-3980000,None,64589000,None,2027455000,None,3000000,103327000,106327000,None,None,None,94572000,2251207000,210162000,None,9000000,USD,-37853000,282000,-37853000,-2235000,54012000,28667000,-21149000,-2837000,7828000,-3977000,5209000,2638000,1361000,-1382000,-2814000,None,-1459000,34000,1687000,1459000,None,-3977000,36.43,36.41
6,2019-07-31,USD,None,None,None,None,None,None,None,None,None,None,None,None,None,1831000,None,None,None,None,None,None,None,1976000,None,None,None,7828000,None,USD,2251207000,8800000,None,None,2008945000,242262000,None,None,93000,150123000,None,14089000,1917440000,32394000,None,None,None,1454000,65480000,None,171006000,220773000,171006000,11648000,121395000,None,15030000,None,None,None,None,None,None,None,None,None,None,None,None,None,None,None,None,None,None,None,None,None,None,USD,None,282000,-37853000,-2235000,54012000,None,-21149000,-2837000,None,None,5209000,None,None,None,None,None,None,34000,0,None,None,None,34.85,36.43
7,2019-06-30,USD,22138000,12117000,None,22372000,None,7556000,None,None,9409000,None,7403000,None,10255000,1951000,7054000,1853000,26047000,18993000,None,None,None,1853000,-846000,None,7556000,7556000,None,USD,2214402000,9239000,214424000,10189000,1983386000,238392000,None,1893695000,93000,143677000,None,14089000,1889092000,40633000,1976010000,1193000,1193000,1247000,62727000,216357000,1846405000,207688000,165535000,10189000,3000000,3752000,12889000,None,None,93000,None,143677000,-1166000,None,63647000,None,1996107000,None,3000000,4376000,7376000,None,None,None,94541000,2214402000,206168000,None,9000000,USD,-27833000,5352000,-112992000,-105296000,6161000,23397000,93794000,-4121000,7556000,4014000,8450000,None,1337000,-1212000,-1166000,None,-1079000,-595000,1146000,None,None,None,34.83,34.85
8,2019-03-31,USD,29132,13681,None,29132,15451,7094,None,None,27373,None,13190,None,15451,491,-11922,1725000,25186000,18554000,None,None,None,1725000,-434000,None,27373,7094,None,USD,2176447,9902,209779000,9110000,1945068,231379,None,1874114,93,137333,9845000,14089,1865878000,36259,1945068,61109,None,-572,62508,206879,1823449,207388,161510,9110,15018000,3619000,9845,None,None,93,None,137333,None,None,57686,None,1967634,None,15018000,None,None,None,None,None,94525,2176447,197769,None,9000000,USD,19991000,1396000,-85159000,-78609000,-117133000,60068000,68019000,2068000,21348000,5060000,30151000,None,2505000,-3551000,None,None,1691000,-391000,6550000,None,None,None,30.8,34.83
9,2018-12-31,USD,54585000,24922000,4925000,49660000,24738000,7454000,0,None,35727000,None,24234000,None,24738000,688000,-10989000,None,None,None,None,None,None,1802000,-173000,None,35727000,7454000,None,USD,2206279000,10340000,None,10801000,1982250000,224029000,None,1796006000,93000,131451000,8060000,14089000,1842888000,47723000,1982250000,178184000,None,-1808000,62253000,2057873000,207211000,199600000,197872000,1812278000,173759000,3948000,8060000,None,None,93000,None,131451000,None,None,58302000,None,144984000,None,14994000,None,None,None,None,None,94293000,2206279000,245595000,None,9000000,USD,2786000,196000,-41898000,1039000,15137000,48184000,34216000,1285000,7454000,16254000,9968000,None,1211000,-1169000,None,None,None,-727000,4759000,None,None,None,33.9,30.8
10,2018-09-30,USD,19915000,10915000,5557000,19915000,0,6800000,0,None,8466000,None,9240000,None,9000000,1675000,3308000,None,None,None,None,None,None,1666000,-534000,None,6800000,6800000,None,USD,1943628000,6556000,None,9612000,1737566000,206062000,0,None,90000,125167000,6533000,13078000,1665516000,22130000,1601290000,None,None,-2632000,54669000,51743000,152066000,188028000,1956000,None,136276000,4977000,1596268000,0,0,0,0,0,0,None,None,None,None,None,None,None,None,None,None,None,None,None,None,None,9000000,USD,1089000,-896000,-63252000,-1590000,42014000,52084000,11240000,1619000,6800000,-4196000,6972000,None,1173000,-1170000,0,516000,0,-104000,622000,None,None,None,37.27,33.9
11,2018-06-30,USD,18470000,10783000,5232000,18470000,0,5638000,0,0,7196000,0,9196000,None,7687000,1587000,14778000,None,None,None,0,0,0,1558000,-491000,0,5638000,5638000,None,USD,1886115000,6918000,None,7992000,1685421000,200694000,0,None,90000,119536000,7655000,13078000,1604493000,26326000,1665124000,7750000,7750000,-2345000,54832000,54808000,151986000,182198000,1953000,None,20297000,3924000,1586351000,0,0,0,0,0,0,None,None,None,None,None,None,None,None,None,None,None,None,None,None,None,9000000,USD,-989000,2150000,-43805000,-1210000,25298000,29935000,5583000,871000,5638000,-4455000,9415000,None,1181000,-990000,0,0,0,439000,167000,None,None,None,39.02,37.27
12,2018-03-31,USD,23255000,-12477000,4260000,23255000,35732000,5258000,0,0,39442000,0,-11927000,None,35732000,-550000,-3710000,None,None,None,0,0,0,1810000,-515000,0,39442000,5258000,None,USD,1849793000,7133000,None,7128000,1653297000,196496000,0,1574337000,90000,114888000,6420000,13080000,235056000,35316000,1653297000,72540000,72540000,-1842000,55495000,1711016000,150662000,176283000,146127000,1529573000,68771000,4067000,6420000,0,0,90000,0,114888000,0,None,59171000,None,134879000,None,None,None,None,None,None,None,83360000,1849793000,181443000,None,9000000,USD,-17062000,-739000,3766000,439000,387532000,-17936000,-3736000,2146000,5258000,-4455000,9715000,1805000,-1420000,-2837000,128000,0,67000,-22974000,257000,2357000,None,-4455000,36.6,39.02
13,2017-12-31,USD,22405000,-11161000,4170000,22405000,33566000,5170000,0,0,37094000,0,-10519000,None,33566000,-642000,-3528000,None,None,None,0,0,0,2546000,-499000,0,37094000,5170000,None,USD,1776697000,6121000,None,9059000,1596197000,180500000,0,1508969000,86000,110577000,5721000,8631000,230856000,39547000,1596197000,81507000,81507000,-372000,53479000,1649934000,152664000,165748000,148353000,1462034000,77810000,3653000,5721000,0,0,86000,0,110577000,0,None,57536000,None,125767000,None,None,None,None,None,None,None,70209000,1776697000,187900000,None,9000000,USD,-27081000,643000,-5555000,187000,1420470000,8703000,36333000,2312000,5171000,10134000,6986000,2124000,-1307000,-1890000,0,0,0,-9863000,331000,-754000,None,10134000,37.59,36.6
14,2017-09-30,USD,21682000,-11623000,4176000,21682000,33305000,4862000,0,0,36613000,0,-10755000,None,33305000,-868000,-3308000,None,None,None,0,0,0,1889000,0,0,36613000,4862000,None,USD,1763491000,6440000,None,8305000,1586456000,177035000,0,1471690000,86000,106286000,5613000,8631000,230596000,30293000,1586456000,109153000,109153000,549000,54129000,1635838000,None,161964000,147680000,1457865000,102526000,3357000,5613000,0,0,86000,0,106286000,0,None,56959000,None,126159000,None,None,None,None,None,None,None,70114000,1763491000,177973000,None,9000000,USD,-67244000,2852000,-62885000,2706000,929415000,52673000,15158000,2788000,4862000,-5684000,4528000,2524000,-1258000,-945000,0,0,0,-14742000,1383000,-1536000,None,-5684000,36.49,37.59
15,2017-06-30,USD,7173000,-11582000,3186000,7173000,18755000,3713000,0,0,21559000,0,-10823000,None,18755000,-759000,-2804000,None,None,None,0,0,0,1506000,-1592000,0,21559000,3713000,None,USD,1707712000,6759000,None,6769000,1534629000,173083000,0,1455597000,86000,102369000,7335000,8631000,221268000,34333000,1462932000,18124000,18124000,527000,54167000,1583248000,147963000,157693000,144416000,1404499000,17848000,3014000,7335000,0,0,86000,0,102369000,0,None,53413000,None,122970000,None,17848000,53849000,71697000,None,None,None,70101000,1707712000,178749000,None,8000000,USD,28308000,1483000,-22190000,319000,839082000,23516000,15610000,2855000,3713000,9776000,8450000,2094000,903000,-2981000,24144000,597000,0,817000,1109000,-560000,None,9776000,32.26,36.49
16,2017-03-31,USD,29936000,-9564000,2900000,29936000,39500000,3954000,0,0,42023000,0,-9564000,None,39500000,12595000,-2523000,None,None,None,0,0,0,1463000,0,0,42023000,3954000,None,USD,1495984000,2731000,None,None,1361999000,133985000,0,1272500000,75000,99401000,5156000,4556000,198626000,21010000,1277656000,69519000,69519000,-227000,46624000,1380988000,None,126698000,134048000,1225930000,14824000,3296000,5156000,0,0,75000,0,99401000,0,None,30147000,None,84058000,None,14824000,69519000,84343000,None,None,None,34736000,1495984000,155058000,None,7000000,USD,54499000,1644000,-35396000,-554000,1674460000,18846000,103735000,384000,3954000,-5530000,11020000,709000,1748000,-2236000,61000,711000,246000,1623000,1495000,1342000,None,-5530000,35.52,32.26
17,2016-12-31,USD,17783000,-9362000,3166000,17783000,27145000,4176000,0,0,29655000,0,-8706000,None,27145000,-656000,-2510000,None,None,None,0,0,0,1735000,0,0,29655000,4176000,None,USD,1492349000,2922000,None,None,1361996000,130353000,0,1211816000,75000,96192000,5336000,4556000,201967000,30367000,1217152000,130044000,130044000,-638000,46371000,1372319000,None,122875000,132116000,1209836000,14800000,3310000,5336000,0,0,75000,0,96192000,0,None,30491000,None,84340000,None,14800000,130044000,144844000,None,None,None,34724000,1492349000,162483000,None,7000000,USD,-18576000,1310000,0,0,-24508000,82678000,91201000,476000,4176000,5060000,5060000,None,228000,-1491000,0,194000,0,656000,939000,None,None,5060000,35.38,35.52
