,fiscalDateEnding,reportedCurrency_x,totalRevenue,totalOperatingExpense,costOfRevenue,grossProfit,ebit,netIncome_x,researchAndDevelopment,effectOfAccountingCharges,incomeBeforeTax,minorityInterest,sellingGeneralAdministrative,otherNonOperatingIncome,operatingIncome,otherOperatingExpense,interestExpense,taxProvision,interestIncome,netInterestIncome,extraordinaryItems,nonRecurring,otherItems,incomeTaxExpense,totalOtherIncomeExpense,discontinuedOperations,netIncomeFromContinuingOperations,netIncomeApplicableToCommonShares,preferredStockAndOtherAdjustments,reportedCurrency_y,totalAssets,intangibleAssets,earningAssets,otherCurrentAssets,totalLiabilities,totalShareholderEquity,deferredLongTermLiabilities,otherCurrentLiabilities,commonStock,retainedEarnings,otherLiabilities,goodwill,otherAssets,cash,totalCurrentLiabilities,shortTermDebt,currentLongTermDebt,otherShareholderEquity,propertyPlantEquipment,totalCurrentAssets,longTermInvestments,netTangibleAssets,shortTermInvestments,netReceivables,longTermDebt,inventory,accountsPayable,totalPermanentEquity,additionalPaidInCapital,commonStockTotalEquity,preferredStockTotalEquity,retainedEarningsTotalEquity,treasuryStock,accumulatedAmortization,otherNonCurrrentAssets,deferredLongTermAssetCharges,totalNonCurrentAssets,capitalLeaseObligations,totalLongTermDebt,otherNonCurrentLiabilities,totalNonCurrentLiabilities,negativeGoodwill,warrants,preferredStockRedeemable,capitalSurplus,liabilitiesAndShareholderEquity,cashAndShortTermInvestments,accumulatedDepreciation,commonStockSharesOutstanding,reportedCurrency,investments,changeInLiabilities,cashflowFromInvestment,otherCashflowFromInvestment,netBorrowings,cashflowFromFinancing,otherCashflowFromFinancing,changeInOperatingActivities,netIncome_y,changeInCash,operatingCashflow,otherOperatingCashflow,depreciation,dividendPayout,stockSaleAndPurchase,changeInInventory,changeInAccountReceivables,changeInNetIncome,capitalExpenditures,changeInReceivables,changeInExchangeRate,changeInCashAndCashEquivalents,clossingVal,nextClossingVal
0,2020-06-30,USD,28696000,None,None,None,None,6174000,None,None,7601000,None,11333000,None,None,2381000,4199000,1427000,29945000,25746000,None,None,None,1427000,None,None,6174000,6174000,None,USD,3265985000,12182000,240790000,None,2922497000,343488000,None,None,15217000,73283000,12016000,74145000,2463478000,315316000,None,None,None,592000,79390000,None,219631000,257161000,219631000,None,114722000,None,None,None,None,None,None,None,None,None,None,None,None,None,358159000,None,None,None,None,None,254396000,None,None,None,None,USD,-286182000,0,-286182000,-716000,187252000,384383000,197970000,-11656000,6174000,90379000,-7822000,None,1154000,-761000,-83000,None,-5271000,1776000,988000,None,None,None,16.18,
1,2020-03-31,USD,24919000,None,None,None,None,2732000,None,None,3396000,None,10922000,None,None,2246000,5427000,664000,27998000,22571000,None,None,None,664000,None,None,2732000,2732000,None,USD,2873715000,12587000,491447000,None,2537515000,336200000,None,None,15222000,67869000,12306000,73916000,2180050000,233256000,None,None,None,-1247000,79294000,None,215115000,249697000,201002000,None,164722000,None,None,None,None,None,None,None,None,None,None,None,None,None,39283000,None,None,None,None,None,254356000,None,None,None,14000000,USD,-3601000,0,-3601000,-507000,99980000,119617000,22158000,3479000,2732000,125118000,9102000,None,1634000,-702000,-1992000,None,35000,1222000,2429000,None,None,None,15.21,16.18
2,2019-12-31,USD,23445000,15033000,None,22539000,None,6733000,None,None,7205000,None,10974000,None,7506000,1659000,5924000,472000,26864000,20940000,None,None,None,472000,-301000,None,6733000,6733000,None,USD,2449123000,11579000,347883000,55056000,2136376000,312747000,None,None,14008000,65839000,9353000,65614000,1932449000,160534000,2057742000,None,None,168000,64903000,191584000,191261000,235554000,178348000,None,64700000,1757000,2047214000,None,None,None,None,None,None,None,None,None,None,None,39261000,None,None,None,None,None,232732000,None,None,None,14000000,USD,-40990000,0,-40990000,-507000,1795000,50283000,49064000,44000,6733000,13037000,3744000,None,1004000,-700000,438000,None,-140000,-3897000,1763000,None,None,None,23.65,15.21
3,2019-09-30,USD,22776000,14178000,None,22612000,None,5963000,None,None,7904000,None,9389000,None,8434000,2362000,6204000,1941000,27344000,21140000,None,None,None,1941000,-530000,None,5963000,5963000,None,USD,2390485000,77534000,335312000,3068000,2084445000,306040000,None,None,13958000,59806000,10698000,None,1900715000,169410000,2032878000,None,None,-297000,60520000,175563000,184420000,228506000,171507000,None,64700000,1561000,1998073000,None,None,None,None,None,None,None,None,None,None,None,39240000,None,None,None,None,None,232573000,None,None,None,14000000,USD,-28467000,0,-28467000,-8000,6149000,-8317000,-14502000,-54000,5963000,-28600000,8184000,None,1208000,-700000,314000,None,405000,662000,2495000,None,None,None,20.83,23.65
4,2019-06-30,USD,22250000,14249000,None,22425000,None,9121000,None,None,12016000,None,10000000,None,8176000,2282000,6501000,2895000,27303000,20802000,None,None,None,2895000,3840000,None,9121000,9121000,None,USD,2391257000,78348000,346140000,4087000,2091646000,299611000,None,None,13953000,53843000,10938000,None,1870040000,119871000,2039856000,None,None,-571000,58674000,205435000,187019000,221263000,174114000,None,54679000,1814000,2012300000,None,None,None,None,None,None,None,None,None,None,None,39219000,None,None,None,None,None,232386000,None,None,None,14000000,USD,30308880,0,-25320000,-23309000,8003871,25988128,90816000,1864582,9121000,66540024,10243016,None,2648383,-700000,278000,None,480865,-3871565,714750,None,None,None,21.69,20.83
5,2019-03-31,USD,22128114,14072076,None,21898281,None,4731249,None,None,6318783,None,9487118,None,7826205,2326808,5945295,1587534,26942535,20997240,None,None,None,1587534,-1507422,None,4731249,4731249,None,USD,2353980761,78690076,295997150,None,2063499958,290480803,None,None,13951590,44722239,None,None,1883159774,132994435,2022079890,None,None,-433773,58797528,135060698,198272685,211790727,198272685,None,47802985,2066263,1994330197,None,None,None,None,None,None,None,None,None,None,None,39198070,None,None,None,None,None,232240750,None,None,None,14000000,USD,-55628880,0,-55628880,-440793,-7323871,65105872,72166029,3788418,4731249,17171976,7694984,None,560383,-700000,263710,None,-1092865,828565,1296250,None,None,None,18.91,21.69
6,2018-12-31,USD,21785904,13550327,6653000,21785904,0,6432129,0,0,6125274,0,11007091,None,8235577,2543236,5323700,None,None,None,0,0,0,-306855,-2110303,0,6432129,6432129,None,USD,2274409335,12947000,None,36700000,1991397854,283011481,None,None,13933504,39990990,7258000,66086607,1819357944,79122459,1952220907,None,None,-2764743,56012184,118317917,201687683,203977874,None,None,39176947,2495458,1921963991,None,None,None,None,None,None,None,None,None,None,None,39177000,None,None,None,None,None,231852000,None,None,None,13000000,USD,21587621,0,-18286501,1313628,-29369531,-175244,29194287,-6548696,6432129,-14281749,4179996,None,633128,None,1528310,None,None,3363218,1961397,None,None,None,18.27,18.91
7,2018-09-30,USD,20388408,13436647,4509000,20388408,0,4323960,0,0,5629056,0,11129463,None,6951761,2307184,4208204,None,None,None,0,0,0,1305096,-1322705,0,4323960,4323960,None,USD,2050946047,68253527,None,None,1799304184,251641863,0,None,12750272,33558861,10724000,0,1624181040,130104208,1759621740,None,None,-3666008,51138105,134334659,173038716,183388336,0,None,39682444,4230451,1707311346,0,0,0,0,0,0,None,None,None,None,None,None,None,None,None,None,None,None,None,None,None,13000000,USD,-17543529,0,-26088608,-1142715,-9406307,-18488557,-9530577,3336477,4323960,-40130902,4446263,None,1035098,0,1528306,0,0,-3821617,893048,None,None,None,23.55,18.27
8,2018-06-30,USD,20498629,13363481,4072000,20498629,0,3931556,0,0,5226263,0,10903458,None,7135148,2460023,3455363,None,None,None,0,-497740,0,1294707,-1908885,0,3931556,3931556,None,USD,2062231972,68449478,None,None,1814745395,247486577,0,None,12704581,29234901,7412000,0,1611242971,170235110,1799705367,90675243,90675243,-2965767,52202992,173759349,156577182,179037099,0,None,15040028,3524239,1716657567,0,0,0,0,0,0,None,None,None,None,None,None,None,None,None,None,None,None,None,None,None,12000000,USD,23516803,0,9212168,1805796,40707442,55291876,14454976,3349738,3931556,73525021,9020977,None,975278,0,1079979,0,0,662463,797299,None,None,None,25.76,23.55
9,2018-03-31,USD,17577717,12245763,3256000,17577717,0,3415000,0,0,4355000,0,8709000,None,7935000,1926862,2566733,None,None,None,0,497740,0,940000,-976728,0,3414771,3415000,None,USD,1760425000,50660000,None,None,1551476000,208949000,0,1499733494,11234000,22734000,5775000,38047000,249068000,96710089,1541476093,45967801,45967801,-2569443,44202000,99375146,156209802,158289054,0,None,10000000,2665000,1499733000,0,0,0,0,0,0,None,None,None,None,None,None,None,None,None,None,None,None,None,None,None,11000000,USD,-6231823,21000,-59711914,320000,-21686929,40218000,60955000,-1431729,3415000,-16316795,3177000,None,932691,0,950521,0,0,613168,1789000,None,None,None,23.56,25.76
10,2017-12-31,USD,50525849,52809472,2346000,50525849,-7863393,38000,0,0,3913000,80988000,7489000,None,8298000,9888341,4300940,None,None,None,0,0,0,3875000,-3313257,0,3343500,38000,None,USD,1720771000,50837000,None,16546000,1514919000,205852000,0,62282000,11152000,20691000,8681000,42874000,244092000,96480884,1504918842,67654730,67654730,-1198049,43000000,116281276,151944567,155015000,48930000,22878000,43600000,3254000,1438583000,0,0,0,0,0,0,None,None,None,None,None,None,None,None,None,None,None,None,None,None,None,9000000,USD,28638023,31000,-56136272,-9670786,17640568,93773000,50475000,-71175,38000,44278576,6642000,None,2464414,-195000,37852113,0,0,-434655,2799000,None,None,None,21.7,23.56
11,2017-09-30,USD,0,-25735831,1423000,0,15726786,1685000,0,0,2567000,0,6149000,None,5381000,-5433552,124240,None,None,None,0,7251210,0,882000,0,0,4954831,1685000,None,USD,1135822000,7414000,None,None,999234000,136588000,0,960187079,8243000,21280000,6505000,0,148772000,84098000,0,32541772,32541772,-373803,33778000,0,None,129173468,0,None,0,2888000,960187000,0,0,0,0,0,0,None,None,None,None,None,None,None,None,None,None,None,None,None,None,None,8000000,USD,17007784,38000,-32549953,0,9595788,39294000,26234000,995287,1685000,1263013,8606000,None,0,-195000,37840224,0,0,-269675,1693000,None,None,None,24.06,21.7
12,2017-06-30,USD,0,8695096,1567000,0,-10484524,1648000,0,0,2374000,0,5752000,None,4834000,1636681,139856,None,None,None,0,-7251210,0,726000,0,0,-4927118,1648000,None,USD,1145479000,7492000,None,None,1010745000,134734000,0,981635305,8219000,19721000,6164000,0,166588000,82835426,0,22945984,22945984,-247516,33764000,0,None,127241834,0,None,0,2369000,981635000,0,0,0,0,0,0,None,None,None,None,None,None,None,None,None,None,None,None,None,None,None,8000000,USD,4910332,13000,-42452279,0,-267413,50897000,47682000,981487,1648000,27287705,5642000,None,0,-195000,37591479,0,18000,-84168,1227000,None,None,None,23.88,24.06
13,2017-03-31,USD,0,0,1141000,0,2621131,1644000,0,0,2590000,0,5625000,None,4576000,65028,1128964,None,None,None,0,2417070,0,946000,0,0,1643851,1449000,None,USD,1051086000,6583000,None,None,918535000,132551000,0,889699250,8211000,17637000,5623000,0,159978000,55548000,0,23213397,23213397,-683406,30802000,0,None,125967738,0,None,0,2371000,889699000,0,0,0,0,0,0,None,None,None,None,None,None,None,None,None,None,None,None,None,None,None,8000000,USD,-1249005,2000,-1863413,40000,-21913977,-13958720,-17365921,486433,1644000,-13200587,2621000,None,0,-195000,37516178,0,160000,-220339,654000,None,None,None,21.04,23.88
14,2016-12-31,USD,41660489,31352084,1292000,41660489,-3333673,1648000,0,0,2608000,46564000,5297000,None,4773000,4911507,3201128,None,None,None,0,1706000,0,960000,-1147517,0,3716217,1378000,None,USD,1062456000,6636000,None,15208000,957216000,105240000,0,78984000,5896000,15869000,5024000,4166000,152515000,53540308,957216145,5005390,5005390,-1002240,30536000,71134547,129421914,98592485,34457000,3567000,5005000,2386000,907065000,0,0,0,12000,0,0,None,None,None,None,None,None,None,None,None,None,None,None,None,None,None,6000000,USD,35383655,0,-54313341,1280000,-17128302,31506000,48582000,3910430,1648000,-11216325,11591000,None,2189088,-752000,803957,0,111000,-418537,6994000,None,None,None,19.8,21.04
15,2016-09-30,USD,0,0,1360000,0,7929799,1611000,0,0,2558000,0,5277000,None,4768000,478700,-981367,None,None,None,0,0,0,947000,0,0,4937550,1341000,None,USD,1040726000,6675000,None,None,935556000,105170000,0,860841841,5885000,15943000,7464000,4166000,159562000,58587000,0,67250518,67250518,448810,27863000,0,None,98495261,0,None,43048000,2536000,860842000,0,0,0,12000,0,0,None,None,None,None,None,None,None,None,None,None,None,None,None,None,None,6000000,USD,-17058537,-27492,-40887901,1153000,30276568,7295000,2359000,1150045,1611000,-13150251,12215000,None,0,-752000,693092,0,356000,-142006,3933000,None,None,None,16.295,19.8
16,2016-06-30,USD,0,0,1275000,0,-6770581,1192000,0,0,1883000,0,5623000,None,4195000,-611868,2080239,None,None,None,0,0,0,691000,0,0,-4203822,922000,None,USD,1034798000,6754000,None,None,931734000,103064000,0,888748946,5824000,14428000,6011000,4166000,163605000,71737000,0,36973950,36973950,274749,25844000,0,None,96309534,0,None,10091000,4936000,888749000,0,0,0,12000,0,0,None,None,None,None,None,None,None,None,None,None,None,None,None,None,None,6000000,USD,-17734732,4000,-21851974,651000,-13898241,4638000,30266000,3269216,1192000,2804245,8987000,None,0,-482000,135079,0,281000,-40427,1455000,None,None,None,16.0,16.295
17,2016-03-31,USD,0,0,1161000,0,2174455,1348000,0,0,2112000,0,5514000,None,4024000,230910,0,None,None,None,0,0,0,764000,0,0,1348863,1136000,None,USD,1016224000,6848000,None,None,914236000,101988000,0,859111221,5817000,13442000,4253000,0,180067000,0,0,50872191,50872191,210964,25679000,0,None,95140395,0,None,10000000,5133000,859111000,0,0,0,12000,0,0,None,None,None,None,None,None,None,None,None,None,None,None,None,None,None,6000000,USD,-3314641,10000,0,283000,-11383486,0,628000,2061243,1348000,-11031761,3861000,None,0,-212000,0,0,107000,-191973,972000,None,None,None,18.5,16.0
18,2015-12-31,USD,26316262,22155292,1587000,26316262,0,1182000,0,0,2082000,20813000,4965000,None,10717000,3538016,2757000,None,None,None,0,2989000,0,900000,-1010514,0,1509712,1152000,None,USD,1023963000,6941000,None,1031000,923786000,100177000,0,349290000,5806000,11743000,3048000,4166000,190241000,78933633,916598558,5000000,5000000,-352121,25038000,85322583,166413218,93223752,39606000,4474000,30187000,5358000,858483000,0,0,0,12000,0,0,None,None,None,None,None,None,None,None,None,None,None,None,None,None,None,4000000,USD,4153907,0,-7937911,5530000,-19312189,38825000,54214000,-1211770,1182000,33228219,2341000,None,1085685,-120000,0,0,101000,856609,1082000,None,None,None,16.09,18.5
19,2015-09-30,USD,0,0,761000,0,0,-67000,0,0,75000,0,3892000,None,0,0,0,None,None,None,0,0,0,152000,0,0,0,-37000,None,USD,1007057000,7034000,None,None,908621000,98436000,0,None,5732000,11064000,3908000,4166000,175597000,0,0,None,None,None,25267000,0,None,None,0,None,39278000,9647000,846993000,0,0,0,12000,0,0,None,None,None,None,None,None,None,None,None,None,None,None,None,None,None,4000000,USD,None,12000,19315000,1283000,None,21682000,42723000,None,0,None,2199000,None,0,-90000,0,0,145000,None,772000,None,None,None,15.05,16.09
