,fiscalDateEnding,reportedCurrency_x,totalRevenue,totalOperatingExpense,costOfRevenue,grossProfit,ebit,netIncome_x,researchAndDevelopment,effectOfAccountingCharges,incomeBeforeTax,minorityInterest,sellingGeneralAdministrative,otherNonOperatingIncome,operatingIncome,otherOperatingExpense,interestExpense,taxProvision,interestIncome,netInterestIncome,extraordinaryItems,nonRecurring,otherItems,incomeTaxExpense,totalOtherIncomeExpense,discontinuedOperations,netIncomeFromContinuingOperations,netIncomeApplicableToCommonShares,preferredStockAndOtherAdjustments,reportedCurrency_y,totalAssets,intangibleAssets,earningAssets,otherCurrentAssets,totalLiabilities,totalShareholderEquity,deferredLongTermLiabilities,otherCurrentLiabilities,commonStock,retainedEarnings,otherLiabilities,goodwill,otherAssets,cash,totalCurrentLiabilities,shortTermDebt,currentLongTermDebt,otherShareholderEquity,propertyPlantEquipment,totalCurrentAssets,longTermInvestments,netTangibleAssets,shortTermInvestments,netReceivables,longTermDebt,inventory,accountsPayable,totalPermanentEquity,additionalPaidInCapital,commonStockTotalEquity,preferredStockTotalEquity,retainedEarningsTotalEquity,treasuryStock,accumulatedAmortization,otherNonCurrrentAssets,deferredLongTermAssetCharges,totalNonCurrentAssets,capitalLeaseObligations,totalLongTermDebt,otherNonCurrentLiabilities,totalNonCurrentLiabilities,negativeGoodwill,warrants,preferredStockRedeemable,capitalSurplus,liabilitiesAndShareholderEquity,cashAndShortTermInvestments,accumulatedDepreciation,commonStockSharesOutstanding,reportedCurrency,investments,changeInLiabilities,cashflowFromInvestment,otherCashflowFromInvestment,netBorrowings,cashflowFromFinancing,otherCashflowFromFinancing,changeInOperatingActivities,netIncome_y,changeInCash,operatingCashflow,otherOperatingCashflow,depreciation,dividendPayout,stockSaleAndPurchase,changeInInventory,changeInAccountReceivables,changeInNetIncome,capitalExpenditures,changeInReceivables,changeInExchangeRate,changeInCashAndCashEquivalents,clossingVal,nextClossingVal
0,2020-06-30,USD,0,1104000,None,None,-455000,-419000,434000,None,-459000,None,670000,None,-1104000,None,4000,-40000,None,-4000,None,None,None,-40000,649000,None,-419000,-419000,None,USD,3322000,None,None,None,1722000,1600000,None,-1000,7000,-43475000,None,None,50000,2265000,1721000,None,909000,387000,None,3272000,None,1600000,None,None,None,None,493000,None,None,None,None,None,None,None,50000,None,50000,None,None,None,1000,None,None,None,None,None,None,None,None,USD,None,-560000,None,None,76000,1822000,-2000,-87000,-419000,969000,-856000,None,None,None,None,None,None,264000,0,None,None,None,4.98,
1,2020-03-31,USD,0,1066000,None,None,-1886000,-1798000,598000,None,-1890000,None,468000,None,-1066000,None,4000,-92000,None,-4000,None,None,None,-92000,-820000,None,-1798000,-1798000,None,USD,2136000,None,None,None,1412000,724000,None,None,7000,-43056000,None,None,45000,1296000,1412000,None,833000,1102000,None,2091000,None,724000,None,None,None,None,271000,None,None,None,None,None,None,None,45000,None,45000,None,None,None,0,None,None,None,None,None,None,None,None,USD,None,546000,None,None,-26000,-26000,-2000,117000,-1798000,-1153000,-1120000,None,None,None,None,None,None,112000,0,None,None,None,5.25,4.98
2,2019-12-31,USD,0,1239000,None,None,-1051000,-974000,771000,None,-1058000,None,468000,None,-1239000,None,7000,-84000,None,-7000,None,None,None,-84000,188000,None,-974000,-974000,None,USD,3144000,None,None,None,1759000,1385000,None,None,7000,-41258000,None,None,51000,2449000,1759000,116000,116000,305000,None,3093000,None,1385000,None,361000,None,None,597000,None,None,None,None,None,None,None,51000,None,51000,None,None,None,0,None,None,None,None,None,None,None,None,USD,None,122000,None,None,-79000,-61000,-2000,-85000,-974000,-928000,-872000,None,None,None,None,None,None,135000,0,None,None,None,4.2,5.25
3,2019-09-30,USD,0,1342000,None,None,-1561000,-1374000,720000,None,-1564000,None,622000,None,-1342000,None,3000,-190000,None,-3000,None,None,None,-190000,-219000,None,-1374000,-1374000,None,USD,3820000,None,None,None,1431000,2389000,None,None,7000,-40284000,None,None,49000,3377000,689000,204000,204000,502000,None,3771000,None,2389000,None,275000,742000,None,261000,None,None,None,None,None,None,None,49000,None,49000,None,None,None,742000,None,None,None,None,None,None,None,None,USD,None,191000,None,None,-27000,3115000,-16000,6000,-1374000,2656000,-453000,None,None,None,None,None,None,536000,0,None,None,None,5.0,4.2
4,2019-06-30,USD,0,1088000,None,None,-1189000,-2271000,508000,None,-2341000,None,580000,None,-1088000,None,1152000,-70000,None,-1152000,None,None,None,-70000,-101000,None,-2271000,-2271000,None,USD,1339000,None,None,None,1456000,-117000,None,None,6000,-38910000,None,None,51000,721000,714000,232000,232000,300000,None,1288000,None,-117000,None,474000,742000,None,289000,None,None,None,None,None,None,None,51000,None,51000,None,None,None,742000,None,None,None,None,None,None,None,None,USD,None,181000,None,None,-28000,-28000,-16000,-30000,-2271000,-658000,-631000,None,None,None,None,None,None,466000,0,None,None,None,2.25,5.0
5,2019-03-31,USD,0,653000,None,None,-619000,-1581000,350000,None,-1652000,None,303000,None,-653000,None,1033000,-71000,None,-1033000,None,None,None,-71000,34000,None,-1581000,-1581000,None,USD,1911000,None,None,None,2499000,-588000,None,None,5000,-36639000,None,None,51000,1379000,2499000,1342000,1342000,251000,None,1860000,None,-588000,None,408000,None,None,905000,None,None,None,None,None,None,None,51000,None,51000,None,None,None,0,None,None,None,None,None,None,None,None,USD,None,-193000,None,None,765000,758000,-7000,27000,-1581000,-26000,-783000,None,None,None,None,None,None,58000,0,None,None,None,2.75,2.25
6,2018-12-31,USD,0,637000,0,0,-637000,-740000,308000,None,-831000,None,329000,None,-637000,None,-51000,None,None,None,None,None,None,-91000,-194000,None,-740000,-740000,None,USD,1898000,None,None,None,1630000,268000,None,None,5000,-35058000,None,None,51000,1405000,1630000,350000,350000,283000,None,1847000,None,268000,None,332000,None,None,1064000,None,None,None,None,None,None,None,None,None,None,None,None,None,None,None,None,None,None,None,None,None,None,USD,None,174000,None,None,1320000,1329000,-32000,77000,-740000,1166000,-162000,None,None,None,None,None,None,75000,0,None,None,None,nan,2.75
7,2018-09-30,USD,0,917000,0,0,-917000,-927000,450000,None,-981000,None,467000,None,-917000,None,-3000,None,None,None,None,None,None,-54000,-64000,None,-927000,-927000,None,USD,945000,None,None,115000,1487000,-542000,None,145000,5000,-34318000,None,None,53000,239000,1487000,325000,325000,159000,None,892000,None,-542000,None,538000,None,None,1017000,None,None,None,None,None,None,None,None,None,None,None,None,None,None,None,None,None,None,None,None,None,None,USD,None,253000,None,None,1320000,-27000,-32000,-26000,-927000,-666000,-640000,None,None,None,None,None,None,109000,0,None,None,None,4.0,nan
8,2018-06-30,USD,0,1096000,0,0,-1096000,-2485000,442000,None,-2564000,None,654000,None,-1096000,None,-1288000,None,None,None,None,None,None,-79000,-1468000,None,-2485000,-2485000,None,USD,1551000,None,None,85000,1441000,110000,None,180000,5000,-33393000,None,None,55000,905000,1441000,325000,325000,4000,None,1496000,None,110000,None,506000,None,None,936000,None,None,None,None,None,None,None,None,None,None,None,None,None,None,None,None,None,None,None,None,None,None,USD,None,-178000,None,None,1320000,730000,-32000,113000,-2485000,-264000,-997000,None,None,None,None,None,None,358000,0,None,None,None,6.75,4.0
9,2018-03-31,USD,0,1238000,0,0,-1238000,-1753000,580000,None,-1781000,None,658000,None,-1238000,None,-473000,None,None,None,None,None,None,-28000,-543000,None,-1753000,-1753000,None,USD,1825000,None,None,152000,4145000,-2320000,None,350000,4000,-30906000,None,None,56000,1169000,3895000,2005000,2005000,-96000,None,1769000,None,-2320000,None,448000,250000,None,1222000,None,None,None,None,None,None,None,None,None,None,None,None,None,None,None,None,None,None,None,None,None,None,USD,None,111000,None,None,1320000,1611000,-32000,-80000,-1753000,1017000,-588000,None,429000,None,1611000,None,None,741000,0,None,None,None,6.0,6.75
10,2017-12-31,USD,0,1809000,0,0,-1809000,-2161000,638000,None,-2237000,None,1809000,None,-1809000,None,472000,None,None,None,None,None,None,-76000,-428000,None,-2161000,-2161000,None,USD,767000,None,None,195000,4456000,-3689000,None,1435000,4000,-29153000,None,None,None,152000,4170000,1539000,1539000,-165000,None,767000,None,-3689000,None,420000,286000,None,1196000,None,None,None,None,None,None,None,None,None,None,None,None,None,None,None,None,None,None,None,None,None,None,USD,None,83000,None,None,350000,3106000,None,52000,-2161000,-791000,-783000,None,429000,None,1611000,None,None,641000,0,None,None,None,10.0,6.0
11,2017-09-30,USD,0,1045000,0,0,-1045000,-1219000,530000,None,-1416000,None,1045000,None,-1045000,None,474000,None,None,None,None,None,None,-197000,-371000,None,-1219000,-1219000,None,USD,1533000,None,None,250000,3632000,-2099000,None,1275000,37000,-26992000,87000,None,None,943000,2149000,1396000,1396000,-170000,None,1533000,None,-2099000,None,340000,1396000,None,874000,None,None,None,None,None,None,None,None,None,None,None,None,None,None,None,None,None,None,None,None,None,None,USD,None,156000,None,None,350000,3106000,None,-76000,-1219000,-251000,-261000,None,431000,None,1611000,None,None,182000,0,None,None,None,1.0,10.0
12,2017-06-30,USD,0,0,0,0,-1054000,-1415000,681000,None,-1527000,None,1168000,None,-1162000,None,472000,None,None,None,None,None,None,-112000,108000,None,-1415000,-1415000,None,USD,1878000,None,None,75000,2833000,-955000,None,1177000,37000,-25767000,48000,None,None,1194000,2118000,298000,298000,-108000,None,1878000,None,-955000,None,609000,667000,None,643000,None,None,None,None,None,None,None,None,None,None,None,None,None,None,None,None,None,None,None,None,None,None,USD,None,-451000,None,None,350000,3106000,None,5000,-1415000,-1248000,-1286000,None,433000,None,40000,None,None,142000,0,None,None,None,1.7,1.0
13,2017-03-31,USD,0,0,0,0,-5526000,-5573000,744000,None,-5725000,None,1994000,None,-1994000,None,199000,None,None,None,None,None,None,-152000,-3532000,None,-5573000,-5573000,None,USD,3009000,None,None,81000,2671000,338000,None,1066000,36000,-24352000,10000,None,None,2442000,2424000,296000,296000,-86000,None,3009000,None,338000,None,486000,237000,None,1062000,None,None,None,None,None,None,None,None,None,None,None,None,None,None,None,None,None,None,None,None,None,None,USD,None,-313000,None,None,3059000,3066000,-16000,38000,-5573000,2004000,-1072000,None,150000,None,7000,None,None,4626000,0,None,None,None,2.981,1.7
14,2016-12-31,USD,0,0,0,0,-2282000,-2238000,847000,None,-2327000,None,2112000,None,-2112000,None,45000,None,None,None,None,None,None,-89000,-170000,None,-2238000,-2238000,None,USD,877000,None,None,118000,5519000,-4642000,None,997000,32000,-18779000,None,None,None,438000,5519000,3277000,3277000,76000,None,877000,None,-4642000,None,321000,None,None,1245000,None,None,None,None,None,None,None,None,None,None,None,None,None,None,None,None,None,None,None,None,None,None,USD,None,1327000,None,None,3059000,1915000,None,44000,-2238000,-791000,-828000,None,7000,None,42000,None,None,905000,0,None,None,None,nan,2.981
15,2016-09-30,USD,None,None,None,None,None,None,636000,None,None,None,1135000,None,None,None,45000,None,None,None,None,None,None,None,None,None,None,None,None,USD,1646000,None,None,164000,5151000,None,None,763000,32000,None,49000,None,None,1229000,2082000,None,None,None,None,None,None,None,None,None,3020000,None,1069000,None,None,None,None,None,None,None,None,None,None,None,None,None,None,None,None,None,None,None,None,None,None,USD,None,787000,None,None,None,1873000,None,None,None,None,None,None,None,None,None,None,None,None,0,None,None,None,nan,nan
16,2016-06-30,USD,None,None,None,None,None,None,527000,None,None,None,946000,None,None,None,45000,None,None,None,None,None,None,None,None,None,None,None,None,USD,2144000,None,None,53000,4783000,None,None,678000,32000,None,45000,None,None,1898000,1725000,None,None,None,None,None,None,None,None,None,3013000,None,797000,None,None,None,None,None,None,None,None,None,None,None,None,None,None,None,None,None,None,None,None,None,None,USD,None,500000,None,None,None,1603000,None,None,None,None,None,None,None,None,None,None,None,None,0,None,None,None,nan,nan
17,2016-03-31,USD,None,None,None,None,None,None,494000,None,None,None,975000,None,None,None,45000,None,None,None,None,None,None,None,None,None,None,None,None,USD,1452000,None,None,165000,4957000,None,None,851000,30000,None,42000,None,None,383000,1909000,None,None,None,None,None,None,None,None,None,3006000,None,808000,None,None,None,None,None,None,None,None,None,None,None,None,None,None,None,None,None,None,None,None,None,None,USD,None,493000,None,None,None,None,None,None,None,None,None,None,None,None,None,None,None,None,0,None,None,None,nan,nan
18,2015-12-31,USD,None,None,None,None,None,None,747000,None,None,None,1230000,None,None,None,38000,None,None,None,None,None,None,None,None,None,None,None,None,USD,1808000,None,None,74000,4489000,None,None,540000,30000,None,39000,None,76000,925000,1375000,None,None,None,None,None,None,None,None,None,3075000,None,585000,None,None,None,None,None,None,None,None,None,None,None,None,None,None,None,None,None,None,None,None,None,None,USD,None,681000,500000,None,None,2675000,None,None,None,None,None,None,None,None,None,None,None,None,0,None,None,None,nan,nan
19,2015-09-30,USD,None,None,None,None,None,None,510000,None,None,None,499000,None,None,None,66000,None,None,None,None,None,None,34000,None,None,None,None,None,USD,2041000,None,None,49000,4030000,None,None,31000,30000,None,36000,None,83000,1786000,919000,None,None,None,None,None,None,None,None,None,3075000,None,638000,None,None,None,None,None,None,None,None,None,None,None,None,None,None,None,None,None,None,None,None,None,None,USD,None,208000,500000,None,None,2675000,None,None,None,None,None,None,None,None,None,None,None,None,0,None,None,None,nan,nan
