,fiscalDateEnding,reportedCurrency_x,totalRevenue,totalOperatingExpense,costOfRevenue,grossProfit,ebit,netIncome_x,researchAndDevelopment,effectOfAccountingCharges,incomeBeforeTax,minorityInterest,sellingGeneralAdministrative,otherNonOperatingIncome,operatingIncome,otherOperatingExpense,interestExpense,taxProvision,interestIncome,netInterestIncome,extraordinaryItems,nonRecurring,otherItems,incomeTaxExpense,totalOtherIncomeExpense,discontinuedOperations,netIncomeFromContinuingOperations,netIncomeApplicableToCommonShares,preferredStockAndOtherAdjustments,reportedCurrency_y,totalAssets,intangibleAssets,earningAssets,otherCurrentAssets,totalLiabilities,totalShareholderEquity,deferredLongTermLiabilities,otherCurrentLiabilities,commonStock,retainedEarnings,otherLiabilities,goodwill,otherAssets,cash,totalCurrentLiabilities,shortTermDebt,currentLongTermDebt,otherShareholderEquity,propertyPlantEquipment,totalCurrentAssets,longTermInvestments,netTangibleAssets,shortTermInvestments,netReceivables,longTermDebt,inventory,accountsPayable,totalPermanentEquity,additionalPaidInCapital,commonStockTotalEquity,preferredStockTotalEquity,retainedEarningsTotalEquity,treasuryStock,accumulatedAmortization,otherNonCurrrentAssets,deferredLongTermAssetCharges,totalNonCurrentAssets,capitalLeaseObligations,totalLongTermDebt,otherNonCurrentLiabilities,totalNonCurrentLiabilities,negativeGoodwill,warrants,preferredStockRedeemable,capitalSurplus,liabilitiesAndShareholderEquity,cashAndShortTermInvestments,accumulatedDepreciation,commonStockSharesOutstanding,reportedCurrency,investments,changeInLiabilities,cashflowFromInvestment,otherCashflowFromInvestment,netBorrowings,cashflowFromFinancing,otherCashflowFromFinancing,changeInOperatingActivities,netIncome_y,changeInCash,operatingCashflow,otherOperatingCashflow,depreciation,dividendPayout,stockSaleAndPurchase,changeInInventory,changeInAccountReceivables,changeInNetIncome,capitalExpenditures,changeInReceivables,changeInExchangeRate,changeInCashAndCashEquivalents,clossingVal,nextClossingVal
0,2020-06-30,USD,2500,1949854,None,None,-1914464,-1950941,446032,None,-1950941,None,1503822,None,-1947354,None,7850,None,6915,-935,None,None,None,None,-2652,None,-1950941,-1950941,None,USD,17101662,630554,None,None,867369,16234293,None,None,172957,-231501703,62623,None,23594,15834832,675976,None,34250,-7166,205098,16242416,None,15601739,None,16938,None,None,542976,None,None,None,None,None,None,None,None,None,859246,128770,None,None,191393,None,None,None,None,None,None,None,None,USD,0,-418510,None,None,-93561,7872487,None,27307,-1950941,5804808,-2067542,None,28627,None,None,None,2076,243899,0,None,None,None,0.72,
1,2020-03-31,USD,6020,1996484,None,None,-7572639,-7575218,696889,None,-7575218,None,1299595,-5582175,-1990464,-6020,2579,None,13289,10710,None,None,None,None,-5595464,None,-7575218,-7575218,None,USD,11360549,649745,None,1280381,1382592,9977957,None,262845,94280,-229550762,59971,None,25153,10030024,1186226,59971,126450,-7148,31130,10463721,None,9975957,None,19014,None,None,1059776,None,None,94280,2000,-229550762,None,None,896828,None,31130,136395,None,None,196366,None,None,None,239439587,11360549,10030024,None,9428011,USD,0,102690,None,None,-138735,6593428,None,56521,-7575218,4915799,-1677629,5712504,29078,None,6732163,None,2050,51267,0,2050,-692,4915107,0.6621,0.72
2,2019-12-31,USD,2500,2135073,None,2500,-2033121,-2037604,767048,None,-2037604,None,1368025,99452,-2132573,-2500,4483,None,12645,8162,None,None,None,None,86807,None,-2037604,-2037604,None,USD,6583889,668936,None,510900,1457896,5125993,84596,264665,38665,-221975544,84596,None,25336,5114917,1224757,264665,264665,-6186,41036,5646881,None,4455057,None,21064,None,None,960092,None,None,38665,2000,-221975544,None,None,227036,None,937008,148543,None,148543,233139,None,None,None,227067058,6583889,5114917,None,3866457,USD,0,-220032,None,None,-136832,-136727,None,237769,-2037604,-2185659,-2048932,101387,30124,None,105,None,40090,37103,0,40090,740,-2184919,0.99,0.6621
3,2019-09-30,USD,2500,2126675,None,2500,-1761221,-1763134,825486,None,-1763134,None,1301189,362954,-2124175,-2500,1913,None,15234,13321,None,None,None,None,347720,None,-1763134,-1763134,None,USD,8943513,688127,None,605312,1900950,7042563,166938,400016,28183,-219937940,166938,None,32841,7299836,1581380,400016,400016,-7670,51943,7966302,None,6352436,None,61154,None,None,1181364,None,None,28183,2000,-219937940,None,None,237141,None,977211,152632,None,152632,319570,None,None,None,226957990,8943513,7299836,None,2818291,USD,0,140282,None,None,369128,6922101,6552842,-747633,-1763134,5024861,-1897240,-393538,36584,None,131,None,108751,335991,0,-253425,-6443,5018418,1.67,0.99
4,2019-06-30,USD,7894,1926275,None,7894,-1436414,-1436921,954453,None,-1436921,None,971822,481967,-1918381,-7894,507,None,10852,10345,None,None,None,None,471115,None,-1436921,-1436921,None,USD,3521706,713265,None,970041,1559081,1962625,487723,19537,10018,-218174806,487723,None,23001,2281418,1071358,None,None,-3169,63441,2708099,None,1957277,None,206806,None,None,1051821,None,None,10018,5348,-218174806,None,None,36901,None,63441,None,None,None,487723,None,None,None,220125234,3521706,2281418,None,1001798,USD,0,-64390,None,None,-78850,-78850,None,31306,-1436921,-1722453,-1643603,59849,37330,None,None,None,67877,-307348,0,67877,-1218,-1723671,0.294,1.67
5,2019-03-31,USD,2500,2459065,None,2500,-3111975,-3113992,1514463,None,-3113992,None,944602,-655410,-2456565,-2500,2017,None,-313140,26983,None,None,None,None,-684410,None,-3113992,-3113992,None,USD,5405703,738404,None,295406,2133922,3271781,923849,126930,182051,-216737885,923849,None,53350,4005089,1210073,48100,48100,-2156,75668,4538277,None,2523377,None,291136,None,None,1083143,None,None,182051,10000,-216737885,None,None,53354,None,814072,None,None,None,923849,None,None,None,219819771,5405703,4005089,None,18205060,USD,0,216671,None,None,-117019,-117019,None,429591,-3113992,-1782924,-1665905,95063,39821,None,None,None,56275,678081,0,418451,903,-1782021,0.4443,0.294
6,2018-12-31,USD,2500,1807315,None,2500,-316812,-320320,878872,None,-320320,None,928443,1488003,-1804815,-2500,3508,None,None,None,None,None,None,None,1484495,None,-320320,-320320,None,USD,7684450,763543,None,363288,1634900,6049550,None,218602,182051,-213623893,583734,None,322203,5787110,1051166,583734,None,-413,90311,6508393,298238,5276007,None,357995,None,None,832564,None,None,182051,10000,-213623893,None,None,23965,None,1176057,None,None,None,None,None,None,None,219481805,7684450,5787110,None,18205060,USD,None,-26302,-1714,5000000,-115528,1712472,1828000,162211,-320320,52728,-1658030,186583,25339,None,1828000,None,-132078,-1381678,1714,-141652,-2547,50181,0.3131,0.4443
7,2018-09-30,USD,2500,2085174,None,2500,-1828785,-1830283,897098,None,-1830283,None,1188076,253889,-2082674,-2500,1498,None,None,None,None,None,None,None,252391,None,-1830283,-1830283,None,USD,7721059,788733,None,1624274,3241955,4479104,None,358643,152051,-213303573,2057278,None,318829,5736929,1184677,2047563,None,630,107154,6506343,None,4469104,None,252702,None,None,835749,None,None,152051,10000,-213303573,None,None,None,None,107154,None,None,None,None,None,None,None,217619996,7721059,5736929,None,15205060,USD,None,112260,-1714,None,311397,311397,None,-221213,-1830283,-1352561,-1663958,-197935,46152,None,None,None,316743,-101574,1714,307422,-3342,-1355903,1.07,0.3131
8,2018-06-30,USD,None,2275472,None,None,-626274,-627046,1014780,None,-627046,None,1260692,1396698,-2022972,-252500,772,None,None,None,None,None,None,None,None,None,-627046,-627046,None,USD,9233307,None,None,1500732,3058104,6175203,2283833,61203,151600,-211473290,None,None,None,7092832,766001,None,None,1142,128017,7914982,None,6165203,None,511726,None,None,713068,None,None,151600,10000,-211473290,None,None,None,None,128017,None,None,None,2283833,None,None,None,217485751,9233307,7092832,None,15160014,USD,None,-398381,None,None,-105392,-105392,None,None,-627046,-2628874,-2523482,-12577,46938,None,None,None,None,-1182088,0,-350328,-2542,-2631416,1.11,1.07
9,2018-03-31,USD,None,2351495,None,None,-2145048,-2146968,1169441,None,-2146968,None,1182054,203947,-2348995,-2500,1920,None,None,None,None,None,None,None,None,None,-2146968,-2146968,None,USD,11549948,839314,None,346995,4942837,6607111,3662663,109266,151600,-210846244,None,None,None,9724248,1279002,None,None,2746,149668,10208615,334303,5757797,None,137372,None,None,1169736,None,None,151600,10000,-210846244,None,None,18048,None,1341333,None,None,1172,3663835,None,None,None,217289009,11549948,9724248,None,15160014,USD,5000000,-133579,5000000,None,-104244,-104244,None,None,-2146968,3048807,-1846949,52241,67374,None,None,None,None,48616,0,265367,501,3049308,1.65,1.11
10,2017-12-31,USD,252500,2521494,None,252500,-3312531,-3315754,1225067,None,-3315754,None,1296427,-1043537,-2268994,None,3223,None,None,None,None,None,None,None,None,None,-3315754,-3315754,None,USD,13884456,None,None,1651191,5369327,8515129,None,222755,151600,-208699276,None,None,None,6674940,1514569,3852882,None,2631,172886,12448799,None,8505129,5000000,385439,None,None,1293690,None,None,151600,10000,-208699276,None,None,None,None,172886,None,None,None,None,None,None,None,217050174,13884456,11674940,None,15160014,USD,None,-219249,-408,None,-103108,-103108,None,None,-3315754,-2389586,-2286070,146593,55619,None,None,None,None,1332840,408,-286119,816,-2388770,1.72,1.65
11,2017-09-30,USD,2500,2590373,None,2500,-132400,-133783,1383863,None,-133783,None,1206510,2455473,-2587873,None,1383,None,None,None,None,None,None,None,None,None,-133783,-133783,None,USD,16188766,915457,None,548766,4623990,11564776,2785863,361444,151460,-205383522,None,None,None,9063710,1834727,None,None,2345,196191,14707225,356174,10639319,5000000,94749,None,None,1476683,None,None,151460,10000,-205383522,None,None,13719,None,1481541,None,None,None,2785863,None,None,None,216784493,16188766,14063710,None,15146027,USD,None,-783311,-190,1129,312744,5945300,5632556,None,-133783,2622258,-3322852,-66133,53003,None,None,None,None,-2350015,1319,-42613,-1032,2621226,1.32,1.72
12,2017-06-30,USD,2500,4220731,None,2500,-4633464,-4649192,2585079,None,-4649192,None,1635652,-415233,-4218231,None,15728,None,None,None,None,None,None,None,None,None,-4649192,-4649192,None,USD,13268247,None,None,1184375,5575444,7692803,3267408,72128,120129,-205249739,None,None,None,6442484,2303900,None,None,3350,219382,11687138,402965,7682803,5000000,5345,None,None,2235908,None,None,120129,10000,-205249739,None,None,13696,None,636043,None,None,None,3267408,None,None,None,212809063,13268247,11442484,None,12012877,USD,None,-131066,-93448,-83774,-2638162,-1773110,915052,None,-4649192,-5237836,-3371278,327539,80508,None,None,None,None,1001688,9674,-755,-179,-5238015,5.79,1.32
13,2017-03-31,USD,2500,4234507,None,2500,-7428522,-7567254,2902086,None,-7567254,None,1332421,-3196515,-4232007,None,138732,None,None,None,None,None,None,None,None,None,-7567254,-7567254,None,USD,18728492,None,None,1774644,8948725,9779767,None,349087,117432,-200600547,None,None,None,11680499,5047624,6415894,None,3734,242810,17172286,None,9769767,5000000,30539,None,None,2167615,None,None,117432,10000,-200600547,None,None,None,None,242810,None,None,16129,16129,None,None,None,210249148,18728492,16680499,None,11743244,USD,None,-1070151,None,None,-1316712,921696,2188408,None,-7567254,-3514266,-4435962,697574,159859,None,50000,None,None,3263753,0,80257,-184,-3514450,5.28,5.79
14,2016-12-31,USD,8746,5660703,None,8746,-5204114,-5396036,4025875,None,-5396036,None,1634828,447843,-5651957,None,191922,None,None,None,None,None,None,None,None,None,-5396036,-5396036,None,USD,22604328,None,None,2060588,11273550,11330778,3921917,430738,110329,-193033293,None,None,None,15194949,7333424,3705787,None,3905,269557,20904716,None,11320778,5000000,79234,None,None,3196899,None,None,110329,10000,-193033293,None,None,None,None,269557,None,None,18209,3940126,None,None,None,204239837,22604328,20194949,None,11032858,USD,-5000000,716658,-5032843,-32843,-1311819,18633457,19945276,None,-5396036,9520256,-4080358,334705,126432,None,None,None,None,147811,0,-9928,-1436,9518820,0.2734,5.28
15,2016-09-30,USD,2500,4919505,None,2500,-4979821,-5220283,3589793,None,-5220283,None,1329712,-62816,-4917005,None,240462,None,None,None,None,None,None,None,None,None,-5220283,-5220283,None,USD,8450608,None,None,2344534,12235559,-3784951,4363156,538350,1148235,-187637257,None,None,None,5676129,7852113,4829428,None,4587,315543,6687490,None,-3784951,None,114402,None,None,2484335,None,None,1148235,None,-187637257,None,None,None,None,315543,None,None,20290,4383446,None,None,None,182699484,8450608,5676129,None,114823460,USD,None,93574,None,None,-842428,-977673,-135245,None,-5220283,-5453499,-4475826,-170643,177244,None,None,None,None,1117081,0,-472799,865,-5452634,0.32,0.2734
16,2016-06-30,USD,2500,3836769,None,2500,-3530102,-3852509,2474629,None,-3852509,None,1362140,304167,-3834269,None,322407,None,None,None,None,None,None,None,None,None,-3852509,-3852509,None,USD,13294865,1034069,None,705840,12458374,836491,3824895,204464,1147610,-182416974,None,None,None,11128763,8611654,5905672,None,4566,363192,11839688,None,-197578,None,5085,None,None,2501518,None,None,1147610,None,-182416974,None,None,57916,None,1455177,None,None,21825,3846720,None,None,None,182101289,13294865,11128763,None,114760960,USD,None,-694711,-100926,-17436,-1129036,7179895,8308931,None,-3852509,3507266,-3571703,585787,295856,None,None,None,None,59792,83490,34082,751,3508017,0.291,0.32
17,2016-03-31,USD,2500,6236112,None,2500,-6219277,-6605783,3065590,None,-6605783,None,3170522,14335,-6233612,None,386506,None,None,None,None,None,None,None,None,None,-6605783,-6605783,None,USD,10198918,1066577,None,1077762,10368307,-169389,None,2988043,920440,-178564462,None,None,None,7620746,7621272,4466081,None,1298,336974,8737675,None,-1235966,None,39167,None,None,2914183,None,None,920440,None,-178564462,None,None,57692,None,1461243,None,None,None,None,None,None,None,177473335,10198918,7620746,None,92044042,USD,7517453,1277549,7490108,-12747,-1096951,-1096951,None,None,-6605783,2904936,-3488221,285511,85467,None,None,None,None,1470886,14598,-1851,-723,2904213,0.75,0.291
18,2015-12-31,USD,2500,4353806,None,2500,-4325949,-4765151,2749528,None,-4765151,None,1604278,25357,-4351306,None,439202,None,None,None,None,None,None,None,None,None,-4765151,-4765151,None,USD,15048264,1103467,None,1249344,10080986,4967278,None,3829056,920057,-171958682,None,None,None,4716533,6515034,4634742,None,3071,343200,13520646,None,3863811,7517453,37316,None,None,1617188,None,None,920057,None,-171958682,None,None,71797,None,9154,None,None,None,None,None,None,None,176002832,15048264,12233986,None,92005705,USD,-2500000,-383477,-2553954,-5895,-1156392,-1958449,-802054,None,-4765151,-8411665,-3899262,131703,305502,None,-3,None,None,830318,48059,-18157,-2597,-8414262,1.03,0.75
19,2015-09-30,USD,2500,5200020,None,2500,-5173371,-5637568,3392086,None,-5637568,None,1807934,24149,-5197520,None,464197,None,None,None,None,None,None,None,None,None,-5637568,-5637568,None,USD,21141702,1147153,None,1396291,12238942,8902760,None,4976416,917863,-167193531,None,None,None,13130795,7469818,4457768,None,3720,335863,19563698,None,7755607,5017453,19159,None,None,2804758,None,None,917863,None,-167193531,None,None,72163,None,22825,None,None,None,None,None,None,None,175174708,21141702,18148248,None,91786290,USD,10014966,-584424,9991595,8823,None,1,None,None,-5637568,4483401,-5508195,-400610,309516,None,1,None,None,805232,32194,-341,-1733,4481668,1.22,1.03
