,fiscalDateEnding,reportedCurrency_x,totalRevenue,totalOperatingExpense,costOfRevenue,grossProfit,ebit,netIncome_x,researchAndDevelopment,effectOfAccountingCharges,incomeBeforeTax,minorityInterest,sellingGeneralAdministrative,otherNonOperatingIncome,operatingIncome,otherOperatingExpense,interestExpense,taxProvision,interestIncome,netInterestIncome,extraordinaryItems,nonRecurring,otherItems,incomeTaxExpense,totalOtherIncomeExpense,discontinuedOperations,netIncomeFromContinuingOperations,netIncomeApplicableToCommonShares,preferredStockAndOtherAdjustments,reportedCurrency_y,totalAssets,intangibleAssets,earningAssets,otherCurrentAssets,totalLiabilities,totalShareholderEquity,deferredLongTermLiabilities,otherCurrentLiabilities,commonStock,retainedEarnings,otherLiabilities,goodwill,otherAssets,cash,totalCurrentLiabilities,shortTermDebt,currentLongTermDebt,otherShareholderEquity,propertyPlantEquipment,totalCurrentAssets,longTermInvestments,netTangibleAssets,shortTermInvestments,netReceivables,longTermDebt,inventory,accountsPayable,totalPermanentEquity,additionalPaidInCapital,commonStockTotalEquity,preferredStockTotalEquity,retainedEarningsTotalEquity,treasuryStock,accumulatedAmortization,otherNonCurrrentAssets,deferredLongTermAssetCharges,totalNonCurrentAssets,capitalLeaseObligations,totalLongTermDebt,otherNonCurrentLiabilities,totalNonCurrentLiabilities,negativeGoodwill,warrants,preferredStockRedeemable,capitalSurplus,liabilitiesAndShareholderEquity,cashAndShortTermInvestments,accumulatedDepreciation,commonStockSharesOutstanding,reportedCurrency,investments,changeInLiabilities,cashflowFromInvestment,otherCashflowFromInvestment,netBorrowings,cashflowFromFinancing,otherCashflowFromFinancing,changeInOperatingActivities,netIncome_y,changeInCash,operatingCashflow,otherOperatingCashflow,depreciation,dividendPayout,stockSaleAndPurchase,changeInInventory,changeInAccountReceivables,changeInNetIncome,capitalExpenditures,changeInReceivables,changeInExchangeRate,changeInCashAndCashEquivalents,clossingVal,nextClossingVal
0,2020-06-30,USD,379000,16989000,None,None,-16402000,-17062000,10943000,None,-17062000,None,6046000,None,-16610000,None,638000,None,225000,-413000,None,None,None,None,-39000,None,-17062000,-17062000,None,USD,192628000,None,None,392000,44981000,147647000,None,710000,4000,-527768000,12378000,None,82000,53611000,12467000,None,None,117000,739000,191807000,None,147647000,133142000,None,19896000,None,1832000,None,None,None,None,None,None,None,82000,None,821000,667000,None,3000,32514000,None,None,None,None,None,None,None,None,USD,-78612000,-7545000,-78612000,None,None,109001000,None,922000,-17062000,8982000,-21407000,None,22000,None,None,None,None,2256000,0,None,None,None,14.82,
1,2020-03-31,USD,379000,15479000,None,None,-14764000,-15236000,9562000,None,-15236000,None,5917000,None,-15100000,None,449000,None,333000,-116000,None,None,None,None,-20000,None,-15236000,-19142000,None,USD,105155000,None,None,731000,51646000,53509000,None,535000,3000,-510706000,12758000,None,82000,44629000,18790000,None,None,48000,867000,104206000,None,53509000,54376000,None,19792000,None,8998000,None,None,None,None,None,None,None,82000,None,949000,786000,19792000,4000,32856000,None,None,None,564164000,None,101348000,None,34000000,USD,-19053000,2441000,-19053000,-19053000,19730000,54998000,None,-5042000,-15236000,20020000,-15925000,None,23000,None,35268000,None,None,1889000,0,None,None,None,10.97,14.82
2,2019-12-31,USD,379000,14584000,None,379000,-13759000,-14000000,9502000,None,-14000000,None,5082000,None,-14205000,None,None,None,222000,222000,None,None,None,None,-17000,None,-14000000,-14000000,None,USD,63525000,None,None,763000,31925000,31600000,None,266000,3000,-495470000,13138000,None,197000,24609000,18368000,None,None,None,997000,62331000,None,31600000,35166000,532000,None,166000,6178000,None,None,None,None,None,None,None,197000,None,1194000,897000,None,5000,13557000,None,None,None,527067000,None,61072000,None,30000000,USD,6596000,-833000,6596000,12781000,19730000,58000,None,558000,-14000000,-6073000,-12727000,None,446000,None,28570000,None,None,1102000,0,None,None,None,8.78,10.97
3,2019-09-30,USD,379000,13528000,None,379000,-13099000,-12829000,9923000,None,-12829000,None,3605000,None,-13149000,None,None,None,395000,395000,None,None,None,None,-75000,None,-12829000,-12829000,None,USD,76381000,None,None,853000,32338000,44043000,None,263000,3000,-481470000,13519000,None,401000,30581000,18294000,None,None,25000,1130000,74850000,None,44043000,41657000,684000,None,201000,6757000,None,None,None,None,None,None,None,401000,None,1531000,1003000,None,6000,14044000,None,None,None,525485000,None,73042000,None,32000000,USD,12364000,3975000,12364000,6185000,19730000,80000,None,-1278000,-12829000,3915000,-8529000,None,50000,None,28512000,None,None,1553000,0,None,None,None,7.47,8.78
4,2019-06-30,USD,379000,15753000,None,379000,-15374000,-14916000,12290000,None,-14916000,None,3463000,None,-15374000,None,None,None,501000,501000,None,None,None,None,-43000,None,-14916000,-14916000,None,USD,87390000,None,None,1004000,32115000,55275000,None,269000,3000,-468641000,13899000,None,201000,26666000,17491000,None,None,58000,1414000,85775000,None,55275000,53854000,885000,None,213000,2276000,None,None,None,None,None,None,None,201000,None,1615000,1255000,None,7000,14624000,None,None,None,523855000,None,83667000,None,32000000,USD,-18931000,-2449000,-18931000,-6179000,19730000,6000,2000,3727000,-14916000,-31450000,-12525000,None,-224000,None,28432000,None,None,1337000,0,None,None,None,9.31,7.47
5,2019-03-31,USD,379000,15190000,None,379000,-14631000,-14302000,11279000,None,-14302000,None,3911000,None,-14811000,None,None,None,452000,452000,None,None,None,None,57000,None,-14302000,-14302000,None,USD,99392000,None,None,1204000,30766000,68626000,None,353000,3000,-453725000,14278000,None,201000,58116000,15658000,525000,525000,8000,1558000,97633000,None,68626000,34626000,1013000,830000,62000,4350000,None,None,None,None,None,None,None,201000,None,1759000,1355000,None,7000,15108000,None,None,None,522340000,None,95373000,None,27000000,USD,12752000,2529000,12752000,12752000,None,28426000,-2000,-6470000,-14302000,24347000,-16831000,None,180000,None,28428000,None,None,1592000,0,None,None,None,5.25,9.31
6,2018-12-31,USD,379000,19712000,0,379000,-19333000,-18837000,15820000,0,-18837000,0,3892000,None,-19333000,0,0,None,None,None,0,0,0,0,496000,0,-18837000,-18837000,None,USD,83938000,None,None,534000,30891000,53047000,None,1517000,2000,-439423000,14786000,None,219000,33769000,16105000,None,None,-25000,373000,83346000,None,53047000,47805000,1050000,None,None,1439000,None,None,None,None,None,None,None,None,None,None,None,None,None,None,None,None,None,492493000,None,81574000,None,25000000,USD,15976000,-2119000,15962000,51585000,None,6145000,17000,4627000,-18837000,7064000,-15043000,None,360000,None,15721000,None,None,926000,14000,None,None,None,4.45,5.25
7,2018-09-30,USD,379000,18220000,18221000,379000,-17841000,-17338000,14095000,0,-17338000,0,4125000,None,-17841000,0,0,None,None,None,0,0,0,0,503000,0,-17338000,-17338000,None,USD,96467000,None,None,2547000,32193000,64274000,None,1848000,2000,-420586000,15177000,None,225000,26705000,17016000,None,None,-35000,396000,95846000,None,64274000,64819000,1396000,None,None,3180000,None,None,None,None,None,None,None,None,None,None,None,None,None,None,None,None,None,None,None,None,None,25000000,USD,3508000,-2499000,3508000,None,None,9462000,-8000,-224000,-17338000,-5499000,-18469000,None,-145000,None,None,None,None,1738000,14000,None,None,None,8.08,4.45
8,2018-06-30,USD,379000,19330000,19330000,379000,-18951000,-18388000,14851000,0,-18388000,0,4479000,None,-18951000,0,0,None,None,None,0,0,0,0,563000,0,-18388000,-18388000,None,USD,105370000,None,None,2580000,35018000,70352000,None,1682000,2000,-403247000,15720000,None,259000,32204000,19298000,None,None,-89000,415000,104696000,None,70352000,67586000,1887000,None,None,5297000,None,None,None,None,None,None,None,None,None,None,None,None,None,None,None,None,None,None,None,None,None,25000000,USD,19284000,2330000,19284000,None,None,89000,-8000,-585000,-18388000,4224000,-15149000,None,-75000,None,None,None,None,1568000,14000,None,None,None,7.02,8.08
9,2018-03-31,USD,379000,20130000,20130000,379000,-19751000,-19398000,15339000,0,-19398000,0,4791000,None,-19751000,0,0,None,None,None,0,0,0,0,353000,0,-19398000,-19398000,None,USD,119957000,None,None,2494000,33007000,86950000,15788000,1710000,2000,-384860000,16100000,None,229000,27981000,16907000,None,None,-218000,422000,119306000,None,86950000,86013000,2195000,None,None,2590000,None,None,None,None,None,None,None,None,None,None,None,None,None,None,None,None,None,None,None,None,None,24000000,USD,12817000,-21000,12644000,None,None,33000,-1000,-1811000,-19398000,-7193000,-19870000,None,-62000,None,34000,None,None,1422000,173000,None,None,None,14.23,7.02
10,2017-12-31,USD,1193000,90752000,20682000,1803000,-49121000,-47718000,16598000,0,-47718000,0,13363000,None,-48503000,0,0,None,None,None,0,0,0,0,785000,0,-47718000,-47718000,None,USD,137186000,None,None,2985000,32867000,104319000,16759000,13566000,2000,-366111000,17069000,None,3477000,35168000,15798000,None,None,-143000,267000,133442000,3246000,104319000,94912000,1406000,None,None,2232000,None,None,None,None,None,None,None,None,None,None,None,None,None,None,None,None,None,None,None,None,None,21000000,USD,-16988000,2698000,-17072000,45000,None,75722000,8000,4976000,-60802000,11279000,-47371000,None,76000,None,75722000,None,None,5681000,84000,None,None,None,8.76,14.23
11,2017-09-30,USD,305000,-40837000,15751000,915000,-37904000,-38358000,12189000,0,-38358000,0,10003000,None,-39140000,0,0,None,None,None,0,0,0,0,782000,0,-38358000,-38358000,None,USD,124493000,None,None,2705000,27779000,96714000,13305000,11961000,2000,-347008000,13572000,None,236000,20732000,14207000,None,None,28000,286000,123971000,None,96714000,99962000,1313000,None,None,2246000,None,None,None,None,None,None,None,None,None,None,None,None,None,None,None,None,None,None,None,None,None,22000000,USD,6962000,-1311000,6921000,1000,None,50108000,-1000,4720000,-15088000,-2256000,-10181000,None,154000,None,1005000,None,None,1345000,42000,None,None,None,11.7,8.76
12,2017-06-30,USD,305000,14147000,14147000,-915000,38042000,38245000,9862000,0,38245000,0,-11435000,None,38866000,0,0,None,None,None,0,0,0,0,-621000,0,38245000,38245000,None,USD,134666000,None,None,3692000,25329000,109337000,13610000,8143000,2000,-331919000,13824000,None,239000,22988000,11505000,None,None,36000,260000,134167000,None,109337000,107068000,857000,None,None,3362000,None,None,None,None,None,None,None,None,None,None,None,None,None,None,None,None,None,None,None,None,None,19000000,USD,-36556000,129000,-36555000,50000,None,49104000,-1000,188000,-13639000,632000,-11800000,None,73000,None,48987000,None,None,1449000,42000,None,None,None,13.97,11.7
13,2017-03-31,USD,305000,0,13482000,305000,-12971000,-12971000,9552000,0,-12971000,0,3930000,None,-13177000,0,0,None,None,None,0,0,0,0,206000,0,-12971000,-12971000,None,USD,97667000,None,None,3960000,25052000,72615000,13915000,8248000,2000,-318279000,14063000,None,376000,22356000,10989000,None,None,-2000,234000,97057000,None,72615000,70531000,None,None,None,2741000,None,None,None,None,None,None,None,None,None,None,None,None,None,None,None,None,None,None,None,None,None,18000000,USD,11014000,366000,11063000,49000,None,117000,-1000,-1141000,-12971000,-1488000,-12668000,None,6000,None,118000,None,None,1384000,42000,None,None,None,13.72,13.97
14,2016-12-31,USD,305000,44986000,11546000,915000,-28797000,-29503000,8474000,0,-29503000,0,10052000,None,-28528000,0,0,None,None,None,0,0,0,0,-287000,0,-29503000,-32101000,None,USD,109013000,None,None,2723000,24874000,84139000,14220000,7991000,2000,-305293000,14508000,None,243000,23844000,10366000,None,None,56000,260000,108510000,None,84139000,81637000,568000,None,None,2375000,None,None,None,None,None,None,None,None,None,None,None,None,None,None,None,None,None,None,None,None,None,15000000,USD,-18022000,-297000,-18283000,-97000,None,54202000,-4000,3213000,-44472000,762000,-35157000,None,89000,None,54206000,None,None,6310000,261000,None,None,None,7.17,13.72
15,2016-09-30,USD,305000,0,15543000,0,-6611000,-6611000,12274000,0,-6611000,0,461000,None,-6604000,0,0,None,None,None,0,0,0,0,-275000,0,-6611000,-6611000,None,USD,117729000,None,None,1347000,23895000,93834000,14525000,7137000,2000,-294478000,14748000,None,179000,12753000,9147000,None,None,100000,283000,117267000,None,93834000,102968000,None,None,None,2010000,None,None,None,None,None,None,None,None,None,None,None,None,None,None,None,None,None,None,None,None,None,18000000,USD,8205000,2484000,8050000,-100000,None,54026000,-1000,314000,-14969000,-1688000,-11448000,None,-69000,None,1711000,None,None,780000,261000,None,None,None,15.16,7.17
16,2016-06-30,USD,305000,0,8739000,305000,-8358000,-8358000,6131000,0,-8358000,0,2808000,None,-8634000,0,0,None,None,None,0,0,0,0,-144000,0,-8358000,-8358000,None,USD,127856000,None,None,1598000,21615000,106241000,14830000,4965000,2000,-279509000,15062000,None,173000,14441000,6553000,None,None,192000,304000,127379000,None,106241000,111070000,None,None,None,1588000,None,None,None,None,None,None,None,None,None,None,None,None,None,None,None,None,None,None,None,None,None,18000000,USD,-549000,466000,-624000,-2000,None,52316000,-1000,219000,-8358000,-8746000,-6890000,None,4000,None,-1231000,None,None,779000,206000,None,None,None,9.85,15.16
17,2016-03-31,USD,305000,0,5958000,0,0,0,4786000,0,0,0,0,None,0,0,0,None,None,None,0,0,0,0,0,0,0,0,None,USD,136259000,None,None,1700000,22413000,113846000,None,4810000,2000,None,15378000,None,217000,23187000,7035000,None,None,None,275000,None,None,None,110535000,None,None,None,2225000,None,None,None,None,None,None,None,None,None,None,None,None,None,None,None,None,None,None,None,None,None,5000000,USD,None,None,None,None,None,53548000,None,None,None,None,None,None,None,None,None,None,None,None,133000,None,None,None,13.32,9.85
18,2015-12-31,USD,305000,21140000,4484000,627000,-20513000,-24119000,2587000,0,-24119000,0,11591000,None,-20513000,0,524000,None,None,None,0,0,0,0,-3606000,0,-24119000,-103845000,None,USD,89903000,None,None,1206000,23205000,66698000,1600000,3392000,1000,-259675000,18350000,None,1808000,23179000,4847000,None,None,28000,88000,88007000,None,-259646000,63364000,260000,8000,None,1452000,None,None,None,326344000,None,None,None,None,None,None,None,None,None,None,None,None,None,None,None,None,None,None,USD,-61502000,17705000,-61669000,-118000,-9000000,77267000,-1247000,-3145000,-24119000,13170000,-2428000,None,21000,None,191000,None,None,6348000,49000,None,None,None,nan,13.32
19,2015-09-30,USD,305000,0,7263000,0,0,0,2968000,0,0,0,0,None,0,0,229000,None,None,None,0,0,0,0,0,0,0,0,None,USD,None,None,None,None,None,None,None,None,None,None,None,None,None,None,None,None,None,None,None,None,None,None,None,None,None,None,None,None,None,None,None,None,None,None,None,None,None,None,None,None,None,None,None,None,None,None,None,None,None,USD,None,None,None,None,None,None,None,None,None,None,None,None,None,None,None,None,None,None,0,None,None,None,nan,nan
