,fiscalDateEnding,reportedCurrency_x,totalRevenue,totalOperatingExpense,costOfRevenue,grossProfit,ebit,netIncome_x,researchAndDevelopment,effectOfAccountingCharges,incomeBeforeTax,minorityInterest,sellingGeneralAdministrative,otherNonOperatingIncome,operatingIncome,otherOperatingExpense,interestExpense,taxProvision,interestIncome,netInterestIncome,extraordinaryItems,nonRecurring,otherItems,incomeTaxExpense,totalOtherIncomeExpense,discontinuedOperations,netIncomeFromContinuingOperations,netIncomeApplicableToCommonShares,preferredStockAndOtherAdjustments,reportedCurrency_y,totalAssets,intangibleAssets,earningAssets,otherCurrentAssets,totalLiabilities,totalShareholderEquity,deferredLongTermLiabilities,otherCurrentLiabilities,commonStock,retainedEarnings,otherLiabilities,goodwill,otherAssets,cash,totalCurrentLiabilities,shortTermDebt,currentLongTermDebt,otherShareholderEquity,propertyPlantEquipment,totalCurrentAssets,longTermInvestments,netTangibleAssets,shortTermInvestments,netReceivables,longTermDebt,inventory,accountsPayable,totalPermanentEquity,additionalPaidInCapital,commonStockTotalEquity,preferredStockTotalEquity,retainedEarningsTotalEquity,treasuryStock,accumulatedAmortization,otherNonCurrrentAssets,deferredLongTermAssetCharges,totalNonCurrentAssets,capitalLeaseObligations,totalLongTermDebt,otherNonCurrentLiabilities,totalNonCurrentLiabilities,negativeGoodwill,warrants,preferredStockRedeemable,capitalSurplus,liabilitiesAndShareholderEquity,cashAndShortTermInvestments,accumulatedDepreciation,commonStockSharesOutstanding,reportedCurrency,investments,changeInLiabilities,cashflowFromInvestment,otherCashflowFromInvestment,netBorrowings,cashflowFromFinancing,otherCashflowFromFinancing,changeInOperatingActivities,netIncome_y,changeInCash,operatingCashflow,otherOperatingCashflow,depreciation,dividendPayout,stockSaleAndPurchase,changeInInventory,changeInAccountReceivables,changeInNetIncome,capitalExpenditures,changeInReceivables,changeInExchangeRate,changeInCashAndCashEquivalents,clossingVal,nextClossingVal
0,2020-06-30,USD,118661742,91467986,None,None,None,20557047,None,None,27193756,None,34734737,None,None,None,1881440,6636709,None,-4260255,None,None,None,6636709,7167676,None,20557047,20557047,None,USD,1521061742,31265864,None,None,1298447516,222614226,None,None,38217998,120126524,915323927,3519588,411963289,116961182,None,None,None,16894089,12952262,None,360420303,219094638,360420303,26067885,347139008,None,4920178,None,None,None,None,None,None,None,None,None,None,None,None,None,None,None,None,None,None,None,None,None,None,USD,-36592127,0,-36592127,-2243223,93136533,90972684,-1403136,None,20557047,8589898,-45790659,None,None,None,-760713,None,None,-69758785,375692,None,None,None,6.75,
1,2020-03-31,USD,79608949,-78134715,None,79608949,157743664,1424449,None,None,1474234,None,31415598,None,157743664,-78134715,1818609,49785,-3774890,-3774891,None,None,None,49785,6847660,None,1424449,1424449,None,USD,1376160837,26598205,None,None,1186448574,189712263,29072203,None,37263456,102677084,903534004,3519588,389603349,103769066,4345576,None,None,4874201,13111612,123118395,770822222,186192675,329145562,10089043,253965181,9260286,4345576,None,None,37263456,None,102677084,-1446109,None,369646460,None,95942560,None,253965181,899065614,1182102998,None,None,None,46343631,1376160837,103769066,None,18000000,USD,7963388,0,12231328,4260615,2379415,34203394,-2022871,None,1424449,-17336522,-63771244,None,None,None,140500,None,None,-67767482,1284755,None,None,-17336522,4.27,6.75
2,2019-12-31,USD,77742254,462619847,None,77742254,-384877593,1865733,None,None,2128111,None,29866088,None,-384877593,462619847,2033511,262378,-3480860,-3480861,None,None,None,262378,7145788,None,1865733,1865733,None,USD,1334444075,28433954,None,None,1137733470,196710605,31294950,None,37217332,101256229,891266626,3519588,364135385,127754719,5056983,1250000,1250000,13726514,14600394,146510999,786288469,193191017,363248985,9236330,217572612,9519950,5056983,None,None,37217332,None,101256229,-1580582,None,288822705,None,94701920,153439,217572612,883808925,1132676487,None,None,None,46091112,1334444075,127754719,None,18000000,USD,-983550853,695560,62033484,178154079,-335472468,-44747853,-27680829,20448664,10893519,4549494,-12736137,37214128,25986425,None,1265384,None,None,53575713,17809342,None,None,4549494,5.85,4.27
3,2019-09-30,USD,75379659,-70619837,39364812,75379659,145999496,3617414,None,None,4759822,None,28754322,None,145999496,-70619837,2078733,1142408,-3996120,-3996123,None,None,None,1142408,5852522,None,3617414,3617414,None,USD,1162649384,22178914,None,261793101,981576994,181072390,28462255,19373242,35162932,104228749,695958730,3519588,338478087,123178762,4670615,540085,540085,-1542,9363971,141567023,616106615,177552802,None,8611105,261034322,9777156,4670615,None,None,35162932,None,104228749,-943764,None,298495584,None,93596603,None,261034322,687409802,976906379,None,None,None,42626015,1162649384,123178762,None,18000000,USD,-24409811,0,-24409811,-2961,44658368,43156618,-1199497,20448664,3617414,-3393143,-22139950,None,2531781,None,-553193,None,None,-28289145,564225,None,None,-3393143,4.9,5.85
4,2019-06-30,USD,68445182,63821339,34866147,68445182,132266521,3480054,None,None,4623843,None,26749709,None,7965690,-63821339,1782557,1143789,-3341850,-3341846,None,None,None,1143789,6338455,None,3480054,3480054,None,USD,1106462748,22901368,None,213318575,928894572,177568176,29539438,20715315,35026368,100611335,687348440,3519588,332743139,127828356,4024789,453067,453067,-1287,9211456,156379504,230425660,174048588,None,29557801,216352961,9821371,4024789,None,None,35026368,None,100611335,-425970,None,251011469,None,92510997,None,216352960,678977384,924869783,None,None,None,42357730,1106462748,127828356,None,18000000,USD,17483412,0,17483412,-624295,41255797,39855702,-1255184,20448664,3480054,-2906360,-60245474,None,2151343,None,-174704,None,None,-65876871,291063,None,None,-2906360,5.02,4.9
5,2019-03-31,USD,61493835,-59061676,31506183,61493835,120555511,1930318,None,None,2432159,None,18621730,None,120555511,-59061676,1491887,501840,-2846810,-2846812,None,None,None,501841,6139633,None,1930318,1930318,None,USD,1055771959,5626780,None,148540501,881722474,174049485,29291640,20640621,35006096,97131281,671708111,3516315,332783737,130133196,3407759,325363,325363,-2003,9347138,148997496,614375793,170533170,None,8990449,175090614,9873851,3407759,None,None,35006096,None,97131281,-276457,None,188800535,None,90734682,None,175090614,673932461,878314715,None,None,None,42190568,1055771959,130133196,None,18000000,USD,265577146,0,-17007554,5127870,107216523,-13962923,6720732,20448664,1930318,-11450991,19519486,None,1693022,None,129784,None,None,17139488,1385776,None,None,-11450991,4.72,5.02
6,2018-12-31,USD,61454399,61175578,31706723,29747676,278821,-491807,0,0,-1380820,0,29027941,None,278821,0,-1659641,-889010,None,None,0,0,0,-889013,-1659641,0,-491807,-491807,None,USD,1050811123,115144108,None,159746293,878999950,171811173,28631623,4694955,34996882,95201732,678886671,2765570,322964129,142199942,2883349,118347783,118347783,-2823,7010778,161013712,600180295,169045603,None,8935343,187521188,9878427,2883349,None,None,34996882,None,95201732,-206396,None,190478672,None,89362096,None,187521188,659963790,876116601,None,None,None,41821778,1050811123,142199942,None,18000000,USD,-2366822,0,-3703474,-819676,-8901457,-10013861,-951390,25605800,-491807,3542484,17259819,None,6889767,None,-158110,None,None,-26375287,262447,None,None,None,5.16,4.72
7,2018-09-30,USD,67223093,63155747,34669071,32554022,4067346,2013746,0,0,2211798,0,28029246,None,4067346,0,-1855548,None,None,None,0,0,0,198052,-1855548,0,2013746,2013746,None,USD,1064249538,114738599,None,191289016,892218030,172031508,0,26603638,33325684,100293129,665887360,2765570,314276353,138676773,29908025,60861,60861,-687,7206802,348749206,276513008,169265938,2900000,8898086,196422645,9885331,3243526,0,0,0,0,0,-298000,None,None,None,None,None,None,None,None,None,None,None,None,None,None,None,18000000,USD,-1649929,0,14946981,-50974,-12354976,-13199753,-805829,25605800,2013746,19283211,17535983,None,1256959,0,0,0,0,14265278,357678,None,None,None,5.2,5.16
8,2018-06-30,USD,68865126,50243173,-6149027,75014153,24770980,3238217,0,0,4162231,0,-14459722,None,24770980,64702895,-1679841,None,None,None,0,0,0,-924014,-1679841,0,5086245,3238217,None,USD,1067749447,112979344,None,198584763,898163643,169585804,34707814,26514855,33317386,98279383,658020876,2765570,331030053,118705581,4354663,495628,495628,-1448,131886191,148136957,425499408,166820234,4673000,19524786,208777621,9906590,4354663,148567990,0,33317386,0,98279383,-486245,None,273759663,None,85701658,None,208777621,642800545,886285980,None,None,None,38476728,1067749447,118705581,None,18000000,USD,4259454,385755,-3633393,1963386,57326469,56841330,-485139,25605800,3238217,16708845,-36499092,None,1294975,0,0,0,0,-41032284,493015,None,None,16708845,5.2,5.2
9,2018-03-31,USD,82076109,49606527,-5584936,87661045,38054518,16925923,0,0,21187181,0,-11282401,None,38054518,60888928,-1761677,None,None,None,0,0,0,-4261258,-1761677,0,25448439,16925923,None,USD,997972336,110439632,None,152270767,832067109,165905227,33744797,25859037,33317386,95041166,650996477,2765570,323418254,101728202,3411619,348824,348824,None,112776930,121047728,450045955,163139657,17979000,9398972,151451152,9920554,3411619,148567990,0,33317386,0,95041166,-708665,None,228839831,None,82496322,None,151451152,636001241,821197190,None,None,None,38255340,997972336,101728202,None,18000000,USD,7155114,311374,55696134,48314,-6007675,-7508484,-1542662,25605800,16925923,56900210,8712560,None,1297415,0,41853,0,0,-9510778,169564,None,None,56900210,5.15,5.2
10,2017-12-31,USD,60953384,47225730,-5953471,66906855,19681125,8670232,0,0,-497974,0,-14225628,None,19681125,61451358,-1742069,None,None,None,0,0,0,9168206,-6037332,0,-9666180,8670232,None,USD,982173054,30732000,None,160674414,833605064,148567990,30205851,3384913,33249902,77520951,655208000,2765570,490937000,45315661,3613100,88474133,88474133,603170,149368086,65702463,446914003,145802420,20126000,10443869,157450925,9942933,3613100,132559131,0,33249902,0,77520951,-931075,None,236797628,None,80625304,None,157450925,634913708,822570484,None,None,None,38125042,982173054,45315661,None,18000000,USD,1906864,384893,-5414569,15001,-25330460,-26150821,-632944,22009298,14112934,6722199,38287589,-19005268,6280438,0,195317,125429000,0,-2948482,402161,None,None,6722199,5.25,5.15
11,2017-09-30,USD,71971851,51834251,-6735141,78706992,26872741,1096838,0,0,1138017,0,-18999583,None,26872741,70833834,-1655870,None,None,None,0,0,0,-41179,0,0,1179196,1096838,None,USD,1007904311,29995000,None,221822884,868560430,139343881,40449519,32137011,31650210,72848622,654777000,2765570,517971000,38593462,3279790,8926,8926,336631,158129660,75619184,391899927,136578311,17830990,8613364,182769669,10581368,3279790,132559131,0,31650210,0,72848622,-981609,None,301440376,None,78049594,None,182769669,634701602,857920790,None,None,None,35490027,139343881,56424452,None,18000000,USD,44585636,425426,-48414761,4,12788076,25138140,-403414,22009298,1097000,-43664956,-20388335,None,0,0,0,0,0,-16516583,112621,None,None,-43664956,5.1,5.25
12,2017-06-30,USD,73171558,50654501,-5366096,78537654,27883153,2485864,0,0,3994299,0,-18522758,None,27883153,69177259,-1385354,None,None,None,0,0,0,-1508435,0,0,5502734,2485864,None,USD,976514190,29942000,None,197339994,838889420,137624770,40134721,32067186,31650210,71751784,644311000,2765570,481234000,82258418,3338457,163604491,163604491,242213,159320115,122188596,342329624,134859200,23448480,5919706,163582661,10561992,3338457,137624770,0,31650210,0,71751784,-1204924,None,101851357,None,75286393,None,163582661,624509441,828226823,None,None,None,35185487,976514190,105706898,None,18000000,USD,12163658,724542,-2166363,184170,4862864,3367652,1004788,22009298,2486000,-2811299,-4012588,None,0,0,0,0,0,-14301641,83585,None,None,-2811299,6.38,5.1
13,2017-03-31,USD,70829297,51576479,-5568042,76397339,24820860,1860000,0,0,2897770,0,-16355048,None,24820860,67931527,-1254039,None,None,None,0,0,0,-1037770,0,0,3935540,1860000,None,USD,959517363,29574000,None,None,824836347,134681016,37720497,None,31443404,69265920,642758000,2765570,473227000,85069717,3113519,153594078,153594078,286114,159895817,282252009,338524686,131915446,28346922,158194229,153594078,10641141,3113519,128179554,0,31443404,0,69265920,-1410016,None,104436241,None,71643040,None,153594078,623158463,814473038,None,None,None,35095594,959517363,113416639,None,18000000,USD,2575997,None,15798128,-174197,12958472,-147217,-2666741,None,1860000,46082287,30431376,None,0,0,-185470,0,0,None,312640,None,None,46082287,6.8,6.38
14,2016-12-31,USD,71341217,48051851,-5429509,76770726,28718875,-253889,0,0,1059628,0,-22229738,None,28718875,70281589,-1336385,None,None,None,0,0,0,-1313517,-5111868,0,2373145,-253889,None,USD,951678583,29208000,None,219300162,819119452,132559131,36679118,28924608,31442470,67409204,638447000,2765570,459600000,38987430,4213109,249558,249558,264822,153957443,83593670,351839059,129793561,27560040,6373364,152140679,10672836,4213109,111246225,0,31442470,0,67409204,-1370611,None,290404096,None,69118745,None,152140679,618889386,807709183,None,None,None,34813246,951678583,66547470,None,18000000,USD,4866967,1429962,-23600894,543229,3140403,17675215,724350,12972379,12188627,-11923459,-5997780,-16943538,5579259,0,38898,147525000,0,-176387,2262532,None,None,-11923459,6.5,6.8
15,2016-09-30,USD,85239768,52871319,-6421508,91661276,38789957,5291697,0,0,7811976,0,-24556473,None,38789957,77427792,-1476137,None,None,None,0,0,0,-2520279,0,0,10332255,5291697,None,USD,837578134,28048000,None,None,711992850,125585284,40109338,None,29715356,64420459,636294000,2765570,443491000,50910889,4212321,None,None,2025048,139072886,201574294,332632004,122819714,28467741,111499742,43697461,10695922,4212321,111246225,0,29715356,0,64420459,-1545161,None,95387700,None,66145680,None,43697461,623973730,707780529,None,None,None,30969582,837578134,79378630,None,18000000,USD,507967,None,-10798446,58716,-340148,608004,-1947069,None,4183000,14110967,24301409,None,0,0,15921,0,0,None,4344174,None,None,14110967,5.86,6.5
16,2016-06-30,USD,81739601,48752726,-5310918,87050519,38297793,5357287,0,0,7980862,0,-25006013,None,38297793,73758739,-1235151,None,None,None,0,0,0,-2623575,0,0,10604437,5357287,None,USD,769674471,26303000,None,None,649529546,120144925,40757974,None,29707442,59128762,575718000,2765570,379143000,36799922,2942416,None,None,2403288,132258832,189815725,289243519,117379355,20775666,121523984,42597959,10716153,2942416,111246225,0,29707442,0,59128762,-1804957,None,91815725,None,63775100,None,42597959,563231197,646587130,None,None,None,30710390,769674471,57575588,None,17000000,USD,1530052,None,-2080143,1621830,1347521,807755,-539766,None,5017000,-9904037,-8631649,None,0,0,0,0,0,None,4563178,None,None,-9904037,4.89,5.86
17,2016-03-31,USD,66014315,46321280,-4160260,70174575,23853295,1793532,0,0,2850765,0,-16842270,None,23853295,63163550,-1064195,None,None,None,0,0,0,-1057233,0,0,3907998,1793532,None,USD,757349481,24865000,None,None,642759949,114589532,39420164,None,29707442,53771475,571920000,2765570,375735000,46703959,2830831,None,None,2651399,128721327,177897049,295278898,111823962,17809307,102635153,41253242,10748630,2830831,0,0,29707442,0,53771475,-2029790,None,91569901,None,61116736,None,41253242,559255712,639929118,None,None,None,30489006,757349481,64513266,None,17000000,USD,4481397,None,-19111431,-1242342,347064,-100886,-509237,None,2538000,6650717,25863034,None,0,0,61287,0,0,None,1084975,None,None,6650717,5.09,4.89
18,2015-12-31,USD,67576067,107598766,-4371410,71947477,-35651289,2017113,0,0,2796829,0,-18898459,None,-35651289,126497225,-907370,None,None,None,0,0,0,-779716,-4458612,0,3576545,2017113,None,USD,749933317,24190000,None,242638465,638687092,111246225,37868286,25195365,29637480,52021764,569223000,2765570,365848000,40053242,3502046,107667,107667,1533828,126294092,199062601,271938998,108480655,16915808,131312555,40908915,10780996,3502046,0,0,29637480,0,52021764,-2179429,None,90867147,None,59004909,None,40908915,556407845,635185046,None,None,None,30232582,749933317,56969050,None,17000000,USD,13737661,1197236,-20229587,-986770,1359004,540771,-827219,19601576,12622880,-31842687,-12153871,-13061573,5023985,0,8986,67000,0,2401359,1346637,None,None,-31842687,6.55,5.09
19,2015-09-30,USD,75494686,46436680,-4620413,80115099,33678419,4889785,0,0,7794400,0,-21263606,None,33678419,67700286,-1191627,None,None,None,0,0,0,-2904615,0,0,10699015,4889785,None,USD,749395838,23382000,None,None,640090276,109305562,37425015,None,27977008,54705809,572260000,2765570,354030000,71895929,3788303,None,None,1851881,10256086,222264276,257522358,106539992,19980369,119568842,39535964,10819136,3788303,0,0,27977008,0,54705809,-1949507,None,86946990,None,56978862,None,39535964,559340994,636301973,None,None,None,26720371,749395838,91876298,None,18000000,USD,2976468,None,2652348,338661,6173052,5807633,-372559,None,4890000,23620567,15160586,None,0,0,7140,0,0,None,552360,None,None,23620567,6.71,6.55
