,fiscalDateEnding,reportedCurrency_x,totalRevenue,totalOperatingExpense,costOfRevenue,grossProfit,ebit,netIncome_x,researchAndDevelopment,effectOfAccountingCharges,incomeBeforeTax,minorityInterest,sellingGeneralAdministrative,otherNonOperatingIncome,operatingIncome,otherOperatingExpense,interestExpense,taxProvision,interestIncome,netInterestIncome,extraordinaryItems,nonRecurring,otherItems,incomeTaxExpense,totalOtherIncomeExpense,discontinuedOperations,netIncomeFromContinuingOperations,netIncomeApplicableToCommonShares,preferredStockAndOtherAdjustments,reportedCurrency_y,totalAssets,intangibleAssets,earningAssets,otherCurrentAssets,totalLiabilities,totalShareholderEquity,deferredLongTermLiabilities,otherCurrentLiabilities,commonStock,retainedEarnings,otherLiabilities,goodwill,otherAssets,cash,totalCurrentLiabilities,shortTermDebt,currentLongTermDebt,otherShareholderEquity,propertyPlantEquipment,totalCurrentAssets,longTermInvestments,netTangibleAssets,shortTermInvestments,netReceivables,longTermDebt,inventory,accountsPayable,totalPermanentEquity,additionalPaidInCapital,commonStockTotalEquity,preferredStockTotalEquity,retainedEarningsTotalEquity,treasuryStock,accumulatedAmortization,otherNonCurrrentAssets,deferredLongTermAssetCharges,totalNonCurrentAssets,capitalLeaseObligations,totalLongTermDebt,otherNonCurrentLiabilities,totalNonCurrentLiabilities,negativeGoodwill,warrants,preferredStockRedeemable,capitalSurplus,liabilitiesAndShareholderEquity,cashAndShortTermInvestments,accumulatedDepreciation,commonStockSharesOutstanding,reportedCurrency,investments,changeInLiabilities,cashflowFromInvestment,otherCashflowFromInvestment,netBorrowings,cashflowFromFinancing,otherCashflowFromFinancing,changeInOperatingActivities,netIncome_y,changeInCash,operatingCashflow,otherOperatingCashflow,depreciation,dividendPayout,stockSaleAndPurchase,changeInInventory,changeInAccountReceivables,changeInNetIncome,capitalExpenditures,changeInReceivables,changeInExchangeRate,changeInCashAndCashEquivalents,clossingVal,nextClossingVal
0,2020-06-30,USD,0,6345000,None,None,-6325000,-6390000,4281000,None,-6390000,None,2064000,None,-6345000,None,65000,None,None,-65000,None,None,None,None,20000,None,-6390000,-6390000,None,USD,25506000,None,None,None,9400000,16106000,None,None,11000,-694965000,None,None,96000,17653000,9400000,None,5473000,None,545000,24865000,None,4337000,0,None,None,None,452000,None,None,None,None,None,None,None,96000,None,641000,545000,None,None,0,None,None,None,None,None,None,None,None,USD,3450000,-410000,3450000,None,None,23000,None,619000,-6390000,-2321000,-5794000,None,None,None,None,None,None,387000,0,None,None,None,0.26,
1,2020-03-31,USD,120000,5918000,None,120000,-5705000,-5775000,3690000,None,-5775000,None,2228000,93000,-5798000,None,70000,None,-70000,-70000,None,None,None,None,93000,None,-5775000,-5775000,None,USD,31487000,None,None,7290000,9401000,22086000,None,545000,11000,-688575000,4000,None,96000,19974000,9261000,5469000,5469000,None,1000,30709000,None,10317000,3445000,None,None,None,3247000,None,None,11000,11769000,-688575000,None,None,777000,None,778000,681000,None,140000,140000,None,None,None,698881000,31487000,23419000,None,111000000,USD,12957000,-164000,12957000,12957000,None,0,None,-326000,-5775000,7213000,-5744000,-91000,-33000,None,None,None,None,319000,0,None,None,7213000,0.4149,0.26
2,2019-12-31,USD,2073000,7427000,None,2073000,-5216000,-5287000,4947000,None,-5287000,None,2480000,138000,-5354000,None,71000,None,-71000,-71000,None,None,None,None,138000,None,-5287000,-5287000,None,USD,37240000,None,None,7197000,9697000,27543000,None,545000,11000,-682800000,9000,None,98000,12761000,9416000,5465000,5465000,1000,3000,36322000,None,15774000,16364000,None,None,None,3406000,None,None,11000,11769000,-682800000,None,None,915000,None,918000,817000,None,281000,281000,None,None,None,698562000,37240000,29125000,None,111393000,USD,-3205000,711000,-3205000,-16285000,None,-19000,27000,1117000,-5287000,-6972000,-3748000,427000,-72000,None,-46000,None,None,473000,0,None,None,-6972000,0.3377,0.4149
3,2019-09-30,USD,0,6041000,None,None,-5871000,-5942000,3534000,None,-5942000,None,2507000,170000,-6041000,None,71000,None,-71000,-71000,None,None,None,None,170000,None,-5942000,-5942000,None,USD,41610000,None,None,7736000,9316000,32294000,None,545000,11000,-677512000,13000,None,102000,19733000,8894000,5460000,5460000,None,5000,40549000,None,20531000,13080000,None,None,None,2889000,None,None,11000,11763000,-677512000,None,None,1056000,None,1061000,954000,None,422000,422000,None,None,None,698032000,41610000,32813000,None,105000000,USD,-10694000,114000,-10694000,-13080000,None,26060000,-9000,-38000,-5942000,9936000,-5430000,-74000,7000,None,26060000,None,None,465000,0,None,None,9936000,0.7199,0.3377
4,2019-06-30,USD,0,6206000,None,None,-6130000,-6241000,3683000,None,-6241000,None,2523000,76000,-6206000,None,111000,None,-111000,-111000,None,None,None,None,76000,None,-6241000,-6241000,None,USD,21044000,None,None,7659000,9305000,11739000,None,545000,7000,-671570000,17000,None,105000,9797000,8743000,5456000,5456000,None,7000,19842000,None,4626000,2386000,None,None,None,2742000,None,None,7000,7113000,-671570000,None,None,1195000,None,1202000,1090000,None,562000,562000,None,None,None,676189000,21044000,12183000,None,72000000,USD,-2386000,-558000,-2386000,-2386000,-641000,-234000,36000,-945000,-6241000,-9514000,-6894000,-556000,67000,None,371000,None,None,394000,0,None,None,-9514000,0.7268,0.7199
5,2019-03-31,USD,0,5687000,None,None,-5599000,-5860000,3248000,None,-5860000,None,2439000,88000,-5687000,None,261000,None,-261000,-261000,None,None,None,None,88000,None,-5860000,-5860000,None,USD,27754000,None,None,1599000,10668000,17086000,None,545000,7000,-665329000,12000,None,109000,24811000,9975000,6032000,6032000,None,9000,26410000,None,-8561000,None,None,681000,None,3398000,None,None,7000,25647000,-665329000,None,None,1335000,None,1344000,1226000,None,693000,693000,None,None,None,656761000,27754000,24811000,None,59000000,USD,0,-623000,-2386000,None,-1406000,17228000,-9000,-182000,-5860000,11115000,-6113000,-91000,44000,None,18634000,None,None,417000,0,None,None,11115000,1.215,0.7268
6,2018-12-31,USD,237000,5760000,0,237000,-5760000,-5997000,3301000,0,-5997000,0,2459000,58000,-5760000,0,295000,None,None,None,0,0,0,0,-237000,0,-5997000,-5997000,None,USD,15324000,None,None,1504000,11331000,3993000,None,None,4000,-659469000,8000,None,113000,13696000,11323000,7396000,7396000,None,11000,15200000,None,-17005000,None,None,None,None,3927000,None,None,4000,20998000,-659469000,None,None,113000,None,124000,None,None,8000,8000,None,None,None,642460000,15324000,13696000,None,36000000,USD,-2386000,-921000,-2386000,4780000,-1406000,40000,40000,-1128000,-5997000,-6466000,-6506000,-91000,51000,None,6343000,None,None,452000,0,None,None,-6466000,0.4157,1.215
7,2018-09-30,USD,0,6277000,6275000,0,-6214000,-6505000,3587000,0,-6505000,0,2690000,63000,-6277000,0,291000,None,None,None,0,0,0,0,-228000,0,-6505000,-6505000,None,USD,21586000,0,None,1302000,12290000,9296000,0,3661000,4000,-653472000,4000,0,108000,20162000,12286000,7348000,7348000,None,14000,21464000,None,-11670000,0,None,0,0,4938000,0,0,4000,20966000,-653472000,0,None,108000,None,122000,None,None,4000,4000,None,None,None,641798000,21586000,20162000,None,36000000,USD,3398000,196000,3398000,0,-1406000,5188000,263000,642000,-6505000,3134000,-5452000,170000,50000,0,4925000,0,0,637000,0,None,None,3134000,2.0,0.4157
8,2018-06-30,USD,237000,6582000,6580000,-237000,-6553000,-6840000,3758000,0,-6840000,0,2824000,29000,-6582000,0,287000,None,None,None,0,0,0,0,-258000,0,-6840000,-6840000,None,USD,22021000,0,None,1470000,12046000,9975000,0,3193000,4000,-646967000,None,0,110000,17028000,12046000,7300000,7300000,-1000,16000,21895000,None,-10991000,3397000,None,0,0,4746000,0,0,4000,20966000,-646967000,0,None,110000,None,126000,None,None,None,None,None,None,None,635973000,22021000,20425000,None,34000000,USD,640000,246000,640000,0,-1406000,919000,None,-273000,-6840000,-4337000,-5896000,-4000,50000,0,919000,0,0,652000,0,None,None,-4337000,2.12,2.0
9,2018-03-31,USD,237000,7328000,7326000,237000,-6992000,-7273000,3969000,0,-7273000,0,3359000,99000,-7091000,0,281000,None,None,None,0,0,0,0,-182000,0,-7273000,-7273000,None,USD,26992000,0,None,1480000,11627000,15365000,0,3337000,3000,-640127000,None,0,96000,21365000,11627000,7252000,7252000,-5000,18000,26878000,None,-5601000,4033000,None,0,0,4375000,0,0,3000,20966000,-640127000,0,None,96000,None,114000,None,None,None,None,None,None,None,634528000,26992000,25398000,None,34000000,USD,742000,-1211000,742000,0,None,196000,None,436000,-7273000,-5612000,-6550000,988000,50000,0,196000,0,0,896000,0,None,None,-5612000,2.72,2.12
10,2017-12-31,USD,669000,6434000,6432000,669000,-6343000,-6623000,3674000,0,-6623000,0,2760000,91000,-6434000,0,280000,None,None,None,0,0,0,0,-1039000,0,-6623000,-6623000,None,USD,34334000,0,None,1183000,12790000,21544000,0,3777000,3000,-632854000,112000,0,1381000,26977000,12678000,7204000,7204000,-7000,20000,32933000,None,578000,4773000,None,0,0,5474000,0,0,3000,20966000,-632854000,0,None,1381000,None,1401000,None,None,112000,112000,None,None,None,633436000,34334000,31750000,None,34291000,USD,-273000,575000,-273000,0,-7615000,24659000,-289000,-3211000,-6623000,19030000,-5356000,29000,54000,0,24659000,0,0,609000,26000,None,None,19030000,3.69,2.72
11,2017-09-30,USD,0,9938000,9935000,0,-9871000,-10159000,6763000,0,-10159000,0,3175000,67000,-9938000,0,288000,None,None,None,0,0,0,0,0,0,-10159000,-10159000,None,USD,15068000,0,None,1258000,12163000,2905000,0,3402000,2000,-626231000,68000,0,1335000,7947000,7443000,2500000,2500000,-1000,22000,13711000,None,-13635000,4506000,None,4652000,0,4943000,0,0,2000,16540000,-626231000,0,None,1335000,None,1357000,None,4652000,68000,4720000,None,None,None,612595000,15068000,12453000,None,24000000,USD,6513000,-344000,6513000,0,-115000,82000,-289000,10000,-10159000,-3725000,-10320000,-382000,64000,0,82000,0,0,501000,26000,None,None,-3725000,1.94,3.69
12,2017-06-30,USD,669000,8612000,8610000,0,-8498000,-8842000,4941000,0,-8842000,0,3671000,114000,-8612000,0,344000,None,None,None,0,0,0,0,0,0,-8842000,-8842000,None,USD,24919000,0,None,840000,12446000,12473000,0,3046000,2000,-616072000,32000,0,1371000,11672000,6990000,1667000,7091000,-9000,25000,23523000,None,-6335000,11011000,None,5424000,0,5323000,0,0,2000,18808000,-616072000,0,None,1371000,None,1396000,None,5424000,32000,5456000,None,None,None,609744000,24919000,22683000,None,22000000,USD,12704000,-1586000,12678000,0,-7500000,-1667000,-115000,-2713000,-8842000,202000,-10809000,-1497000,80000,0,5948000,0,0,1036000,26000,None,None,202000,2.7,1.94
13,2017-03-31,USD,669000,10104000,10102000,669000,-9350000,-9834000,6162000,0,-9834000,0,3942000,85000,-9435000,0,484000,None,None,None,0,0,0,0,0,0,-9834000,-9834000,None,USD,35891000,0,None,714000,21574000,14317000,0,4188000,2000,-607230000,226000,0,0,11470000,11418000,4583000,4583000,-18000,1000,35890000,None,-4491000,23706000,None,9930000,0,6835000,0,0,2000,18808000,-607230000,0,None,None,None,1000,None,9930000,226000,10156000,None,None,None,602755000,35891000,35176000,None,21000000,USD,10830000,-719000,10830000,0,-7615000,2241000,-289000,-71000,-9834000,3414000,-9657000,-71000,80000,0,2241000,0,0,887000,0,None,None,3414000,4.1,2.7
14,2016-12-31,USD,676000,8749000,8746000,676000,-8063000,-8537000,4815000,0,-8537000,0,3934000,10000,-8073000,0,474000,None,None,None,0,0,0,0,-1563000,0,-8537000,-8537000,None,USD,43234000,0,None,643000,22210000,21024000,0,610000,2000,-597396000,169000,0,0,8056000,10939000,3333000,3333000,-22000,3000,43231000,None,2216000,34532000,None,11102000,0,6996000,0,0,2000,18808000,-597396000,0,None,None,None,3000,None,11102000,169000,11271000,None,None,None,599632000,43234000,42588000,None,20925000,USD,-16122000,-756000,-16122000,0,-7153000,26325000,-266000,-1104000,-8537000,2231000,-7972000,197000,82000,0,26325000,0,0,1042000,26000,None,None,2231000,3.62,4.1
15,2016-09-30,USD,610000,9140000,9138000,610000,-8481000,-8954000,5251000,0,-8954000,0,3889000,49000,-8530000,0,473000,None,None,None,0,0,0,0,0,0,-8954000,-8954000,None,USD,25098000,0,None,840000,22887000,2211000,0,1221000,1000,-588859000,113000,0,0,5825000,10501000,2083000,None,-5000,6000,25092000,None,-14248000,18427000,None,12273000,0,7197000,0,0,1000,16459000,-588859000,0,None,None,None,6000,None,12273000,113000,12386000,None,None,None,574615000,25098000,24252000,None,15000000,USD,5241000,-1055000,5241000,0,-37000,-16000,None,None,-8954000,-3622000,-8847000,-9000,81000,0,21000,0,0,1090000,0,None,None,-3622000,4.37,3.62
16,2016-06-30,USD,610000,10603000,10600000,610000,-9970000,-10446000,6606000,0,-10446000,0,3997000,23000,-9993000,0,476000,None,None,None,0,0,0,0,0,0,-10446000,-10446000,None,USD,33960000,0,None,831000,23900000,10060000,0,1831000,9000,-579905000,56000,0,0,9447000,10400000,833000,None,1000,8000,33952000,None,-6399000,23674000,None,13444000,0,7736000,0,0,9000,16459000,-579905000,0,None,None,None,8000,None,13444000,56000,13500000,None,None,None,573496000,33960000,33121000,None,14000000,USD,-7517000,-140000,-7517000,0,2500000,2534000,None,None,-10446000,-14411000,-9428000,-130000,82000,0,34000,0,0,1206000,0,None,None,-14411000,0.5477,4.37
17,2016-03-31,USD,640000,10504000,10501000,640000,-9788000,-10086000,6209000,0,-10086000,0,4295000,76000,-9864000,0,298000,None,None,None,0,0,0,0,0,0,-10086000,-10086000,None,USD,40728000,0,None,701000,21460000,19268000,0,2441000,9000,-569459000,None,0,0,23858000,9775000,None,None,2000,11000,40717000,None,2809000,16158000,None,11685000,0,7334000,0,0,9000,16459000,-569459000,0,None,None,None,11000,None,11685000,None,11685000,None,None,None,572257000,40728000,40016000,None,14000000,USD,3399000,-2091000,3399000,0,11441000,4288000,-7153000,None,-10086000,-3028000,-10715000,-116000,125000,0,0,0,0,1453000,0,None,None,-3028000,0.54,0.5477
18,2015-12-31,USD,670000,12010000,12007000,670000,-11344000,-11578000,7628000,0,-11578000,0,4382000,-4000,-11340000,0,234000,None,None,None,0,0,0,0,2626000,0,-11578000,-11578000,None,USD,47002000,0,None,558000,19609000,27393000,610000,2441000,9000,-559373000,610000,0,0,26886000,18999000,7834000,7834000,-11000,14000,46988000,None,10934000,19544000,None,0,0,8724000,0,0,9000,16459000,-559373000,0,None,None,None,14000,None,None,None,610000,None,None,None,570309000,47002000,46430000,None,86518000,USD,-5851000,322000,-5851000,0,-1642000,25212000,-966000,-1365000,-11578000,10085000,-9276000,238000,32000,0,25212000,0,0,1710000,26000,None,None,10085000,0.8975,0.54
19,2015-09-30,USD,683000,9253000,9251000,683000,-6788000,-7021000,5259000,0,-7021000,0,3994000,1782000,-8570000,0,233000,None,None,None,0,0,0,0,0,0,-7021000,-7021000,None,USD,31316000,0,None,796000,19258000,12058000,1221000,2441000,8000,-547795000,1221000,0,0,16801000,16144000,5861000,None,-2000,17000,31299000,None,12058000,13702000,None,1893000,0,7842000,0,0,8000,0,-547795000,0,None,None,None,17000,None,1893000,None,3114000,None,None,None,559847000,31316000,30503000,None,12000000,USD,5555000,-2566000,5555000,0,None,592000,None,None,-7021000,-3501000,-9648000,368000,33000,0,592000,0,0,-462000,0,None,None,-3501000,0.81,0.8975
