,fiscalDateEnding,reportedCurrency_x,totalRevenue,totalOperatingExpense,costOfRevenue,grossProfit,ebit,netIncome_x,researchAndDevelopment,effectOfAccountingCharges,incomeBeforeTax,minorityInterest,sellingGeneralAdministrative,otherNonOperatingIncome,operatingIncome,otherOperatingExpense,interestExpense,taxProvision,interestIncome,netInterestIncome,extraordinaryItems,nonRecurring,otherItems,incomeTaxExpense,totalOtherIncomeExpense,discontinuedOperations,netIncomeFromContinuingOperations,netIncomeApplicableToCommonShares,preferredStockAndOtherAdjustments,reportedCurrency_y,totalAssets,intangibleAssets,earningAssets,otherCurrentAssets,totalLiabilities,totalShareholderEquity,deferredLongTermLiabilities,otherCurrentLiabilities,commonStock,retainedEarnings,otherLiabilities,goodwill,otherAssets,cash,totalCurrentLiabilities,shortTermDebt,currentLongTermDebt,otherShareholderEquity,propertyPlantEquipment,totalCurrentAssets,longTermInvestments,netTangibleAssets,shortTermInvestments,netReceivables,longTermDebt,inventory,accountsPayable,totalPermanentEquity,additionalPaidInCapital,commonStockTotalEquity,preferredStockTotalEquity,retainedEarningsTotalEquity,treasuryStock,accumulatedAmortization,otherNonCurrrentAssets,deferredLongTermAssetCharges,totalNonCurrentAssets,capitalLeaseObligations,totalLongTermDebt,otherNonCurrentLiabilities,totalNonCurrentLiabilities,negativeGoodwill,warrants,preferredStockRedeemable,capitalSurplus,liabilitiesAndShareholderEquity,cashAndShortTermInvestments,accumulatedDepreciation,commonStockSharesOutstanding,reportedCurrency,investments,changeInLiabilities,cashflowFromInvestment,otherCashflowFromInvestment,netBorrowings,cashflowFromFinancing,otherCashflowFromFinancing,changeInOperatingActivities,netIncome_y,changeInCash,operatingCashflow,otherOperatingCashflow,depreciation,dividendPayout,stockSaleAndPurchase,changeInInventory,changeInAccountReceivables,changeInNetIncome,capitalExpenditures,changeInReceivables,changeInExchangeRate,changeInCashAndCashEquivalents,clossingVal,nextClossingVal
0,2020-06-30,EUR,8438000000.0,6886000000.0,2678000000.0,5760000000.0,8496000000.0,7598000000.0,1352000000.0,None,7970000000.0,182000000.0,2265000000.0,None,1552000000.0,312000000.0,100000000.0,560000000,8000000,-92000000,None,None,None,560000000.0,6510000000.0,None,7606000000.0,7598000000.0,None,EUR,115819000000,17021000000,None,2727000000,52333000000,63304000000,3485000000,250000000,2512000000,None,12174000000,45254000000,9223000000,15969000000,18808000000,None,3329000000,60855000000,10604000000,34883000000,2319000000,4514000000,None,7203000000,20404000000,8895000000,4920000000,None,None,None,None,None,None,None,None,None,80936000000,1195000000,None,413000000,33525000000,None,None,None,None,None,None,None,None,EUR,None,None,None,None,None,None,None,None,7598000000.0,None,None,None,None,None,None,None,None,None,0.0,None,None,None,51.05,
1,2020-03-31,EUR,9316000000.0,7251000000.0,2865000000.0,6451000000.0,2526000000.0,1683000000.0,1340000000.0,0,1971000000.0,182000000.0,2342000000.0,0,2065000000.0,247000000.0,98000000.0,434000000,23000000,-75000000,0,0,0,434000000.0,-19000000.0,0,1695000000.0,1683000000.0,0,EUR,0,0,None,0,0,0,0,0,0,0,0,0,0,0,0,0,0,0,0,0,0,177000000,0,0,0,0,0,0,0,0,0,0,0,0,0,0,0,0,0,0,0,0,0,0,0,0,0,0,2503000000,EUR,0,0,0,0,0,0,0,0,1683000000.0,0,0,0,0,0,0,0,0,0,0.0,0,0,0,43.72,51.05
2,2019-12-31,EUR,10017000000.0,8460000000.0,3457000000.0,6560000000.0,409000000.0,-10000000.0,1686000000.0,0,-192000000.0,174000000.0,2737000000.0,0,1557000000.0,683000000.0,91000000.0,-142000000,18000000,-73000000,-101000000,0,0,-142000000.0,-1676000000.0,-1000000,-2000000.0,-10000000.0,0,EUR,112736000000,16572000000,None,3253000000,53628000000,58934000000,2334000000,6465000000,2508000000,0,12123000000,44519000000,8729000000,9427000000,20387000000,305000000,4554000000,56288000000,11017000000,28936000000,5266000000,177000000,426000000,7937000000,20131000000,7994000000,5313000000,0,0,0,0,0,-9000000,0,83800000000,0,83800000000,1248000000,21168000000,508000000,33241000000,0,0,0,51927000000,0,9427000000,0,0,EUR,0,0,-1058000000,758000000,0,-4193000000,-21000000,0,-10000000.0,2502000000,7744000000,0,7452000000,-3834000000,153000000,0,0,0,1816000000.0,0,0,0,50.2,43.72
3,2019-09-30,EUR,9921000000.0,7444000000.0,3134000000.0,6787000000.0,2681000000.0,1766000000.0,1360000000.0,0,2052000000.0,174000000.0,2311000000.0,0,2477000000.0,119000000.0,109000000.0,268000000,29000000,-80000000,-100000000,0,0,268000000.0,-345000000.0,-100000000,1875000000.0,1766000000.0,0,EUR,0,0,None,0,0,172598927605.11,0,0,0,0,0,0,0,0,0,0,0,0,0,0,0,-4660000000,0,0,0,0,0,0,0,0,0,0,0,0,0,0,0,0,0,0,0,0,0,0,0,0,0,0,2504000000,EUR,0,0,0,0,0,0,0,0,1766000000.0,0,0,0,0,0,0,0,0,0,0.0,0,0,0,46.33,50.2
4,2019-06-30,EUR,8980000000.0,7463000000.0,2767000000.0,6213000000.0,304000000.0,-87000000.0,1587000000.0,0,-393000000.0,165000000.0,2459000000.0,0,1517000000.0,162000000.0,138000000.0,-242000000,42000000,-96000000,0,0,0,-242000000.0,-1814000000.0,-100000000,-82000000.0,1050000000.0,0,EUR,110545000000,19098000000,None,2920000000,54027000000,56353000000,2503000000,273000000,2504000000,0,12776000000,44418000000,5277000000,6742000000,19206000000,302000000,4411000000,4001000000,10711000000,25384000000,4935000000,-4660000000,0,7229000000,21087000000,8423000000,5082000000,0,0,0,0,0,-9000000,0,85161000000,0,85161000000,1198000000,22091000000,739000000,34821000000,0,0,0,49857000000,0,6742000000,0,0,EUR,0,0,-165000000,676000000,0,-3209000000,-9000000,0,-87000000.0,-183000000,3179000000,0,3779000000,-3834000000,49000000,0,0,0,841000000.0,0,0,0,43.27,46.33
5,2019-03-31,EUR,8713000000.0,6978000000.0,2618000000.0,6095000000.0,2018000000.0,1137000000.0,1385000000.0,0,1355000000.0,207466991.0,2376000000.0,0,1409000000.0,128252321.71,106000000.0,255000000,-54000000,-54000000,0,0,0,320630804.26,-326000000.0,-125737570.30,1147000000.0,1137000000.0,0,USD,0,0,None,0,0,232663726872.37,0,0,0,0,0,0,0,0,0,0,0,0,0,0,0,-2807804440.46,0,0,0,0,0,0,0,0,0,0,0,0,0,0,0,0,0,0,0,0,0,0,0,0,0,0,2498000000,EUR,0,0,0,0,0,0,0,0,1137000000.0,0,0,0,0,0,0,0,0,0,0.0,0,0,0,44.28,43.27
6,2018-12-31,USD,16144624647.44,14641993916.79,5234971577.72,10909653069.72,1502630730.65,439709914.27,2904855260.38,0,70976797.18,275251481.76,4855851612.27,0,1502630730.65,548771822.14,-325454582.21,None,None,None,-17104470.05,0,0,-420667358.92,-1431653933.47,-15580272.55,491644156.1,439709914.27,0,USD,192863000506.31,29680419213,None,2873694715.29,90665068267.24,101922680757.31,8212534776.69,13352293577.70,4319197779.89,0,22487526717.80,76577039596.77,17623019398.54,11988154158.64,30080312875.18,0,4085493691.60,5934352701.19,16707245600.73,42667441956.40,9607834740.86,-4334778052.47,344497137.55,13653512180.40,38066068129.17,12943744208.55,8726683770.92,0,0,0,0,0,-201306455.21,0,0,0,0,0,33309753338.56,0,0,0,0,0,80148056762.18,0,10451272795.50,0,0,USD,0,0,-16936056807.05,-14334861630.89,0,5937228473.29,-119731290.35,0,439709914.27,-4460319497.82,8371582699.87,0,6457905601.73,-4964243500.08,-1215733102.06,0,0,0,2601195176.16,0,0,0,43.41,44.28
7,2018-09-30,USD,11280388978.93,8583005325.31,3510071775.87,7770317203.06,2697383653.62,2632553831.91,1691363741.61,0,3161611484.14,184070386.66,2674230145.87,0,2697383653.62,85667978.7,-150497800.42,None,None,None,0,0,0,494327390.6,464227830.52,-4630701.55,2667284093.54,2632553831.91,0,USD,0,0,None,0,0,65057883769.39,0,0,0,0,0,0,0,0,0,0,0,0,0,0,0,-6988886316.28,0,0,0,0,0,0,0,0,0,0,0,0,0,0,0,0,0,0,0,0,0,0,0,0,0,0,0,USD,0,0,0,0,0,0,0,0,2632553831.91,0,0,0,0,0,0,0,0,0,0.0,0,0,0,44.67,43.41
8,2018-06-30,USD,9870810055.87,8399674115.46,3050512104.28,6820297951.58,1471135940.41,886871508.38,1716713221.6,0,1046322160.15,190875232.77,2959729981.38,0,1471135940.41,43063314.71,-58193668.53,None,None,None,0,0,0,128026070.76,-424813780.26,1163873.37,918296089.39,886871508.38,0,USD,131259310986.96,20258379888.27,None,4667132216.01,65662243947.86,65406191806.33,5854283054,10641294227.19,2907355679.70,417552797571260,16004422718.81,52174115456.24,11973929236.50,8720903165.74,23135474860.34,0,6799348230.91,3292597765.36,11021880819.37,29642690875.23,6188314711.36,-7026303538.18,0,7683891992.55,26497905027.93,8570763500.93,5332867783.99,0,0,0,0,0,-1178585732435.50,0,0,0,0,0,0,0,0,0,0,0,0,0,0,0,0,USD,0,0,0,4334408873831.20,0,65861237339639,0,0,886871508.38,0,13747583966286,0,0,-29255294470270,0,0,4427453541958.50,0,6381424799556.8,0,0,0,40.01,44.67
9,2018-03-31,USD,10011232000.0,6626000000.0,3699696000.0,5581000000.0,1500000000.0,1251712000.0,1576960000.0,0,1519056000.0,35728000.0,4425344000.0,None,1886192000.0,31000000.0,117040000.0,None,None,None,0,0,0,230384000.0,-267000000.0,-1000000,1046000000.0,1252944000.0,None,USD,111663000000,21008000000,None,3546000000,53410000000,58088000000,None,8966000000,58088000000,None,13112000000,41194000000,7549000000,12799000000,18838000000,27002000000,27002000000,None,9356000000,29770000000,2786000000,-4114000000,None,6389000000,21460000000,7036000000,4330000000,None,None,None,None,None,None,None,None,None,None,None,None,None,None,None,None,None,None,None,None,None,2496000000,USD,None,0,None,None,None,None,None,None,1251712000.0,None,None,None,None,None,None,None,None,None,0.0,None,None,None,40.08,40.01
10,2017-12-31,USD,11365919000.0,29152000000.0,4451657000.0,24604000000.0,6628000000.0,328658000.0,1843788000.0,0,944661000.0,37967000.0,5241148000.0,None,1673114000.0,-53000000.0,125727000.0,None,None,None,0,1488000000,0,862901000.0,-1887000000.0,141000000,3219000000.0,43793000.0,None,USD,120010817000,64130156000,None,563832000,49973049000,69834596000,1475000000,10061211000,3015118000,66766581000,12238396000,48405380000,76814569000,12400693000,18582405000,1027000000,1027000000,2713000000,11515874000,26386000000,5444000000,6220000000,92569000,8675000000,17222717000,8194195000,5569793000,None,None,None,None,None,-16831000,None,None,None,None,None,None,None,None,None,None,None,None,None,None,None,2534000000,USD,-395000000,693669000,768206000,4503441000,-2297000000,-7902000000,-52000000,245000000,328658000.0,42000000,8871034000,None,3007000000,-4460162000,319000000,-145000000,-529000000,-4322000000,2351503000.0,None,None,None,43.0,40.08
11,2017-09-30,USD,11816784000.0,6623000000.0,4150705000.0,6156000000.0,2662000000.0,2114515000.0,1691336000.0,0,2406953000.0,34468000.0,4633943000.0,None,3032136000.0,-85000000.0,130437000.0,None,None,None,0,0,0,510116000.0,172000000.0,13362000000,2236000000.0,1862369000.0,None,USD,None,None,None,None,None,57631000000,None,None,None,None,None,None,None,None,None,18427000000,18427000000,None,None,None,None,4298000000,None,None,None,None,None,None,None,None,None,None,None,None,None,None,None,None,None,None,None,None,None,None,None,None,None,None,2509000000,USD,None,0,None,None,None,None,None,None,2114515000.0,None,None,None,None,None,None,None,None,None,0.0,None,None,None,49.79,43.0
12,2017-06-30,USD,10837288000.0,-13981000000.0,4083365000.0,-12096000000.0,-3777000000.0,1584881000.0,1642946000.0,0,1651641000.0,36657000.0,4754822000.0,None,1999101000.0,91000000.0,130012000.0,None,None,None,0,0,0,338901000.0,192000000.0,-13287000000,-2851000000.0,1276083000.0,None,USD,116243857000,62547115000,None,2386040000,50297406000,65762734000,1480000000,10853003000,2876713000,63363001000,11078940000,46744020000,74360923000,12411745000,19461461000,18427000000,18427000000,3378000000,10992216000,27099000000,5003000000,4298000000,None,6857000000,17328744000,8268410000,4910153000,None,None,None,None,None,-476980000,None,None,None,None,None,None,None,None,None,None,None,None,None,None,None,2516000000,USD,None,125521000,3750796000,5444189000,None,None,None,None,1584881000.0,None,2916652000,None,None,-4233480000,None,None,171165000,None,1138818000.0,None,None,None,47.91,49.79
13,2017-03-31,USD,9523359000.0,7041000000.0,3517502000.0,6112000000.0,1856000000.0,6093581000.0,1400368000.0,0,1753402000.0,36373000.0,4055611000.0,None,1950246000.0,-34000000.0,118748000.0,None,None,None,0,0,0,359453000.0,-212000000.0,4427000000,1308000000.0,1357576000.0,None,USD,None,None,None,None,None,57554000000,None,None,None,None,None,None,None,None,None,18581000000,18581000000,None,None,None,None,7747000000,None,None,None,None,None,None,None,None,None,None,None,None,None,None,None,None,None,None,None,None,None,None,None,None,None,None,2525000000,USD,None,0,None,None,None,None,None,None,6093581000.0,None,None,None,None,None,None,None,None,None,0.0,None,None,None,45.25,47.91
14,2016-12-31,USD,7932144000.0,20394000000.0,2934731000.0,17487000000.0,5019000000.0,564765000.0,1260101000.0,0,907152000.0,17357000.0,3534613000.0,None,1462800000.0,21000000.0,410857000.0,None,None,None,0,907000000,0,323718000.0,-1709000000.0,304000000,4486000000.0,566077000.0,None,USD,110449894000,53990363000,None,465344000,49539529000,60730981000,1359000000,9748992000,2726637000,56757098000,12036666000,42510842000,71717723000,10840070000,17341157000,1544000000,1544000000,4996000000,10572049000,33108000000,4802000000,7747000000,32711000,9050000000,17743188000,7272438000,4534195000,None,None,None,None,None,-1585966000,None,None,None,None,None,None,None,None,None,None,None,None,None,None,None,2592000000,USD,-323000000,471674000,-2637000000,-126000000,2293000000,-3990000000,79000000,536000000,564765000.0,1125000000,8270658000,None,2841000000,-3966497000,305000000,-323000000,177274000,-298000000,2197982000.0,None,None,None,40.44,45.25
15,2016-09-30,USD,10780183000.0,80000000.0,3693009000.0,734000000.0,907000000.0,1927488000.0,1423948000.0,0,2470980000.0,33435000.0,4074414000.0,None,3012760000.0,0.0,298277000.0,None,None,None,0,0,0,527187000.0,0.0,-176000000,0.0,1910358000.0,None,USD,104672000000,None,None,6526000000,46948000000,None,1359000000,9599000000,54061000000,None,None,40287000000,None,10273000000,17629000000,17277000000,17277000000,None,None,33108000000,4901000000,None,31000000,9050000000,16781000000,6892000000,4297000000,None,None,None,None,None,None,None,None,None,None,None,None,None,None,None,None,None,None,None,None,None,2577000000,USD,None,None,None,None,None,None,None,None,1927488000.0,None,None,None,None,None,None,None,None,None,0.0,None,None,None,38.19,40.44
16,2016-06-30,USD,8881563000.0,6713000000.0,3157561000.0,5785000000.0,1595000000.0,1238591000.0,1366780000.0,0,1467620000.0,15617000.0,3931961000.0,None,1792041000.0,0.0,118940000.0,None,None,None,0,0,0,415027000.0,0.0,186000000,0.0,1036976000.0,None,USD,109341462000,55727045000,None,2098286000,49385852000,59782408000,1543000000,9806345000,2839637000,56942771000,13125874000,43488144000,73869169000,6703043000,16817181000,17277000000,17277000000,None,10832321000,28345000000,4215000000,None,130000000,7290000000,16382520000,7796315000,4333370000,None,None,None,None,None,None,None,None,None,None,None,None,None,None,None,None,None,None,None,None,None,2574000000,USD,None,81637000,None,218434000,None,None,None,None,1238591000.0,None,2872734000,None,None,-4146929000,None,None,113630000,None,1323840000.0,None,None,None,41.85,38.19
17,2016-03-31,USD,9029992000.0,0.0,3292849000.0,0.0,0.0,1238093000.0,1406665000.0,0,1287070000.0,29614000.0,3926133000.0,None,1811010000.0,0.0,146931000.0,None,None,None,0,0,0,133263000.0,0.0,0,0.0,1124193000.0,None,USD,None,None,None,None,None,None,None,None,None,None,None,None,None,None,None,None,None,None,None,None,None,None,None,None,None,None,None,None,None,None,None,None,None,None,None,None,None,None,None,None,None,None,None,None,None,None,None,None,2577000000,USD,None,None,None,None,None,None,None,None,1238093000.0,None,None,None,None,None,None,None,None,None,0.0,None,None,None,40.16,41.85
18,2015-12-31,USD,8786363000.0,27650000000.0,3578075000.0,23942000000.0,7211000000.0,242914000.0,1368512000.0,0,215731000.0,18147000.0,3854645000.0,None,1353643000.0,16000000.0,175049000.0,None,None,None,0,1697000000,0,418235000.0,-1990000000.0,-124000000,4512000000.0,490303000.0,None,USD,111110374000,56013981000,None,432188000,47900135000,63035409000,1553000000,9260556000,2835285000,56137772000,12241350000,42954947000,73243955000,9933813000,18270268000,3180000000,3180000000,3726000000,10797104000,30680000000,4561000000,8019000000,14117000,8853000000,14244836000,7075724000,4144880000,None,None,None,None,None,-323598000,None,None,None,None,None,None,None,None,None,None,None,None,None,None,None,None,USD,-259000000,261702000,-3257000000,-246000000,1346000000,-3601000000,-43000000,1773000000,242914000.0,1807000000,9686228000,None,3263000000,-4011315000,574000000,-466000000,-493000000,207000000,3010115000.0,None,None,None,42.65,40.16
19,2015-09-30,USD,10127474000.0,0.0,3621493000.0,0.0,0.0,1819034000.0,1373801000.0,0,2144361000.0,25720000.0,3978204000.0,None,2527777000.0,0.0,139735000.0,None,None,None,0,0,0,290765000.0,0.0,0,0.0,1827876000.0,None,USD,None,None,None,None,None,None,None,None,None,None,None,None,None,None,None,None,None,None,None,None,None,None,None,None,None,None,None,None,None,None,None,None,None,None,None,None,None,None,None,None,None,None,None,None,None,None,None,None,2611000000,USD,None,None,None,None,None,None,None,None,1819034000.0,None,None,None,None,None,None,None,None,None,0.0,None,None,None,47.47,42.65
