,fiscalDateEnding,reportedCurrency_x,totalRevenue,totalOperatingExpense,costOfRevenue,grossProfit,ebit,netIncome_x,researchAndDevelopment,effectOfAccountingCharges,incomeBeforeTax,minorityInterest,sellingGeneralAdministrative,otherNonOperatingIncome,operatingIncome,otherOperatingExpense,interestExpense,taxProvision,interestIncome,netInterestIncome,extraordinaryItems,nonRecurring,otherItems,incomeTaxExpense,totalOtherIncomeExpense,discontinuedOperations,netIncomeFromContinuingOperations,netIncomeApplicableToCommonShares,preferredStockAndOtherAdjustments,reportedCurrency_y,totalAssets,intangibleAssets,earningAssets,otherCurrentAssets,totalLiabilities,totalShareholderEquity,deferredLongTermLiabilities,otherCurrentLiabilities,commonStock,retainedEarnings,otherLiabilities,goodwill,otherAssets,cash,totalCurrentLiabilities,shortTermDebt,currentLongTermDebt,otherShareholderEquity,propertyPlantEquipment,totalCurrentAssets,longTermInvestments,netTangibleAssets,shortTermInvestments,netReceivables,longTermDebt,inventory,accountsPayable,totalPermanentEquity,additionalPaidInCapital,commonStockTotalEquity,preferredStockTotalEquity,retainedEarningsTotalEquity,treasuryStock,accumulatedAmortization,otherNonCurrrentAssets,deferredLongTermAssetCharges,totalNonCurrentAssets,capitalLeaseObligations,totalLongTermDebt,otherNonCurrentLiabilities,totalNonCurrentLiabilities,negativeGoodwill,warrants,preferredStockRedeemable,capitalSurplus,liabilitiesAndShareholderEquity,cashAndShortTermInvestments,accumulatedDepreciation,commonStockSharesOutstanding,reportedCurrency,investments,changeInLiabilities,cashflowFromInvestment,otherCashflowFromInvestment,netBorrowings,cashflowFromFinancing,otherCashflowFromFinancing,changeInOperatingActivities,netIncome_y,changeInCash,operatingCashflow,otherOperatingCashflow,depreciation,dividendPayout,stockSaleAndPurchase,changeInInventory,changeInAccountReceivables,changeInNetIncome,capitalExpenditures,changeInReceivables,changeInExchangeRate,changeInCashAndCashEquivalents,clossingVal,nextClossingVal
0,2020-06-30,USD,128536000,29341000,65605000,62931000,33643000,11159000,None,None,32450000,15618000,21331000,53000,33590000,8010000,1193000,5673000,53000,-1140000,None,None,None,5673000,None,None,26777000,9120000,2039000,USD,372012000,11729000,None,48737000,202905000,58990000,408000,20157000,357000,7275000,408000,120343000,35637000,79624000,102424000,11282000,None,-2051000,2779000,201524000,221000,14206000,None,72191000,100073000,972000,70985000,None,None,357000,None,7275000,None,None,6526000,None,28890000,None,100073000,73000,100481000,None,87288000,None,53409000,372012000,79624000,None,None,USD,-43000,-19145000,-43000,None,5000000,-8198000,-1068000,23400000,26777000,24153000,32394000,22577000,8500000,-11195000,-935000,-709000,9167000,-14773000,43000,9167000,None,24153000,7.07,
1,2020-03-31,USD,166681000,34472000,118823000,47858000,13546000,4479000,None,None,11993000,5589000,25676000,160000,13386000,8796000,1553000,1925000,160000,-1393000,None,None,None,1925000,None,None,10068000,2979000,1500000,USD,389632000,14748000,None,68442000,234617000,51827000,1832000,39659000,354000,814000,1832000,120343000,44329000,55466000,137588000,26450000,None,-2051000,3297000,206915000,None,5018000,None,82738000,95197000,264000,71445000,None,None,354000,None,814000,-2011000,None,13996000,None,30333000,None,95197000,197000,97029000,None,88282000,None,52710000,389632000,55466000,None,15000000,USD,-536000,-10839000,-536000,None,-28000000,-41050000,-39000,-12895000,10068000,-2197000,39389000,-12773000,8796000,-11789000,-1222000,2690000,29942000,11505000,536000,29942000,None,-2197000,6.27,7.07
2,2019-12-31,USD,186183000,-429675000,615225000,-429042000,6745000,-751000,None,None,3511000,27000,39182000,6112000,633000,-468857000,3234000,4235000,-2229000,-3234000,None,None,None,4235000,4206000,None,-724000,-2762000,2011000,USD,422968000,17767000,None,59839000,265667000,51219000,495000,34817000,354000,1074000,495000,120343000,45463000,57668000,141955000,19943000,None,-2051000,3267000,236128000,106000,20891000,6806000,115635000,123217000,2954000,87195000,None,None,354000,None,1074000,-2011000,None,33214000,None,29865000,None,123217000,217000,123712000,None,90015000,None,51842000,422968000,57668000,None,15000000,USD,7888000,18706000,7888000,8431000,3496000,-8452000,-45000,-5643000,-724000,14086000,14650000,-4316000,9037000,-11292000,-632000,626000,-16922000,8243000,543000,-16922000,None,14086000,9.23,6.27
3,2019-09-30,USD,207087000,160992000,123867000,83220000,55021000,15534000,None,None,44243000,22245000,27629000,None,46095000,2200000,1282000,6567000,322000,-1852000,None,None,None,6567000,-1852000,None,37676000,13508000,2026000,USD,398402000,20715000,None,45333000,229626000,146531000,9928000,38288000,354000,3849000,2020000,120343000,42248000,42580000,108102000,4460000,None,-57000,3255000,211841000,94000,-85173000,6723000,103091000,119504000,3580000,46059000,None,None,354000,None,3849000,-2011000,None,9696000,None,186561000,None,119504000,190000,121524000,None,90646000,None,53750000,398402000,49335000,None,15000000,USD,-117000,545000,-117000,None,25504000,-10937000,-31807000,-6021000,15534000,15002000,26056000,-5868000,9485000,-4634000,0,-1560000,1300000,6276000,117000,1300000,None,15002000,10.55,9.23
4,2019-06-30,USD,177749000,206318000,158759000,177749000,-28569000,-7115000,None,None,-30070000,-18369000,37247000,None,-28569000,169071000,1501000,-4586000,494000,-1501000,None,None,None,-4586000,-1501000,None,-25484000,-9142000,2027000,USD,397084000,23810000,None,64328000,254730000,33581000,4578000,39083000,354000,-7053000,21174000,120343000,46866000,28580000,139556000,25848000,None,-2049000,3575000,202490000,None,-19923000,9331000,107580000,94260000,2020000,74650000,None,None,354000,None,-7053000,-2011000,None,15019000,None,31847000,None,94260000,16336000,115174000,None,90649000,None,42329000,397084000,28580000,None,35000000,USD,-250000,-19040000,-250000,-44000,-17500000,-27353000,-3872000,11691000,-7115000,-6623000,20980000,13394000,10321000,-4633000,-111000,-1785000,23791000,2880000,250000,23791000,None,-6623000,11.19,10.55
5,2019-03-31,USD,242706000,236886000,203380000,39326000,17532000,782000,None,None,3786000,1963000,29476000,None,5820000,207410000,-8125000,1041000,-2223000,-2034000,None,None,None,1041000,-2034000,None,2745000,-1245000,2027000,USD,448863000,32055000,None,79235000,313946000,134917000,4936000,58253000,351000,62000,31746000,120343000,36924000,32436000,130109000,5900000,5900000,-12000,3871000,255670000,146000,-12745000,8043000,133518000,110500000,2316000,56962000,None,None,351000,None,62000,-2011000,None,9517000,None,193193000,None,110500000,545000,142246000,None,90758000,None,45769000,448863000,40601000,None,14000000,USD,-6123000,-11340000,-6123000,-5869000,-30036000,-38361000,-3734000,-10860000,2745000,-14435000,30049000,-11315000,12159000,-4591000,None,3643000,16056000,17378000,6123000,16056000,None,-14435000,8.91,11.19
6,2018-12-31,USD,228514000,242024000,197439000,31075000,-13510000,-1969000,0,0,-13840000,44488000,29624000,None,-13510000,2100000,-2087000,None,None,None,0,0,0,1475000,-330000,0,-15315000,-3997000,None,USD,488738000,33716000,None,83010000,307686000,45806000,106000,46438000,351000,1307000,26235000,120343000,35233000,49638000,141951000,13414000,7036000,-2009000,4366000,291980000,3100000,16221000,9226000,154224000,139500000,3878000,82099000,None,None,351000,None,1307000,-2011000,None,41452000,None,27321000,None,139500000,25917000,165735000,None,90758000,None,46157000,488738000,50868000,None,13000000,USD,None,20991000,4712000,-470000,10651000,-15780000,-21548000,-5595000,-1969000,6842000,17910000,None,-11502000,-4577000,48490000,199000,-17088000,8426000,332000,None,None,None,7.43,8.91
7,2018-09-30,USD,258475000,233021000,190709000,258475000,25454000,5609000,0,0,22645000,13218000,25695000,None,25454000,207326000,2809000,None,None,None,0,0,0,3818000,-2809000,0,18827000,3582000,2027000,USD,481277000,28247000,None,101092000,269554000,26597000,489000,6344000,351000,2885000,26556000,120343000,41349000,42796000,120998000,10804000,10535000,-2026000,5383000,285955000,1873000,-121993000,12631000,137983000,122000000,4077000,103850000,120965000,25387000,351000,90758000,2885000,-2011000,None,14541000,None,24935000,None,122000000,26067000,148556000,None,None,None,25387000,481277000,42796000,None,13000000,USD,None,5948000,307000,241000,10000000,1344000,-4200000,-17319000,18827000,7094000,5443000,-12483000,13287000,-8656000,0,-2218000,-5308000,-12610000,66000,-5308000,None,7094000,8.25,7.43
8,2018-06-30,USD,232251000,203310000,160369000,232251000,28941000,7500000,0,0,27178000,16427000,27780000,None,28941000,175530000,1763000,None,None,None,0,0,0,3251000,-1763000,0,23927000,5473000,2027000,USD,460849000,31600000,None,83865000,259314000,24475000,4380000,6770000,351000,-2678000,30448000,120343000,36834000,35702000,116866000,16000000,13921000,-2044000,7190000,256865000,595000,-127468000,12109000,135411000,112001000,1860000,94123000,110777000,28846000,351000,90758000,-2678000,-2011000,None,16675000,None,27581000,None,112001000,26067000,142448000,None,None,None,28846000,460849000,35702000,None,13000000,USD,None,-7908000,-8205000,-7796000,2188000,-23108000,-6166000,25653000,23927000,14637000,45950000,20914000,13324000,-19130000,0,-1377000,15856000,-18786000,409000,15856000,None,14637000,9.75,8.25
9,2018-03-31,USD,286688000,332942000,287076000,286688000,-46254000,-12326000,0,0,-48298000,-29505000,30047000,None,-46254000,302895000,2044000,None,None,None,0,0,0,-6467000,-2044000,0,-41831000,-14353000,2027000,USD,493905000,35074000,None,104850000,292185000,20285000,11038000,11464000,348000,-5726000,37393000,120154000,40859000,21065000,142392000,23679000,11332000,-2054000,7699000,281832000,262000,-134943000,28763000,155517000,112400000,400000,107249000,110962000,27717000,348000,90758000,-5726000,-2011000,None,18150000,None,30734000,None,112400000,26355000,149793000,None,None,None,27717000,493905000,21065000,None,35000000,USD,None,-16487000,-15795000,-15041000,-22011000,16981000,-1363000,-33875000,-41831000,-8354000,-9540000,-27051000,11927000,-8135000,48490000,4070000,10091000,49741000,754000,10091000,None,-8354000,11.85,9.75
10,2017-12-31,USD,234776000,794173000,163118000,254888000,73981000,13158000,0,0,79799000,34378000,109835000,None,59752000,8768000,2374000,None,None,None,0,0,0,32263000,22792000,0,69175000,12226000,None,USD,505949000,34800000,None,100351000,303473000,36248000,492000,12636000,348000,11008000,27645000,120154000,200936000,29419000,151027000,22580000,13443000,-2022000,8275000,296738000,3309000,-77533000,7701000,162514000,124973000,4470000,115789000,161303000,26914000,348000,41389000,11008000,-2011000,None,18449000,None,24185000,None,124973000,26981000,152446000,None,41173000,None,26914000,505949000,29419000,None,13000000,USD,None,14882000,-77558000,0,53461000,44304000,-51089000,-27121000,13158000,10459000,63912000,None,21266000,-11625000,0,-718000,-33820000,44958000,1704000,None,None,None,12.4,11.85
11,2017-09-30,USD,215536000,197448000,185939000,215536000,18088000,2347000,0,0,15393000,10595000,25566000,None,18088000,171882000,2695000,None,None,None,0,0,0,2451000,22000,0,12942000,1415000,932000,USD,439456000,40559000,None,68539000,268932000,36104000,3410000,7506000,348000,1164000,56789000,120154000,229637000,11249000,123543000,24655000,13276000,-1910000,8623000,201196000,138000,-124609000,0,115720000,89089000,5688000,91382000,129280000,36502000,348000,41244000,1164000,-1888000,None,18484000,None,50302000,None,89089000,52890000,145389000,None,None,None,36502000,439456000,11249000,None,13000000,USD,None,12015000,-5712000,-4645000,-7475000,-13502000,-397000,-8292000,12942000,-2796000,16418000,-9207000,12392000,-8005000,2375000,-2246000,15548000,-8879000,1067000,-599000,None,-2796000,15.0,12.4
12,2017-06-30,USD,151436000,143639000,133983000,151436000,7797000,1079000,0,0,5080000,3592000,19346000,None,7797000,124293000,2717000,None,None,None,0,0,0,409000,529000,0,4671000,88000,-991000,USD,408713000,20218000,None,115265000,246919000,36455000,3711000,8334000,348000,2132000,57459000,80947000,172395000,14045000,97960000,14447000,99000000,-17000,3993000,232325000,122000,-64710000,919000,99573000,92830000,3442000,75179000,122683000,35277000,348000,39111000,2132000,-1285000,None,17003000,54105000,176388000,None,92830000,52418000,148959000,None,None,None,35277000,408713000,14045000,None,13000000,USD,None,-8656000,-80653000,-80394000,68579000,46741000,-3294000,1366000,4417000,-10886000,23026000,4479000,10527000,-17874000,-670000,-3012000,16147000,2450000,259000,12821000,None,-10886000,18.8,15.0
13,2017-03-31,USD,194345000,177307000,170254000,194345000,17038000,2269000,0,0,13792000,9117000,24377000,None,17038000,152930000,3246000,None,None,None,0,0,0,2406000,-3246000,0,11386000,2269000,None,USD,365817000,18537000,None,55555000,190436000,38603000,5103000,14333000,173000,4625000,60266000,79407000,169745000,24931000,130031000,32144000,32144000,-7000,4389000,191683000,None,-59341000,0,110767000,1333000,430000,83554000,137035000,33812000,173000,38346000,4625000,0,None,17466000,54335000,174134000,None,1333000,53969000,60405000,None,None,None,33812000,365817000,24931000,None,13000000,USD,None,-12643000,-9612000,-9500000,-41368000,-8797000,666000,-9287000,11386000,5971000,24380000,-9287000,8415000,-6702000,38607000,3322000,3326000,19861000,112000,3326000,None,5971000,31.95,18.8
14,2016-12-31,USD,168676000,462836000,122028000,207053000,89363000,7747000,0,0,27711000,16390000,85104000,None,37197000,2704000,6004000,None,None,None,0,0,0,3574000,-6521000,0,65999000,7747000,None,USD,376168000,21410000,None,60156000,252432000,30303000,1006000,23885000,168000,4711000,62438000,79147000,173479000,18960000,184056000,67468000,28869000,11000,4706000,197983000,3083000,-70254000,7329000,115091000,6658000,3752000,92703000,31156000,8786000,168000,103000,4711000,0,None,14792000,55047000,178185000,None,6658000,60712000,68376000,None,None,None,25413000,376168000,18960000,None,13000000,USD,-1102000,15289000,-33489000,0,12396000,-18975000,-35816000,-18105000,7747000,14486000,67793000,None,31026000,-43297000,0,542000,-12206000,17642000,2258000,None,None,None,30.3,31.95
15,2016-09-30,USD,158094000,149134000,140839000,158094000,9200000,183000,0,0,7930000,6618000,18009000,240000,8960000,131125000,1270000,None,None,None,0,0,0,1129000,-815000,0,6801000,183000,None,USD,337731000,24478000,None,140620000,227014000,22930000,1467000,14987000,168000,-681000,59703000,79556000,173120000,16907000,160769000,76476000,76476000,-33000,4866000,159745000,318000,-1548000,0,146817000,6542000,3725000,69306000,110717000,23476000,168000,103000,-681000,0,None,None,None,29662000,None,6542000,58225000,66234000,None,None,None,23476000,337731000,16907000,None,14000000,USD,-149000,-2249000,-32313000,-31850000,28474000,23929000,131000,-7910000,15058000,9645000,18029000,-7736000,19869000,-18671000,13995000,-1269000,20150000,-8167000,314000,2523000,None,9645000,29.13,30.3
16,2016-06-30,USD,76187000,60288000,76762000,76187000,16093000,2341000,0,0,15474000,8397000,16199000,194000,15899000,44089000,619000,None,None,None,0,0,0,4736000,422000,0,10738000,2341000,None,USD,168062000,4418000,None,50368000,115232000,23601000,0,57443000,141000,1491000,47226000,18379000,80699000,7262000,49565000,19174000,7235000,-28000,5035000,82328000,439000,19183000,0,98713000,18441000,1827000,38615000,52830000,21997000,141000,76000,1491000,0,None,None,None,9892000,None,None,None,None,None,None,None,21997000,168062000,7262000,None,13000000,USD,-245000,-1876000,-1029000,0,-6327000,-12770000,-188000,532000,10737000,4313000,18112000,532000,6398000,-6255000,0,-1647000,17627000,-8872000,784000,12840000,None,4313000,33.05,29.13
17,2016-03-31,USD,110546000,92969000,86180000,110546000,17482000,4173000,0,0,16729000,11568000,17380000,-95000,17577000,75589000,753000,None,None,None,0,0,0,988000,-848000,0,15741000,4173000,None,USD,159440000,17885000,None,52931000,115759000,18053000,854000,42612000,139000,1314000,31861000,18379000,63304000,2949000,63312000,33291000,20025000,-28000,4755000,91381000,None,168000,0,93112000,19732000,181000,39002000,0,0,139000,98000,1314000,0,None,None,None,22640000,None,None,None,854000,None,None,None,16600000,159440000,2949000,None,29000000,USD,-168000,-5124000,-833000,0,-18825000,-26194000,87000,-3220000,15741000,-1525000,25502000,-3220000,6941000,-7369000,0,3484000,4787000,2893000,665000,4787000,None,-1525000,18.0,33.05
18,2015-12-31,USD,94840000,328148000,82961000,119965000,30005000,2551000,0,0,3507000,3151000,61582000,None,4374000,3000000,865000,None,None,None,0,0,0,375000,-1233000,0,25975000,2551000,None,USD,162234000,6802000,None,32765000,128915000,11338000,4008000,24766000,139000,-1366000,22943000,18379000,55078000,4474000,85041000,38426000,5306000,11000,4476000,102680000,None,-13843000,7421000,61776000,20931000,3665000,44877000,0,0,139000,108000,-1366000,0,None,6517000,23380000,59554000,None,20931000,None,20931000,None,None,None,12565000,162234000,4474000,None,7000000,USD,-330000,-12363000,-41943000,0,16473000,-3873000,-15587000,-10941000,3865000,115000,45931000,None,7378000,-20043000,0,4544000,7268000,27768000,1766000,None,None,None,20.72,18.0
19,2015-09-30,USD,91267000,0,76459000,0,0,1314000,0,0,6455000,4561000,0,None,7251000,0,800000,None,None,None,0,0,0,580000,-803000,0,0,1314000,None,USD,160453000,27561000,None,35605000,125879000,11848000,0,17680000,31000,0,23245000,18385000,56110000,7355000,79584000,None,None,None,4422000,0,None,None,0,51731000,22226000,5230000,30598000,0,0,0,108000,0,0,None,None,None,None,None,None,None,None,None,None,None,None,None,None,None,28000000,USD,None,None,-42819000,0,None,6140000,None,None,1314000,None,39675000,None,0,-15024000,0,2978000,18350000,None,1255000,None,None,None,16.55,20.72
