,fiscalDateEnding,reportedCurrency_x,totalRevenue,totalOperatingExpense,costOfRevenue,grossProfit,ebit,netIncome_x,researchAndDevelopment,effectOfAccountingCharges,incomeBeforeTax,minorityInterest,sellingGeneralAdministrative,otherNonOperatingIncome,operatingIncome,otherOperatingExpense,interestExpense,taxProvision,interestIncome,netInterestIncome,extraordinaryItems,nonRecurring,otherItems,incomeTaxExpense,totalOtherIncomeExpense,discontinuedOperations,netIncomeFromContinuingOperations,netIncomeApplicableToCommonShares,preferredStockAndOtherAdjustments,reportedCurrency_y,totalAssets,intangibleAssets,earningAssets,otherCurrentAssets,totalLiabilities,totalShareholderEquity,deferredLongTermLiabilities,otherCurrentLiabilities,commonStock,retainedEarnings,otherLiabilities,goodwill,otherAssets,cash,totalCurrentLiabilities,shortTermDebt,currentLongTermDebt,otherShareholderEquity,propertyPlantEquipment,totalCurrentAssets,longTermInvestments,netTangibleAssets,shortTermInvestments,netReceivables,longTermDebt,inventory,accountsPayable,totalPermanentEquity,additionalPaidInCapital,commonStockTotalEquity,preferredStockTotalEquity,retainedEarningsTotalEquity,treasuryStock,accumulatedAmortization,otherNonCurrrentAssets,deferredLongTermAssetCharges,totalNonCurrentAssets,capitalLeaseObligations,totalLongTermDebt,otherNonCurrentLiabilities,totalNonCurrentLiabilities,negativeGoodwill,warrants,preferredStockRedeemable,capitalSurplus,liabilitiesAndShareholderEquity,cashAndShortTermInvestments,accumulatedDepreciation,commonStockSharesOutstanding,reportedCurrency,investments,changeInLiabilities,cashflowFromInvestment,otherCashflowFromInvestment,netBorrowings,cashflowFromFinancing,otherCashflowFromFinancing,changeInOperatingActivities,netIncome_y,changeInCash,operatingCashflow,otherOperatingCashflow,depreciation,dividendPayout,stockSaleAndPurchase,changeInInventory,changeInAccountReceivables,changeInNetIncome,capitalExpenditures,changeInReceivables,changeInExchangeRate,changeInCashAndCashEquivalents,clossingVal,nextClossingVal
0,2020-06-30,USD,35739000,26679000,5901000,29838000,3260000,3759000,2754000,None,3406000,None,14641000,101000,3159000,9284000,-146000,-353000,146000,146000,None,None,None,-353000,-527000,None,3759000,3759000,None,USD,313695000,6967000,None,10918000,68014000,245681000,None,33120000,2000,158716000,6952000,124182000,49209000,40886000,50900000,None,None,-1718000,7169000,111373000,None,114532000,29974000,29595000,None,None,17780000,None,None,2000,None,158716000,None,None,64004000,None,202322000,15429000,None,17114000,17114000,None,None,None,88681000,313695000,70860000,None,19023795,USD,11000,703000,-4430000,-3595000,None,-2213000,None,1033000,3759000,-1501000,5142000,857000,2072000,-2379000,166000,None,-3111000,862000,846000,-3111000,None,-1501000,9.35,
1,2020-03-31,USD,37267000,33111000,8264000,29003000,-4245000,-4539000,5449000,None,-3882000,None,17612000,-137000,-4108000,10050000,-363000,657000,363000,363000,None,None,None,657000,-180000,None,-4539000,-4539000,None,USD,310802000,3992000,None,10844000,68022000,242780000,None,34130000,2000,157446000,7095000,124182000,49127000,42284000,49955000,None,None,-1821000,7655000,110250000,None,114606000,29906000,27216000,None,None,15825000,None,None,2000,None,157446000,None,None,64732000,None,200552000,16208000,None,18067000,18067000,None,None,None,87153000,310802000,72190000,None,18993551,USD,112000,-1143000,-2642000,-1705000,None,-3532000,-903000,964000,-4539000,-4857000,1317000,440000,2146000,-2629000,-903000,None,2441000,1972000,1049000,2441000,None,-4857000,10.69,9.35
2,2019-12-31,USD,39547000,43736000,8051000,31496000,-12034000,-9511000,7132000,None,-11683000,None,17422000,206000,-12240000,10333000,-351000,-2172000,351000,351000,None,8849000,None,-2172000,-8697000,None,-9511000,-9511000,None,USD,319872000,2917000,None,9227000,69778000,250094000,None,34359000,2000,164819000,7020000,124182000,50791000,47361000,51183000,None,None,-1601000,8000000,117665000,None,122995000,29899000,30174000,None,1004000,16824000,None,None,2000,None,164819000,None,None,67108000,None,202207000,17012000,None,18595000,18595000,None,None,None,86874000,319872000,77260000,None,19071614,USD,114000,723000,-561000,-25385000,None,-2240000,None,782000,-9510000,-1856000,945000,135000,2250000,-2379000,139000,None,712000,6635000,675000,712000,None,-1658000,12.23,10.69
3,2019-09-30,USD,39453000,34955000,7190000,32263000,-2529000,-1326000,7437000,None,-2130000,None,17408000,163000,-2692000,10110000,-399000,-804000,399000,399000,None,None,None,-804000,-239000,None,-1326000,-1326000,None,USD,332031000,3542000,None,9975000,71234000,260797000,None,35502000,2000,176680000,7399000,133031000,48280000,49319000,52177000,None,None,-1499000,9603000,121230000,None,124224000,29870000,31071000,None,995000,16675000,None,None,2000,None,176680000,None,None,64625000,None,210801000,16961000,None,19057000,19057000,None,None,None,85614000,332031000,79189000,None,18827770,USD,151000,1795000,-1228000,-25499000,None,-7156000,-2379000,56000,-1327000,1595000,9979000,-295000,2305000,-2391000,-4765000,None,6934000,567000,1379000,6934000,-105000,1490000,11.94,12.23
4,2019-06-30,USD,39525000,34278000,7239000,32286000,-1390000,-670000,6807000,None,-938000,None,17270000,602000,-1992000,10201000,-452000,-268000,452000,452000,None,None,None,-268000,698000,None,-670000,-670000,None,USD,338073000,4167000,None,9310000,69573000,268500000,None,35766000,2000,180477000,7350000,133031000,47567000,47829000,50139000,None,None,-1394000,9759000,126776000,None,131302000,29854000,38554000,None,1229000,14373000,None,None,2000,None,180477000,None,None,64311000,None,211297000,17345000,None,19434000,19434000,None,None,None,89415000,338073000,77683000,None,19221966,USD,-10826000,-18367000,-12322000,-25650000,None,-2289000,-6000,17590000,-670000,-15065000,-454000,17521000,2335000,-2402000,119000,None,-1891000,618000,1496000,-1891000,-33000,-15098000,15.04,11.94
5,2019-03-31,USD,41764000,33057000,7592000,34172000,879000,742000,6167000,None,1328000,None,16857000,-236000,1115000,10033000,-449000,586000,449000,449000,None,None,None,586000,-544000,None,742000,742000,None,USD,340602000,4792000,None,8666000,70068000,270534000,None,36222000,2000,183627000,7314000,133031000,47373000,62927000,50550000,5286000,5286000,-1361000,9823000,128618000,None,132711000,18868000,36721000,12204000,1436000,14328000,None,None,2000,None,183627000,None,None,64338000,None,211984000,17490000,None,19518000,19518000,None,None,None,88266000,340602000,81795000,None,19204056,USD,-14824000,15206000,-16111000,-14824000,None,-5468000,-1011000,-15515000,742000,-20356000,1223000,-13712000,2359000,-2647000,-1810000,None,-4791000,1419000,1287000,-4791000,-60000,-20416000,13.62,15.04
6,2018-12-31,USD,43256000,57549000,-13721000,56977000,-1167000,-533000,6619000,0,-538000,0,16973000,-595000,-573000,33958000,-629000,None,None,None,0,0,0,-5000,35000,0,-533000,-533000,None,USD,327712000,5417000,None,9578000,53158000,274554000,None,28107000,2000,185294000,8210000,133031000,47932000,83343000,44948000,None,None,-1301000,10354000,130978000,None,136106000,3963000,32386000,None,1708000,15180000,None,None,2000,None,185294000,None,None,47932000,None,196734000,None,None,8210000,8210000,None,None,None,90559000,327712000,87306000,None,20000000,USD,89000,-1007000,-732000,89000,None,-5784000,2000,514000,-533000,-8877000,-2312000,-5729000,2601000,-2433000,-3353000,None,1619000,-1388000,821000,1619000,None,-7912000,13.26,13.62
7,2018-09-30,USD,42476000,28108000,15569000,26907000,-1311000,-481000,5934000,0,-927000,0,19389000,-110000,-1201000,2785000,-384000,None,None,None,0,0,0,-446000,274000,0,-481000,-481000,None,USD,339363000,6042000,None,7928000,60254000,279109000,0,35763000,2000,188444000,9250000,133031000,48371000,95233000,51004000,None,None,-2217000,12655000,139264000,None,140036000,0,34440000,0,1663000,15241000,0,0,2000,0,188444000,0,None,48371000,None,200099000,None,None,9250000,9250000,None,None,None,92880000,339363000,95233000,None,19449319,USD,89000,2848000,-1630000,0,None,-3073000,-84000,-883000,-481000,1532000,6235000,-876000,2786000,-2430000,-559000,0,452000,1506000,1630000,452000,-367000,1165000,15.4,13.26
8,2018-06-30,USD,40628000,27680000,15098000,25530000,-2048000,-976000,6177000,0,-1706000,0,18834000,102000,-2150000,2669000,-342000,None,None,None,0,0,0,-730000,444000,0,-976000,-976000,None,USD,338705000,6667000,None,7050000,57439000,281266000,0,36459000,2000,191012000,9354000,133031000,47775000,94068000,48085000,None,None,-1850000,13035000,138197000,None,141568000,0,35574000,0,1505000,11626000,0,0,2000,0,191012000,0,None,47731000,None,200508000,None,None,9354000,9354000,None,None,None,92102000,338705000,94068000,None,19472249,USD,89000,-4318000,-2300000,0,None,-9860000,-2000,925000,-976000,-6892000,5268000,6116000,2669000,-2461000,-7397000,0,1120000,657000,2300000,1120000,-342000,-7234000,15.05,15.4
9,2018-03-31,USD,43114000,26902000,15462000,27652000,703000,511000,5735000,0,986000,0,18454000,-47000,750000,2713000,-283000,None,None,None,0,0,0,475000,236000,0,511000,511000,None,USD,347868000,7292000,None,7789000,56614000,291254000,964000,35045000,2000,194527000,9246000,133031000,187438000,101302000,47368000,None,None,-1508000,12622000,147808000,None,150931000,0,37068000,0,1649000,12323000,0,0,2000,0,194527000,0,None,47115000,None,200060000,None,None,8282000,9246000,None,None,None,98233000,347868000,101302000,None,19956847,USD,89000,924000,-1164000,0,None,-5559000,-892000,-1202000,511000,-5599000,1124000,-1202000,2713000,-2740000,-1927000,0,-4106000,2284000,1164000,-4106000,-256000,-5855000,14.95,15.05
10,2017-12-31,USD,43770000,25441000,14740000,29030000,3305000,-21385000,4934000,0,3534000,0,17732000,-284000,3589000,2775000,-229000,None,None,None,0,0,0,24919000,853000,0,-21385000,-21385000,None,USD,350561000,7917000,None,5752000,60032000,290529000,1063000,35640000,2000,191796000,9138000,133031000,190302000,107157000,50894000,None,None,None,13399000,146860000,None,149581000,0,32279000,0,1672000,15254000,0,0,2000,0,191796000,0,None,49354000,None,203701000,None,None,8075000,9138000,None,None,None,98731000,350561000,107157000,None,20135514,USD,89000,-1682000,-2180000,0,None,-2374000,None,274000,-21384000,-2983000,1571000,2000000,2775000,-2501000,127000,0,-9648000,25354000,2180000,-5492000,None,-2983000,15.65,14.95
11,2017-09-30,USD,43636000,25367000,14944000,28692000,3684000,3727000,5001000,0,3898000,0,17591000,359000,3325000,2775000,-214000,None,None,None,0,0,0,171000,0,0,3727000,3727000,None,USD,375017000,8542000,None,6637000,61648000,313369000,1051000,32344000,2000,215737000,9671000,133031000,215571000,110140000,51977000,None,None,None,13706000,145740000,None,171796000,0,27057000,0,1906000,19633000,0,0,2000,0,215737000,0,None,73998000,None,229277000,None,None,8620000,9671000,None,None,None,97630000,375017000,110140000,None,19977318,USD,None,1608000,-1836000,0,None,-2494000,2499000,958000,3726000,2989000,7319000,958000,2775000,-2494000,0,0,4156000,1166000,1836000,-2914000,None,2989000,15.35,15.65
12,2017-06-30,USD,42325000,24781000,15134000,27191000,2499000,1498000,4662000,0,2653000,0,17268000,89000,2410000,2851000,-154000,None,None,None,0,0,0,1155000,0,0,1498000,1498000,None,USD,371222000,9166000,None,7669000,59712000,311510000,651000,34627000,2000,214565000,9221000,133031000,216419000,107151000,50491000,None,None,None,13889000,140914000,None,169313000,0,24452000,0,1642000,15864000,0,0,2000,0,214565000,0,None,74222000,None,230308000,None,None,8570000,9221000,None,None,None,96943000,371222000,107151000,None,19972094,USD,None,344000,-2347000,0,None,-12443000,2499000,-2538000,1498000,-11796000,2994000,-2538000,2851000,-2545000,-9898000,0,1242000,1445000,2347000,-606000,None,-11796000,17.7,15.35
13,2017-03-31,USD,41444000,24960000,15102000,26342000,1352000,854000,4105000,0,1474000,0,17632000,-30000,1382000,3223000,-122000,None,None,None,0,0,0,620000,0,0,854000,854000,None,USD,381265000,9796000,None,4650000,59860000,321405000,749000,33223000,2000,215637000,9523000,133031000,218148000,118947000,50337000,None,None,None,13600000,149517000,None,178578000,0,24079000,0,1841000,17114000,0,0,2000,0,215637000,0,None,2519000,None,231748000,None,None,8774000,9523000,None,None,None,105766000,381265000,118947000,None,20530795,USD,None,-958000,-2851000,0,None,-7690000,2499000,-146000,854000,-6869000,3672000,-146000,3223000,-7694000,4000,0,636000,1335000,2851000,-636000,None,-6869000,19.0,17.7
14,2016-12-31,USD,44184000,178129000,15471000,130750000,27542000,3026000,3703000,0,4902000,0,19397000,None,6140000,16204000,0,None,None,None,0,1431000,0,1876000,818000,0,16823000,3026000,None,USD,388087000,143834000,None,4384000,66000000,322087000,752000,50286000,2000,217275000,9673000,133031000,219407000,125816000,56327000,None,None,None,12818000,155862000,None,178253000,0,23666000,0,1996000,1909000,0,0,0,0,0,0,None,None,None,None,None,None,None,None,None,None,None,None,None,None,None,21000000,USD,89000,3193000,-6254000,0,None,-16723000,None,843000,3026000,14484000,37461000,None,12963000,-10287000,0,0,-1790000,8273000,6254000,None,None,None,20.75,19.0
15,2016-09-30,USD,45355000,19789000,19537000,25818000,6114000,4058000,3645000,0,6181000,0,16548000,85000,6029000,3229000,-67000,None,None,None,0,12000,0,2123000,0,0,4058000,4058000,None,USD,391132000,11810000,None,4293000,58678000,332454000,712000,30183000,2000,226110000,9786000,133031000,225224000,122461000,48892000,None,None,None,13672000,152236000,None,187613000,0,23382000,0,2100000,18709000,0,0,2000,0,226110000,0,None,2588000,None,77795000,None,None,9074000,9786000,None,None,None,106342000,391132000,122461000,None,20532338,USD,None,587000,-1396000,0,None,-2797000,None,-1170000,4058000,5366000,9559000,-1170000,3229000,-2568000,-229000,0,1389000,2823000,1396000,32000,None,5366000,17.82,20.75
16,2016-06-30,USD,44635000,20103000,18912000,25723000,5724000,3451000,3211000,0,5785000,0,16868000,104000,5620000,3235000,-61000,None,None,None,0,-3000,0,2334000,0,0,3451000,3451000,None,USD,388407000,12817000,None,4116000,57861000,330546000,674000,28239000,2000,224677000,9634000,133031000,227033000,117095000,48227000,None,None,None,14297000,147077000,None,184698000,0,23737000,0,2129000,19988000,0,0,2000,0,224677000,0,None,1541000,None,79644000,None,None,8960000,9634000,None,None,None,105867000,388407000,117095000,None,20540617,USD,None,3070000,-1536000,1000,None,-3650000,None,602000,3451000,5174000,10360000,602000,3235000,-2570000,-1080000,0,1421000,2745000,1537000,-2743000,None,5174000,19.165,17.82
17,2016-03-31,USD,45388000,20358000,19230000,26158000,6054000,3444000,2908000,0,6103000,0,17039000,254000,5800000,3323000,-49000,None,None,None,0,-4000,0,2659000,0,0,3444000,3444000,None,USD,384739000,13853000,None,4858000,54648000,330091000,738000,27415000,2000,223855000,9592000,133031000,230090000,111921000,45056000,None,None,None,14806000,139843000,None,183207000,0,21078000,0,1986000,17641000,0,0,2000,0,223855000,0,None,1547000,None,81659000,None,None,8854000,9592000,None,None,None,106234000,384739000,111921000,None,20603617,USD,None,-2286000,-1445000,0,None,-7485000,None,None,3444000,589000,9519000,595000,3323000,-2580000,-4905000,0,1322000,3121000,1445000,1322000,None,589000,17.51,19.165
18,2015-12-31,USD,47340000,21730000,19061000,28279000,6623000,72722000,2609000,0,6636000,0,17312000,74000,6549000,3362000,-13000,None,None,None,0,1056000,0,-66086000,398000,0,72722000,72722000,None,USD,390422000,14964000,None,5290000,56869000,333553000,741000,27045000,2000,223116000,9713000,133031000,233423000,111332000,47156000,None,None,None,15386000,141613000,None,185558000,0,22700000,0,2291000,20111000,0,0,2000,0,223116000,0,None,1445000,83983000,248809000,None,None,8972000,9713000,None,None,None,110435000,390422000,111332000,-108917000,20886261,USD,89000,-165000,-1922000,2000,None,-8441000,-3825000,658000,72720000,-2051000,8312000,-1220000,3362000,-5237000,-3204000,-400000,1041000,-65530000,1924000,-855000,None,-2051000,18.32,17.51
19,2015-09-30,USD,46181000,20536000,18988000,27193000,7441000,4220000,2525000,0,7442000,0,16982000,784000,6657000,3413000,-1000,None,None,None,0,141000,0,3222000,0,0,4220000,4220000,None,USD,325927000,16083000,None,5497000,57790000,268137000,796000,28177000,2000,154822000,9487000,133031000,166231000,113383000,48302000,None,None,None,15377000,144319000,None,119023000,0,23543000,1000,1896000,20125000,0,0,2000,0,154822000,0,None,1554000,None,15563000,None,None,8692000,9488000,None,None,None,113313000,325927000,113383000,None,21069454,USD,None,-2959000,-790000,627000,None,-10999000,None,None,4222000,-3760000,8029000,1137000,3413000,-2670000,-8329000,0,1896000,2559000,1417000,-343000,None,-3760000,16.46,18.32
