,fiscalDateEnding,reportedCurrency_x,totalRevenue,totalOperatingExpense,costOfRevenue,grossProfit,ebit,netIncome_x,researchAndDevelopment,effectOfAccountingCharges,incomeBeforeTax,minorityInterest,sellingGeneralAdministrative,otherNonOperatingIncome,operatingIncome,otherOperatingExpense,interestExpense,taxProvision,interestIncome,netInterestIncome,extraordinaryItems,nonRecurring,otherItems,incomeTaxExpense,totalOtherIncomeExpense,discontinuedOperations,netIncomeFromContinuingOperations,netIncomeApplicableToCommonShares,preferredStockAndOtherAdjustments,reportedCurrency_y,totalAssets,intangibleAssets,earningAssets,otherCurrentAssets,totalLiabilities,totalShareholderEquity,deferredLongTermLiabilities,otherCurrentLiabilities,commonStock,retainedEarnings,otherLiabilities,goodwill,otherAssets,cash,totalCurrentLiabilities,shortTermDebt,currentLongTermDebt,otherShareholderEquity,propertyPlantEquipment,totalCurrentAssets,longTermInvestments,netTangibleAssets,shortTermInvestments,netReceivables,longTermDebt,inventory,accountsPayable,totalPermanentEquity,additionalPaidInCapital,commonStockTotalEquity,preferredStockTotalEquity,retainedEarningsTotalEquity,treasuryStock,accumulatedAmortization,otherNonCurrrentAssets,deferredLongTermAssetCharges,totalNonCurrentAssets,capitalLeaseObligations,totalLongTermDebt,otherNonCurrentLiabilities,totalNonCurrentLiabilities,negativeGoodwill,warrants,preferredStockRedeemable,capitalSurplus,liabilitiesAndShareholderEquity,cashAndShortTermInvestments,accumulatedDepreciation,commonStockSharesOutstanding,reportedCurrency,investments,changeInLiabilities,cashflowFromInvestment,otherCashflowFromInvestment,netBorrowings,cashflowFromFinancing,otherCashflowFromFinancing,changeInOperatingActivities,netIncome_y,changeInCash,operatingCashflow,otherOperatingCashflow,depreciation,dividendPayout,stockSaleAndPurchase,changeInInventory,changeInAccountReceivables,changeInNetIncome,capitalExpenditures,changeInReceivables,changeInExchangeRate,changeInCashAndCashEquivalents,clossingVal,nextClossingVal
0,2020-06-30,USD,0,36490000,None,None,-32545000,-32085000,21746000,None,-32220000,None,14744000,3945000,-36490000,None,-325000,9000,325000,325000,None,None,None,9000,3945000,144000,-32229000,-32085000,None,USD,194253000,None,None,11789000,63656000,130597000,None,None,118000,-797084000,6535000,None,3598000,85126000,55558000,None,None,-3254000,12547000,175040000,None,130597000,71390000,6735000,None,None,55558000,None,None,118000,None,-797084000,None,None,6666000,None,19213000,1731000,None,8098000,8098000,None,None,None,930817000,194253000,156516000,None,117823973,USD,41150000,1939000,38479000,None,None,3353000,None,3385000,-32085000,14783000,-27049000,-565000,194000,None,3353000,0,0,973000,2671000,2495000,None,14783000,3.38,
1,2020-03-31,USD,0,30787000,None,None,-41321000,-40572000,15993000,None,-40617000,None,14794000,-10534000,-30787000,None,-704000,0,704000,704000,45000,None,None,None,-10534000,45000,-40617000,-40572000,None,USD,215992000,None,None,10263000,62224000,153768000,None,None,114000,-764999000,6545000,None,3187000,70352000,53698000,None,None,-4827000,12058000,197280000,None,153768000,107441000,9224000,None,None,53698000,None,None,114000,None,-764999000,None,None,6654000,None,18712000,3706000,None,8526000,8526000,None,None,None,923480000,215992000,177793000,None,114774079,USD,40758000,-9190000,39363000,40758000,None,0,None,-4646000,-40572000,6020000,-33343000,244000,111000,None,None,0,0,15302000,1395000,762000,None,6020000,2.33,3.38
2,2019-12-31,USD,0,38355000,None,None,-41699000,-39154000,23290000,None,-40780000,None,15065000,-3344000,-38355000,None,-919000,-554000,920000,920000,1072000,None,None,-596000,-3345000,1072000,-40184000,-39154000,None,USD,263433000,None,None,10148000,73040000,190393000,None,16460000,113000,-724427000,8698000,None,4000000,64418000,61970000,None,None,-3498000,11607000,244020000,None,190393000,159455000,9999000,None,None,61970000,None,None,113000,None,-724427000,None,None,7806000,None,19413000,4055000,None,11070000,11070000,None,None,None,918205000,263433000,223873000,None,113299612,USD,-33641000,1591000,-34133000,-144000,None,1011000,None,2992000,-39154000,-64314000,-31192000,15548000,276000,None,1011000,0,61000,-7711000,348000,-1742000,None,-64314000,3.64,2.33
3,2019-09-30,USD,0,30293000,None,None,-28278000,-25985000,17167000,None,-26757000,None,13126000,2015000,-30293000,None,-1521000,-200000,1521000,1521000,572000,None,None,-200000,2015000,572000,-26557000,-25985000,None,USD,293826000,None,None,12680000,59107000,234719000,None,1360000,113000,-673421000,7884000,None,8613000,128638000,47794000,None,None,-4531000,8965000,272717000,None,234719000,123164000,8235000,None,None,46434000,None,None,113000,None,-673421000,None,None,12144000,None,21109000,3755000,None,11313000,11313000,None,None,None,912558000,293826000,251802000,None,112684387,USD,38520000,-294000,31091000,-194000,None,2504000,None,1890000,-25985000,6505000,-27090000,-7759000,70000,None,2504000,0,2045000,2366000,7429000,4512000,None,6505000,8.295,3.64
4,2019-06-30,USD,0,34212000,None,None,-30490000,-28395000,16982000,None,-28995000,None,17230000,3722000,-34212000,None,-1495000,-212000,1495000,1495000,388000,None,None,-212000,3722000,388000,-28783000,-28395000,None,USD,322668000,None,None,10839000,67885000,254783000,None,7245000,112000,-647436000,7494000,None,8277000,122271000,56962000,None,None,-3764000,4534000,306015000,None,254783000,160134000,12771000,None,None,49717000,None,None,112000,None,-647436000,None,None,12119000,None,16653000,4071000,None,10923000,10923000,None,None,None,905871000,322668000,282405000,None,112684387,USD,-122490000,-18271000,-123417000,-194000,None,5281000,None,-5630000,-28395000,-154430000,-36294000,-3597000,-262000,None,5281000,0,12400000,4590000,927000,9641000,None,-154430000,8.61,8.295
5,2019-03-31,USD,0,37838000,None,None,-49123000,-19155000,21886000,None,-48062000,None,15952000,-11285000,-37838000,None,-1061000,-8216000,1061000,1061000,20587000,None,None,-8200000,-11285000,20665000,-39862000,-19155000,None,USD,352658000,None,None,7955000,80109000,272549000,None,4850000,111000,-619041000,6675000,None,7512000,276652000,70320000,808000,808000,-4092000,466000,340238000,None,272549000,33229000,22402000,3114000,None,65470000,None,None,111000,None,-619041000,None,None,11954000,None,12420000,3922000,None,9789000,9789000,None,None,None,895571000,352658000,309881000,None,111212572,USD,158451000,-17916000,158451000,158765000,None,831000,None,-7909000,-19155000,119227000,-40055000,46000,1331000,None,831000,-2037000,14914000,-13462000,314000,11138000,None,119227000,10.69,8.61
6,2018-12-31,USD,29403000,12165000,-82000,-30413000,-49372000,-49221000,34513000,0,-49228000,0,23308000,-6794000,-42578000,-45656000,-144000,None,None,None,3306000,0,0,-7000,-6649000,20665000,-49221000,-49221000,None,USD,390886000,111594000,None,9579000,107624000,283262000,1469000,7161000,110000,-599886000,21150000,18061000,10158000,157480000,86474000,None,None,-3702000,385000,250688000,None,153607000,46508000,33571000,None,3550000,79313000,None,None,110000,None,-599886000,None,None,10158000,None,140198000,None,None,19681000,21150000,None,None,None,886740000,390886000,203988000,None,110525141,USD,-122490000,13948000,-2711000,-2650000,-20000,6007000,7000,1915000,-49219000,-9014000,-12310000,-8421000,7782000,None,6020000,528000,-408000,22049000,61000,1023000,-47000,-9061000,8.75,10.69
7,2018-09-30,USD,25268000,22552000,6472000,-6472000,-68704000,-68718000,21060000,0,-68716000,0,19837000,-39680000,-29024000,-18345000,12000,None,None,None,0,0,0,2000,-39692000,20665000,-68718000,-68718000,None,USD,412627000,116273000,None,8300000,125849000,286778000,1447000,35568000,106000,-550667000,24904000,18091000,10376000,166541000,100945000,35357000,35357000,-3342000,437000,267450000,None,152414000,54014000,34616000,0,3979000,65377000,0,0,106000,0,-550667000,0,None,10376000,None,145177000,None,None,23457000,24904000,None,None,None,840681000,412627000,220555000,None,106060681,USD,-122490000,10550000,-2711000,158765000,-20000,3039000,None,-1343000,-68718000,-7807000,-10846000,-3119000,7486000,0,3039000,2046000,-1835000,44965000,61000,-4056000,-23000,-7830000,16.8,8.75
8,2018-06-30,USD,24168000,27705000,6606000,-6606000,13989000,13744000,21488000,0,13747000,0,23451000,48300000,-34311000,-17234000,242000,None,None,None,0,0,0,3000,48058000,20665000,13744000,13744000,None,USD,464522000,123214000,None,4769000,120403000,344119000,1447000,39638000,103000,-481948000,25933000,18106000,13159000,174371000,94470000,39427000,39427000,-3088000,523000,309520000,None,202799000,95287000,30573000,0,4520000,54832000,0,0,103000,0,-481948000,0,None,13159000,None,155002000,None,None,24486000,25933000,None,None,None,829052000,464522000,269658000,None,105130603,USD,1000,543000,7000,1000,-20000,3618000,27686000,4823000,13742000,-8877000,-12502000,13688000,7544000,0,3618000,159000,5670000,-53825000,6000,5651000,-265000,-9142000,20.96,16.8
9,2018-03-31,USD,30495000,41999000,13760000,16735000,-15583000,-15816000,17895000,0,-15813000,0,24104000,9681000,-25264000,1000000,230000,None,None,None,0,0,0,3000,9451000,0,-15816000,-15816000,None,USD,444273000,130319000,None,3803000,119979000,324294000,1447000,39094000,103000,-495691000,26557000,18227000,18106000,183513000,93422000,38819000,38819000,-819000,593000,277028000,None,175748000,48403000,36281000,0,5028000,54328000,0,0,103000,0,-495691000,0,None,18106000,None,167245000,None,None,25110000,26557000,None,None,None,820701000,444273000,231916000,None,103935398,USD,-1000,-13067000,4077000,4129000,-20000,-21121000,-23041000,-5959000,-15816000,-43789000,-26745000,-9237000,7528000,0,1920000,657000,-583000,4531000,52000,-1345000,-21000,-43810000,16.09,20.96
10,2017-12-31,USD,28570000,51897000,18309000,10261000,-43869000,-29104000,22224000,0,-44470000,0,29673000,-2233000,-41636000,-14651000,601000,None,None,None,0,0,0,-15366000,-13761000,0,-29104000,-29104000,None,USD,487439000,137159000,None,10067000,136100000,351339000,1753000,4147000,100000,-502107000,24913000,18162000,209104000,227323000,109749000,38224000,38224000,15999000,589000,277746000,37530000,196018000,248000,34393000,0,5715000,67378000,0,0,100000,0,-502107000,0,None,53783000,None,209693000,None,None,24598000,26351000,None,None,None,837347000,487439000,227571000,None,100742735,USD,-15000,11171000,-67000,1000,5482000,-7226000,-2855000,-4754000,-29104000,-20191000,-12898000,-21079000,7661000,0,-9853000,3764000,11357000,5387000,53000,9302000,46000,-20145000,18.95,16.09
11,2017-09-30,USD,36395000,32758000,19107000,17288000,-18161000,-18709000,13878000,0,-20175000,0,18880000,-2691000,-15470000,69842000,2014000,None,None,None,0,0,0,-1466000,-2718000,0,-18709000,-18709000,None,USD,501817000,144036000,None,2957000,197081000,304736000,7153000,2936000,94000,-464785000,28275000,18131000,197903000,247468000,60207000,101770000,101770000,3673000,615000,303299000,None,142569000,248000,43643000,101770000,8983000,57271000,0,0,94000,0,-464785000,0,None,35736000,None,198518000,None,101770000,27951000,136874000,None,None,None,765754000,501817000,247716000,None,94061740,USD,-14000,-4862000,-245000,0,-27500000,115815000,-192000,1277000,-18709000,109067000,-6503000,2171000,8446000,0,116007000,126000,2055000,3464000,245000,2861000,88000,109155000,14.07,18.95
12,2017-06-30,USD,34301000,32204000,20322000,13979000,-18082000,-20468000,15097000,0,-20213000,0,17107000,143000,-18225000,-34433000,2131000,None,None,None,0,0,0,255000,-148000,0,-20468000,-20468000,None,USD,395087000,150815000,None,4369000,196320000,198767000,7128000,2704000,80000,-446076000,24796000,18057000,195556000,138313000,64565000,100157000,100157000,-1779000,517000,199014000,None,29895000,248000,45927000,100157000,10157000,61861000,0,0,80000,0,-446076000,0,None,26684000,None,196073000,None,100157000,24470000,131755000,None,None,None,646542000,395087000,138561000,None,81257192,USD,-14000,8454000,-632000,-601000,-27500000,920000,-411000,1832000,-20468000,961000,673000,383000,8392000,0,1331000,1632000,2105000,3206000,31000,-926000,156000,1117000,7.45,14.07
13,2017-03-31,USD,29101000,33303000,17127000,11974000,-21116000,-22967000,14696000,0,-23168000,0,18607000,213000,-21329000,6889000,2052000,None,None,None,0,0,0,-201000,-1839000,0,-22967000,-22967000,None,USD,403506000,157419000,None,3726000,186136000,217370000,7065000,3783000,80000,-425608000,23612000,17917000,206020000,137196000,57185000,None,None,380000,493000,196993000,None,42034000,247000,45436000,98590000,10388000,53402000,0,0,80000,0,-425608000,0,None,30684000,None,206513000,None,98590000,23296000,128951000,None,None,None,642518000,403506000,137443000,None,80423844,USD,-1000,-8372000,-137000,-1000,None,-788000,-873000,1594000,-22967000,-21052000,-20127000,742000,8363000,0,85000,-1204000,120000,3191000,136000,120000,26000,-21026000,6.5,7.45
14,2016-12-31,USD,35236000,34200000,18304000,16932000,-16771000,-17477000,15900000,0,-19118000,0,18300000,497000,-17268000,50569000,2347000,None,None,None,0,0,0,-1641000,-12374000,0,-17477000,-17477000,None,USD,428768000,164234000,None,3930000,192742000,236026000,6998000,4049000,80000,-402641000,23511000,17886000,211669000,158222000,65513000,97043000,97043000,-1579000,449000,216650000,11533000,53906000,247000,45536000,97043000,8715000,61464000,0,0,80000,0,-402641000,0,None,29549000,None,212118000,None,97043000,23188000,127229000,None,None,None,640166000,428768000,158469000,None,80466735,USD,-15000,2235000,-617000,-601000,-8663000,-9263000,-568000,4516000,-17442000,-13245000,-3365000,-6648000,8463000,-6000,-32000,968000,-9494000,2770000,17000,3870000,-138000,-13383000,4.43,6.5
15,2016-09-30,USD,33393000,32758000,16631000,16762000,-15546000,-17419000,13293000,0,-17919000,0,19465000,450000,-15996000,-30929000,2373000,None,None,None,0,0,0,-500000,396000,0,-17419000,-17419000,None,USD,449444000,171460000,None,2702000,198647000,250797000,7480000,4614000,80000,-385199000,25432000,18017000,217492000,171605000,62332000,None,None,-2090000,538000,231414000,None,61320000,247000,49557000,104144000,7303000,57718000,0,0,80000,0,-385199000,0,None,28015000,None,218030000,None,104144000,24691000,136315000,None,None,None,638006000,449444000,171852000,None,80566699,USD,1000,3970000,-62000,0,None,28640000,-164000,-510000,-17454000,15689000,-12951000,-3551000,11259000,-6000,28804000,-2090000,12040000,3168000,61000,-8253000,157000,15846000,4.67,4.43
16,2016-06-30,USD,33949000,41901000,14129000,19820000,-22026000,-24295000,14281000,0,-24401000,0,27620000,55000,-22081000,6306000,2375000,None,None,None,0,0,0,-106000,785000,0,-24295000,-24295000,None,USD,429204000,178312000,None,2954000,193305000,235899000,7581000,3617000,75000,-367745000,25631000,17997000,221909000,155759000,58321000,None,None,-2651000,643000,206652000,None,39590000,247000,41287000,102522000,6405000,54704000,0,0,75000,0,-367745000,0,None,25600000,None,222552000,None,102522000,24881000,134984000,None,None,None,606220000,429204000,156006000,None,75902704,USD,17000,4050000,17000,0,None,40608000,-4973000,-1170000,-24295000,23565000,-17060000,4646000,5087000,-6000,45587000,-1937000,1784000,2291000,122000,-6902000,-112000,23453000,6.57,4.67
17,2016-03-31,USD,43866000,37424000,12725000,31141000,-7047000,-9321000,15462000,0,-9387000,0,21962000,-764000,-6283000,0,2340000,None,None,None,0,0,0,-66000,-3104000,0,-9321000,-9321000,None,USD,401393000,184753000,None,2352000,193075000,208318000,8445000,7468000,68000,-343444000,25767000,18044000,228101000,132306000,59526000,None,None,-3485000,810000,172482000,None,5398000,246000,34423000,100933000,3155000,52058000,0,0,68000,123000,-343444000,0,None,25304000,None,228911000,None,100933000,24171000,133549000,None,None,None,555056000,401393000,132552000,None,68942042,USD,-1000,-16483000,-79000,0,None,-341000,-392000,None,-9321000,-7503000,-7083000,2037000,7393000,0,51000,-2741000,8686000,3346000,61000,8686000,68000,-7435000,6.36,6.57
18,2015-12-31,USD,50329000,36649000,16643000,33686000,-1470000,-4153000,15433000,0,-3784000,0,21216000,1493000,-2963000,38319000,2314000,None,None,None,0,0,0,369000,-14079000,0,-4153000,-4153000,None,USD,421220000,190335000,None,4206000,208363000,212857000,7162000,11616000,68000,-334123000,23693000,17960000,228978000,139741000,76343000,99377000,99377000,-5319000,918000,191324000,5189000,4439000,245000,42956000,101548000,4176000,64727000,0,0,68000,123000,-334123000,0,None,20683000,None,229896000,None,101548000,23310000,132020000,None,None,None,552108000,421220000,139986000,None,68228935,USD,3061000,-25477000,-11000,-601000,-9014000,283000,-9000,-9172000,-4153000,3373000,3101000,-853000,11989000,-6000,292000,-264000,33228000,3160000,435000,18699000,-159000,3214000,6.03,6.36
19,2015-09-30,USD,28627000,29335000,15366000,13261000,-16528000,-18724000,9924000,0,-18802000,0,19411000,-454000,-16074000,0,2274000,None,None,None,0,0,0,-78000,-393000,0,-18724000,-18724000,None,USD,447661000,201184000,None,3963000,232922000,214739000,7066000,15936000,66000,-329970000,23731000,18023000,237049000,136527000,102340000,None,None,-3712000,1079000,209533000,None,-4591000,245000,61727000,100192000,7071000,86404000,0,0,66000,123000,-329970000,0,None,17842000,None,238128000,None,100192000,23324000,130582000,None,None,None,548232000,447661000,136772000,None,67314580,USD,3061000,11663000,3061000,0,None,372000,-114000,None,-18724000,-5912000,-9345000,115000,8432000,0,486000,1729000,14529000,-880000,212000,-11680000,168000,-5744000,5.98,6.03
