,fiscalDateEnding,reportedCurrency_x,totalRevenue,totalOperatingExpense,costOfRevenue,grossProfit,ebit,netIncome_x,researchAndDevelopment,effectOfAccountingCharges,incomeBeforeTax,minorityInterest,sellingGeneralAdministrative,otherNonOperatingIncome,operatingIncome,otherOperatingExpense,interestExpense,taxProvision,interestIncome,netInterestIncome,extraordinaryItems,nonRecurring,otherItems,incomeTaxExpense,totalOtherIncomeExpense,discontinuedOperations,netIncomeFromContinuingOperations,netIncomeApplicableToCommonShares,preferredStockAndOtherAdjustments,reportedCurrency_y,totalAssets,intangibleAssets,earningAssets,otherCurrentAssets,totalLiabilities,totalShareholderEquity,deferredLongTermLiabilities,otherCurrentLiabilities,commonStock,retainedEarnings,otherLiabilities,goodwill,otherAssets,cash,totalCurrentLiabilities,shortTermDebt,currentLongTermDebt,otherShareholderEquity,propertyPlantEquipment,totalCurrentAssets,longTermInvestments,netTangibleAssets,shortTermInvestments,netReceivables,longTermDebt,inventory,accountsPayable,totalPermanentEquity,additionalPaidInCapital,commonStockTotalEquity,preferredStockTotalEquity,retainedEarningsTotalEquity,treasuryStock,accumulatedAmortization,otherNonCurrrentAssets,deferredLongTermAssetCharges,totalNonCurrentAssets,capitalLeaseObligations,totalLongTermDebt,otherNonCurrentLiabilities,totalNonCurrentLiabilities,negativeGoodwill,warrants,preferredStockRedeemable,capitalSurplus,liabilitiesAndShareholderEquity,cashAndShortTermInvestments,accumulatedDepreciation,commonStockSharesOutstanding,reportedCurrency,investments,changeInLiabilities,cashflowFromInvestment,otherCashflowFromInvestment,netBorrowings,cashflowFromFinancing,otherCashflowFromFinancing,changeInOperatingActivities,netIncome_y,changeInCash,operatingCashflow,otherOperatingCashflow,depreciation,dividendPayout,stockSaleAndPurchase,changeInInventory,changeInAccountReceivables,changeInNetIncome,capitalExpenditures,changeInReceivables,changeInExchangeRate,changeInCashAndCashEquivalents,clossingVal,nextClossingVal
0,2020-05-31,USD,246835000,75219000,172061000,74774000,-445000,-1130000,None,None,-1979000,None,75219000,None,-445000,None,1534000,-849000,None,-1534000,None,None,None,-849000,None,None,-1130000,-1130000,None,USD,662329000,213000,None,14939000,553144000,109185000,None,35081000,436000,21899000,3524000,1496000,None,22090000,314391000,120402000,133554000,None,95924000,343025000,None,107476000,None,5145000,23760000,300851000,158908000,None,None,436000,None,21899000,None,None,221671000,None,319304000,246550000,23760000,238753000,238753000,None,None,None,86850000,662329000,22090000,None,43551000,USD,-5857000,48983000,-5857000,-1024000,-4330000,-5019000,-689000,-3501000,-1130000,20405000,31281000,-3515000,5417000,None,None,-23298000,323000,4501000,4833000,323000,None,20405000,11.17,
1,2020-03-31,USD,None,None,None,None,None,None,None,None,None,None,None,None,None,None,None,None,None,None,None,None,None,-849000,None,None,None,-1130000,None,USD,662329000,213000,None,None,553144000,109185000,None,None,436000,21899000,3524000,1496000,None,22090000,314391000,None,133554000,None,317595000,343025000,None,107476000,None,581000,23760000,300851000,86111000,None,None,None,None,None,None,None,None,None,319304000,246550000,None,None,238753000,None,None,None,None,None,None,None,None,USD,-5857000,46645000,-5857000,None,-4330000,-5019000,None,-3501000,-1130000,20405000,31281000,None,5333000,None,None,-23298000,323000,10577000,4833000,None,None,None,6.16,11.17
2,2020-02-29,USD,258152000,71843000,173124000,85028000,13185000,9683000,None,None,11742000,None,71843000,None,13185000,-1430000,1443000,-849000,None,-1534000,None,None,None,2059000,-1443000,None,9683000,9683000,None,USD,616641000,220000,None,12732000,506373000,110268000,None,34487000,433000,23029000,562000,1496000,None,1685000,264776000,122014000,133554000,None,98767000,291638000,None,108552000,None,1716000,23760000,275505000,108275000,None,None,433000,None,23029000,None,None,224520000,None,325003000,246550000,23781000,241597000,241597000,None,None,None,86806000,616641000,1685000,None,43296000,USD,-5857000,-55916000,-7387000,71000,-12913000,-12684000,229000,-2214000,9683000,-52000,20019000,-2662000,5317000,None,403000,62389000,323000,1492000,7458000,-284000,None,-52000,6.0,6.16
3,2019-12-31,USD,None,None,None,None,None,None,None,None,None,None,None,None,None,-1430000,None,None,None,None,None,None,None,2059000,None,None,None,9683000,None,USD,616641000,220000,None,None,506373000,110268000,None,10869000,433000,23029000,562000,1496000,None,1685000,264776000,None,137841000,None,323287000,291638000,None,108552000,None,904000,23781000,275505000,38157000,None,None,None,None,None,None,None,None,None,325003000,251741000,None,None,241597000,None,None,None,None,None,None,None,None,USD,-7387000,-57561000,-7387000,9533000,-12913000,-12684000,None,-2214000,9683000,-52000,20019000,None,5230000,None,None,62389000,-284000,28940000,7458000,None,None,None,8.03,6.0
4,2019-11-30,USD,242466000,68336000,158256000,84210000,15874000,10493000,None,None,13780000,None,68336000,None,15874000,-1430000,2094000,2059000,None,-1443000,None,None,None,3287000,-2481000,None,10493000,10493000,None,USD,673012000,226000,None,11062000,573193000,99819000,None,35451000,432000,13346000,None,1749000,140000,1737000,346724000,138680000,137841000,None,107627000,351313000,None,97844000,None,620000,21781000,337894000,172593000,None,None,432000,None,13346000,None,None,211957000,None,140000,251741000,21781000,204688000,226469000,None,None,None,86041000,673012000,1737000,None,43230000,USD,-7387000,36767000,-27227000,-19074000,5076000,5076000,-369000,-6556000,10493000,262000,22413000,-15000,4914000,None,174000,-29432000,-284000,67000,8153000,-381000,None,262000,7.31,8.03
5,2019-09-30,USD,None,None,None,None,None,None,None,None,None,None,None,None,None,-1430000,None,None,None,None,None,None,None,3287000,None,None,None,10493000,None,USD,673012000,226000,None,None,573193000,99819000,None,None,432000,13346000,None,1749000,140000,1737000,346724000,None,152733000,None,319584000,351313000,None,97844000,None,620000,21781000,337894000,105527000,None,None,None,None,None,None,None,None,None,321699000,240139000,None,None,226469000,None,None,None,None,None,None,None,None,USD,-27227000,31230000,-27227000,9533000,5076000,5076000,None,-6556000,10493000,262000,22413000,None,4832000,None,None,-29432000,-381000,-372000,8153000,None,None,None,5.18,7.31
6,2019-08-31,USD,211766000,63460000,138544000,73222000,9762000,5498000,None,None,7409000,None,63460000,None,9762000,-1430000,2353000,3287000,None,-2094000,None,None,None,1911000,-2353000,None,5498000,5498000,None,USD,584461000,233000,None,10653000,495754000,88707000,412000,32483000,432000,2853000,412000,1749000,None,1475000,290465000,135041000,152733000,None,97984000,302758000,None,88474000,None,1319000,23760000,289311000,122941000,None,None,432000,None,2853000,None,None,183486000,None,281703000,240139000,23760000,181117000,205289000,None,None,None,85422000,584461000,1475000,None,43230000,USD,-27227000,20331000,-11359000,9533000,-21046000,-20872000,174000,-420000,5498000,-240000,31991000,-1142000,4731000,None,174000,2152000,-381000,371000,11359000,50000,None,-240000,4.22,5.18
7,2019-06-30,USD,None,None,None,None,None,None,None,None,None,None,None,None,None,-1430000,None,None,None,None,None,None,None,1911000,None,None,None,5498000,None,USD,584461000,233000,None,None,495754000,88707000,None,None,432000,2853000,412000,None,None,1475000,290465000,None,145657000,None,281470000,302758000,None,88474000,None,239000,23760000,289311000,64891000,None,None,None,None,None,None,None,None,None,281704000,213600000,None,None,205289000,None,None,None,None,None,None,None,None,USD,-11359000,13700000,-11359000,9533000,-21046000,-20872000,None,-420000,5498000,-240000,31991000,None,4645000,None,None,2152000,50000,-7239000,11359000,None,None,None,3.78,4.22
8,2019-05-31,USD,174017000,59530000,119844000,54173000,-5357000,-5459000,None,None,-7462000,None,59530000,None,-5357000,-1430000,2105000,1911000,None,-2353000,None,None,None,-2003000,-2105000,None,-5459000,-5459000,None,USD,584348000,239000,None,9566000,501808000,82540000,535000,31967000,432000,-2645000,535000,None,None,1715000,287964000,149487000,145657000,None,91049000,303629000,None,82301000,None,886000,25739000,291462000,106510000,None,None,432000,None,-2645000,None,None,189431000,None,280719000,213600000,25739000,187570000,213844000,None,None,None,84753000,584348000,1715000,None,43174000,USD,-11359000,17651000,-3091000,311000,185000,-184000,-369000,-11981000,-5459000,168000,3443000,883000,4697000,None,None,-14862000,50000,573000,3402000,-40000,None,168000,3.68,3.78
9,2019-02-28,USD,242683000,62537000,163177000,79506000,16969000,10629000,None,None,14287000,None,62537000,None,16969000,None,2682000,None,None,None,None,None,None,3658000,None,None,10629000,10629000,None,USD,388897000,246000,None,15174000,310237000,78660000,41854000,5270000,430000,-6441000,None,None,None,1547000,240666000,152221000,None,None,92084000,293570000,None,78414000,None,249000,27717000,276600000,83175000,None,None,430000,None,-6441000,None,None,None,2997000,95327000,None,27717000,None,69571000,None,None,None,84671000,388897000,1547000,None,42978000,USD,None,-58014000,-2753000,None,-44331000,-44186000,145000,None,10629000,-345000,46594000,-2864000,5302000,None,None,92457000,None,-1086000,2753000,170000,None,-345000,6.29,3.68
10,2019-01-31,USD,242682000,62537000,163177000,79505000,16969000,10629000,0,0,14286000,0,62537000,None,16968000,-1007000,2682000,3657000,None,None,0,0,0,3657000,-2682000,0,10629000,10629000,None,USD,388897000,246000,None,15174000,310237000,78660000,41854000,5270000,430000,-6441000,41854000,None,2997000,1547000,240666000,152221000,162518000,None,92084000,293570000,None,78414000,None,249000,27717000,276600000,83175000,None,None,430000,None,-6441000,None,None,95327000,2997000,95327000,None,27717000,None,69571000,None,None,None,84671000,388897000,1547000,None,43000000,USD,-2753000,-58014000,-16252000,1943000,-44331000,-16143000,-2034000,2318000,23750000,-222000,32173000,-2864000,17961000,None,351000,92457000,170000,-1086000,18195000,170000,None,-345000,5.14,6.29
11,2018-11-30,USD,223099000,60070000,145518000,77581000,17511000,12398000,0,0,14878000,0,60070000,None,17511000,-1007000,2633000,None,None,None,0,0,0,2480000,-2633000,0,12398000,12398000,None,USD,480119000,252000,None,12092000,412629000,67490000,41244000,5033000,429000,-17070000,41244000,0,1517000,1892000,341689000,189481000,189481000,None,93273000,385077000,None,67238000,0,2036000,29696000,369057000,147175000,0,0,429000,0,-17070000,0,None,None,1517000,95042000,None,29696000,None,70940000,None,None,None,84131000,480119000,1892000,None,42938000,USD,1717000,17202000,-2914000,-33000,5309000,5309000,4093000,-1534000,12399000,-842000,-3237000,194000,4503000,0,202000,-39989000,-31000,2485000,4598000,-31000,None,-842000,4.5,5.14
12,2018-08-31,USD,203288000,59088000,131011000,72277000,13189000,6551000,0,0,8855000,0,59088000,None,13189000,-1007000,4334000,None,None,None,0,0,0,2304000,-4334000,0,6551000,6551000,None,USD,446182000,0,None,13462000,391472000,54710000,40942000,4750000,429000,-29469000,40942000,0,3591000,2734000,318855000,181736000,181736000,None,95849000,346742000,None,54710000,0,1478000,31675000,329068000,132369000,0,0,429000,0,-29469000,0,None,None,3591000,99440000,None,31675000,None,72617000,None,None,None,83750000,446182000,2734000,None,42938000,USD,None,9564000,-6111000,1717000,8399000,8601000,202000,1064000,6550000,355000,-2135000,-1942000,6201000,0,0,-22867000,-6000,365000,6111000,-6000,None,355000,5.71,4.5
13,2018-05-31,USD,180059000,59216000,124493000,55566000,-3650000,-5828000,0,0,-7207000,0,59216000,None,-3650000,-1007000,3557000,None,None,None,0,0,0,-1379000,-3557000,0,-5828000,-5828000,None,USD,416428000,0,None,9183000,368951000,47477000,41204000,4703000,428000,-36019000,41204000,0,3474000,2379000,195605000,67834000,67834000,None,94809000,318145000,None,47477000,0,382000,132142000,306201000,123068000,0,0,428000,0,-36019000,0,None,None,3474000,98283000,None,132142000,None,173346000,None,None,None,83068000,416428000,2379000,None,42834000,USD,None,26512000,-4474000,1717000,14832000,14133000,-699000,552000,-5828000,610000,-9049000,-727000,4855000,0,0,-35607000,-63000,1809000,4474000,-63000,None,610000,5.18,5.71
14,2018-02-28,USD,243165000,63084000,163501000,79664000,16580000,5887000,0,0,12922000,0,63084000,None,16580000,6685000,3658000,None,None,None,0,0,0,7035000,-14254000,0,5887000,5887000,None,USD,379661000,276000,None,8073000,329863000,49798000,41963000,4593000,426000,-32825000,41963000,0,4871000,1769000,155551000,60982000,60982000,None,94035000,280755000,None,49522000,0,319000,132349000,270594000,89976000,0,0,426000,0,-32825000,0,None,None,4595000,98906000,None,132349000,None,174312000,None,None,None,82197000,379661000,1769000,None,42617000,USD,2892000,-32688000,940000,9022000,-24640000,-24524000,116000,-1721000,5887000,-386000,23198000,-3883000,4788000,0,0,47732000,92000,1277000,1952000,85000,None,-386000,4.85,5.18
15,2017-08-31,USD,218115000,57443000,141152000,76963000,19520000,9808000,0,0,16026000,0,57443000,None,19520000,-13370000,3494000,None,None,None,0,0,0,6218000,0,0,9808000,9808000,None,USD,429025000,763000,None,4005000,386091000,42934000,42793000,3949000,426000,-38716000,42793000,0,5248000,2155000,210642000,79389000,79389000,None,98890000,324887000,None,42171000,0,404000,132656000,318323000,127304000,0,0,426000,0,-38716000,0,None,None,4485000,104138000,None,132656000,None,175449000,None,None,None,81224000,429025000,2155000,None,42579000,USD,5627000,17123000,-1729000,0,-23638000,-23637000,1000,6993000,9809000,334000,25700000,3070000,11508000,0,0,-16097000,7000,250000,7356000,37000,None,334000,4.15,4.85
16,2017-05-31,USD,191493000,54383000,122875000,68618000,14235000,6554000,0,0,10799000,0,54383000,None,14235000,6685000,3436000,None,None,None,0,0,0,4245000,0,0,6554000,6554000,None,USD,421722000,1215000,None,7101000,388980000,32742000,36131000,3864000,426000,-48523000,36131000,0,5565000,1821000,219918000,102640000,251031000,None,103848000,312309000,None,31527000,0,1158000,132931000,302229000,113414000,0,0,426000,0,-48523000,0,None,None,4350000,109413000,None,132931000,None,169062000,None,None,None,80839000,421722000,1821000,None,42579000,USD,503000,-11924000,-18143000,14000,26683000,26966000,283000,1467000,6553000,-448000,-9271000,4353000,5477000,0,0,-13921000,0,250000,18660000,-59000,None,-448000,5.83,4.15
17,2017-02-28,USD,156898000,52382000,108283000,48615000,-3767000,-4507000,0,0,-6917000,0,52382000,None,-3767000,-1337000,3150000,None,None,None,0,0,0,-2410000,0,0,-4507000,-4507000,None,USD,405634000,1666000,None,11494000,380131000,25503000,35673000,3407000,425000,-55076000,35673000,0,5878000,2269000,211003000,79050000,79050000,None,94940000,304816000,None,23837000,0,2745000,133455000,288308000,128546000,0,0,425000,0,-55076000,0,None,None,4212000,100818000,None,133455000,None,169128000,None,None,None,80154000,405634000,2269000,None,42500000,USD,503000,35592000,-13204000,0,23053000,22414000,-639000,-4221000,-4507000,358000,-8852000,-4221000,4739000,0,0,-42019000,29000,1535000,13204000,29000,None,358000,4.85,5.83
18,2016-11-30,USD,221376000,53194000,147068000,74308000,21114000,10540000,0,0,17843000,0,53194000,None,21114000,-347000,3271000,None,None,None,0,0,0,7303000,-13545000,0,10540000,10540000,None,USD,346248000,2118000,None,7313000,316247000,30001000,35307000,3150000,422000,-50567000,35307000,0,7215000,1911000,147219000,61955000,61955000,None,83109000,255924000,None,27883000,0,411000,133721000,246289000,82114000,0,0,422000,0,-50567000,0,None,None,5097000,90324000,None,133721000,None,169028000,None,None,None,80146000,346248000,1911000,None,42004000,USD,9182000,-37994000,522000,11923000,-32102000,-31927000,175000,5824000,10540000,-780000,30625000,-5556000,5294000,0,0,57755000,58000,528000,8660000,-102000,None,-780000,9.0,4.85
19,2016-08-31,USD,217161000,53719000,142896000,74265000,20546000,10514000,0,0,17144000,0,53719000,None,20546000,0,3402000,None,None,None,0,0,0,6630000,0,0,10514000,10514000,None,USD,402846000,2569000,None,4725000,384284000,18562000,33875000,3291000,422000,-61109000,33875000,0,7471000,2691000,216439000,86296000,86296000,None,83446000,311929000,None,15993000,0,469000,133970000,304044000,126852000,0,0,422000,0,-61109000,0,None,None,4902000,90917000,None,133970000,None,167845000,None,None,None,79249000,402846000,2691000,None,42004000,USD,2741000,4163000,-4621000,0,20276000,20276000,4307000,2080000,10514000,113000,-15542000,2080000,5208000,0,0,-38326000,0,979000,7362000,None,None,113000,10.25,9.0
