,fiscalDateEnding,reportedCurrency_x,totalRevenue,totalOperatingExpense,costOfRevenue,grossProfit,ebit,netIncome_x,researchAndDevelopment,effectOfAccountingCharges,incomeBeforeTax,minorityInterest,sellingGeneralAdministrative,otherNonOperatingIncome,operatingIncome,otherOperatingExpense,interestExpense,taxProvision,interestIncome,netInterestIncome,extraordinaryItems,nonRecurring,otherItems,incomeTaxExpense,totalOtherIncomeExpense,discontinuedOperations,netIncomeFromContinuingOperations,netIncomeApplicableToCommonShares,preferredStockAndOtherAdjustments,reportedCurrency_y,totalAssets,intangibleAssets,earningAssets,otherCurrentAssets,totalLiabilities,totalShareholderEquity,deferredLongTermLiabilities,otherCurrentLiabilities,commonStock,retainedEarnings,otherLiabilities,goodwill,otherAssets,cash,totalCurrentLiabilities,shortTermDebt,currentLongTermDebt,otherShareholderEquity,propertyPlantEquipment,totalCurrentAssets,longTermInvestments,netTangibleAssets,shortTermInvestments,netReceivables,longTermDebt,inventory,accountsPayable,totalPermanentEquity,additionalPaidInCapital,commonStockTotalEquity,preferredStockTotalEquity,retainedEarningsTotalEquity,treasuryStock,accumulatedAmortization,otherNonCurrrentAssets,deferredLongTermAssetCharges,totalNonCurrentAssets,capitalLeaseObligations,totalLongTermDebt,otherNonCurrentLiabilities,totalNonCurrentLiabilities,negativeGoodwill,warrants,preferredStockRedeemable,capitalSurplus,liabilitiesAndShareholderEquity,cashAndShortTermInvestments,accumulatedDepreciation,commonStockSharesOutstanding,reportedCurrency,investments,changeInLiabilities,cashflowFromInvestment,otherCashflowFromInvestment,netBorrowings,cashflowFromFinancing,otherCashflowFromFinancing,changeInOperatingActivities,netIncome_y,changeInCash,operatingCashflow,otherOperatingCashflow,depreciation,dividendPayout,stockSaleAndPurchase,changeInInventory,changeInAccountReceivables,changeInNetIncome,capitalExpenditures,changeInReceivables,changeInExchangeRate,changeInCashAndCashEquivalents,clossingVal,nextClossingVal
0,2020-06-30,USD,22594000,11143000,None,None,18171000,-2784000,None,None,-302000,46364000,None,None,11451000,None,11994000,1563000,None,-11994000,None,None,None,1563000,241000,143000,-1865000,-2784000,None,USD,629556000,494677000,None,None,558497000,24695000,None,359000,17000,-483523000,17249000,None,14956000,16034000,44589000,None,16250000,-4004000,53961000,65962000,None,-469982000,None,41200000,440316000,None,None,None,None,None,None,None,None,None,14956000,None,563594000,56276000,None,3276000,513908000,None,None,None,None,None,None,None,None,USD,964000,-327000,964000,939000,5269000,2207000,-3057000,-1937000,-2784000,3421000,250000,None,6479000,None,-5000,None,-4724000,-1086000,36000,None,None,None,0.21,
1,2020-03-31,USD,20231000,17707000,None,None,-76981000,-86613000,None,None,-98388000,45302000,None,None,2524000,None,12443000,-1083000,-12443000,-12443000,-1314000,None,None,-1083000,-88469000,-1314000,-97305000,-86613000,None,USD,626189000,499158000,None,2395000,554310000,26577000,None,775000,674000,-480739000,16559000,None,17676000,11293000,41025000,None,14500000,-4817000,51642000,57713000,None,-472581000,None,36286000,438894000,None,None,None,None,None,None,None,-3260000,None,17676000,None,568476000,56441000,438894000,4431000,513285000,None,None,None,514719000,None,11293000,None,65000000,USD,-25000,-3820000,-25000,939000,5882000,3830000,-2016000,-2491000,-86613000,5033000,1228000,None,8964000,None,-36000,None,798000,85778000,25000,None,None,None,0.21,0.21
2,2019-12-31,USD,24245000,19971000,19971000,4274000,8224000,-10779000,None,None,-9529000,59324000,None,None,4274000,None,-12966000,-2040000,-12966000,-12966000,-2871000,None,None,-2040000,-837000,-2871000,-7489000,-10779000,None,USD,723244000,599967000,None,8882000,550204000,113716000,None,5083000,672000,-394126000,18955000,None,8182000,6264000,40442000,12750000,12750000,-4096000,55669000,58826000,None,-486251000,None,39452000,433250000,None,2942000,None,None,None,None,None,-3230000,None,8782000,None,664418000,57203000,433250000,3389000,509762000,None,None,None,514496000,None,6264000,None,65000000,USD,406000,3151000,406000,-165928000,6500000,4056000,-2420000,-1671000,-10779000,3171000,-1291000,None,3950000,None,-24000,None,646000,3236000,52000,None,None,None,0.34,0.21
3,2019-09-30,USD,25392000,12247000,9547000,15845000,15520000,-18680000,None,None,-33855000,60068000,None,None,13145000,None,-13648000,-6035000,-13048000,-13048000,-309000,None,None,-6035000,-33952000,-309000,-27820000,-18680000,None,USD,726857000,600394000,None,11257000,543386000,123403000,None,3731000,668000,-383347000,26514000,None,9713000,3097000,46506000,21000000,21000000,-4640000,55531000,61219000,None,-476991000,None,41409000,418081000,None,10777000,None,None,None,None,None,-3350000,None,9713000,None,665638000,55154000,418081000,5567000,496880000,None,None,None,514072000,None,3097000,None,65000000,USD,-31000,-2219000,-31000,165928000,-5000000,-9314000,-4314000,-289000,-18680000,-3823000,5522000,None,2375000,None,0,None,1805000,21081000,31000,None,None,None,0.22,0.34
4,2019-06-30,USD,26415000,13907000,13807000,12608000,14812000,-4599000,None,None,-2214000,70581000,100000,None,12508000,None,-14593000,-379000,-13893000,-13893000,-1309000,None,None,-379000,-829000,-1309000,-1835000,-4599000,None,USD,771851000,633937000,None,12259000,559415000,141855000,None,3875000,668000,-364667000,34884000,None,13248000,6919000,53985000,28300000,28300000,-4718000,56497000,68169000,None,-492082000,None,45905000,417582000,None,9882000,None,None,None,None,None,-3350000,None,13248000,None,703682000,55847000,417582000,5698000,505430000,None,None,None,513922000,None,6919000,None,65000000,USD,165842000,0,-31000,165928000,-5000000,-162885000,-4314000,-289000,-4599000,-8002000,-10385000,None,2304000,None,-78000,None,-6083000,21081000,42000,None,None,None,0.55,0.22
5,2019-03-31,USD,25524000,22770000,15446000,10078000,16698000,-125345000,None,None,-3473000,71172000,100000,None,9978000,None,-14053000,-241000,-13853000,-15654000,-120574000,None,None,-241000,-160924000,-120574000,-123806000,-125345000,None,USD,956708000,803194000,None,2036000,809059000,147649000,None,2761000,662000,-360068000,42609000,None,12953000,14925000,64918000,28300000,28300000,-3034000,57845000,82716000,None,-655545000,None,56465000,576737000,None,18444000,None,None,None,None,None,-4396000,None,12953000,None,873992000,56384000,576737000,7376000,672969000,None,None,None,514485000,None,14925000,None,64000000,USD,-75000,-2270000,-75000,165928000,-7075000,-8663000,-1418000,-1170000,-123806000,823000,9561000,None,1011000,None,-170000,None,9657000,124809000,75000,None,None,None,1.28,0.55
6,2018-12-31,USD,48874000,28653000,15953000,32921000,20221000,-2192000,0,0,4815000,70726000,12700000,None,20221000,0,-15778000,7345000,None,None,3497000,0,0,6144000,-15406000,-120574000,-1329000,-2192000,None,USD,1078668000,964911000,None,2032000,734024000,273918000,None,19606000,657000,-234723000,88015000,None,10522000,14106000,63522000,28300000,28300000,-1554000,8971000,93564000,700000,-690993000,None,67202000,582487000,None,4207000,None,None,None,None,None,-4226000,None,None,None,None,None,582487000,None,None,None,None,None,513764000,None,14106000,None,65000000,USD,None,8002000,-265000,165928000,-7075000,-10466000,-3382000,406000,-2192000,2059000,12790000,None,1034000,None,-2427000,None,-4259000,8463000,180000,None,None,None,0.8001,1.28
7,2018-09-30,USD,40771000,18615000,17515000,23256000,22156000,-9615000,0,0,-16247000,71220000,1100000,None,22156000,0,-15535000,None,None,None,0,0,0,-8213000,-38403000,-120574000,-8034000,-9615000,None,USD,1075229000,965360000,None,2027000,726729000,277280000,0,14043000,656000,-232531000,83881000,0,10902000,12052000,54622000,28300000,28300000,-67000,9430000,89537000,None,-688080000,2027000,64531000,588226000,0,12279000,0,513439000,656000,0,-232531000,-4217000,None,None,None,None,None,None,None,None,None,None,None,None,None,None,None,64000000,USD,None,1327000,-385000,-75000,11982000,-4562000,-16128000,338000,-9615000,-1561000,3386000,None,704000,0,0,0,-1823000,11199000,318000,None,None,None,1.67,0.8001
8,2018-06-30,USD,42207000,18449000,18349000,23858000,23758000,3587000,0,0,6105000,70777000,100000,None,23758000,0,-15647000,None,None,None,0,0,0,1416000,-17653000,0,4689000,3587000,None,USD,1090137000,983393000,None,2033000,733090000,286270000,0,15403000,651000,-222916000,89493000,0,6757000,13607000,54167000,28300000,28300000,293000,9892000,90095000,None,-697123000,2033000,61738000,589430000,0,10464000,0,512043000,651000,0,-222916000,-3801000,None,None,None,None,None,None,None,None,None,None,None,None,None,None,None,64000000,USD,None,-5617000,2317000,-75000,-7681000,-11107000,-3343000,-128000,3587000,-9726000,-936000,None,722000,0,0,0,-5829000,5384000,1943000,None,None,None,1.97,1.67
9,2018-03-31,USD,38104000,18050000,17950000,20154000,20054000,-2264000,0,0,-345000,72618000,100000,None,20054000,0,-15392000,None,None,None,0,0,0,-41000,-20399000,0,-304000,-2264000,None,USD,1096766000,987143000,None,4750000,741686000,282462000,0,16040000,645000,-226503000,85905000,0,4125000,23337000,59615000,28300000,28300000,759000,9246000,96252000,None,-704681000,2029000,55909000,596166000,0,15275000,0,511279000,645000,0,-226503000,-3718000,None,None,None,None,None,None,None,None,None,None,None,None,None,None,None,63000000,USD,None,-2319000,-1839000,-172000,-7075000,-10888000,-1894000,-29000,-2264000,4933000,17660000,None,906000,0,0,0,10528000,9894000,1792000,None,None,None,2.09,1.97
10,2017-12-31,USD,46895000,-105640000,20510000,101621000,-148945000,-161538000,0,0,-314081000,668000,6900000,None,25141000,0,15291000,None,None,None,0,-24422000,0,-128693000,-408802000,0,-152380000,-134898000,None,USD,1097211000,995170000,None,8635000,743673000,281991000,0,25601000,635000,-225369000,18049000,0,1001006000,18902000,55528000,28300000,28300000,80000,7035000,89170000,800000,-713179000,1531000,60102000,602297000,0,1627000,0,20000,635000,0,-225369000,-1799000,None,None,None,None,None,None,None,None,None,None,None,None,None,None,None,63000000,USD,5757000,59000,2853000,165000,-18300000,-31294000,-11833000,-4476000,-185718000,-231000,28210000,None,4788000,0,0,0,-7596000,220627000,3061000,None,None,None,1.78,2.09
11,2017-09-30,USD,39025000,260731000,14162000,0,355574000,-26710000,0,0,-7566000,819683000,0,None,23735000,0,15237000,None,None,None,0,547575000,0,-6957000,0,0,-27887000,-53350000,None,USD,1381329000,1299471000,None,6367000,865100000,443739000,0,5752000,634000,0,18083000,304123000,1304083000,12515000,48679000,28300000,28300000,-506000,6205000,0,None,-855732000,1527000,50632000,598428000,0,14627000,0,507876000,634000,0,-62481000,-1784000,None,None,None,None,None,None,None,None,None,None,None,None,None,None,None,63000000,USD,None,-3077000,4290000,0,-7075000,-30168000,-2266000,-2423000,-22830000,-7219000,19260000,None,0,0,0,0,2182000,32487000,1183000,None,None,None,2.99,1.78
12,2017-06-30,USD,42144000,-99056000,16231000,0,-134600000,2530000,0,0,7566000,1921000,0,None,24791000,0,14877000,None,None,None,0,-219030000,0,3115000,0,0,-2234000,2530000,None,USD,1422242000,1337626000,None,4223000,879954000,467630000,0,7933000,633000,0,20181000,304123000,1340954000,19734000,51247000,632859000,632859000,-555000,6579000,0,None,-869996000,1521000,49231000,604559000,0,15014000,0,507555000,633000,0,-38301000,-1702000,None,None,None,None,None,None,None,None,None,None,None,None,None,None,None,63000000,USD,5757000,-5580000,5305000,0,-7075000,-20745000,-2844000,579000,2530000,-1723000,16041000,None,0,0,0,0,3843000,7427000,239000,None,None,None,3.99,2.99
13,2017-03-31,USD,39400000,16708000,15257000,0,22692000,0,0,0,1540000,2135000,0,None,22850000,0,14486000,None,None,None,0,36505000,0,585000,0,0,955000,-1180000,None,USD,1426639000,1337809000,None,4822000,888221000,463579000,0,9535000,632000,0,21295000,307744000,1340967000,21457000,55349000,638947000,638947000,-1623000,6815000,0,None,-874230000,7699000,44879000,610647000,0,17514000,0,502564000,624000,0,-39651000,-1702000,None,None,None,None,None,None,None,None,None,None,None,None,None,None,None,62000000,USD,5757000,-3256000,0,0,-7075000,0,-2687000,22000,0,2324000,13411000,None,0,0,0,0,8278000,7267000,133000,None,None,None,3.89,3.99
14,2016-12-31,USD,45414000,77892000,20471000,87236000,-46742000,-2121000,0,0,4539000,1638000,9600000,None,23557000,0,14507000,None,None,None,0,340628000,0,3881000,-61848000,0,21081000,-2121000,None,USD,1434863000,1337956000,None,4366000,897295000,462755000,0,26614000,624000,-39651000,22614000,307744000,1341301000,19133000,57589000,28300000,28300000,-144000,7674000,85888000,700000,-875201000,9194000,53195000,616735000,0,2445000,0,502564000,624000,0,-39651000,-638000,None,None,None,None,None,None,None,None,None,None,None,None,None,None,None,62000000,USD,-704000,16994000,-152888000,-1521000,113000000,87423000,-24939000,2472000,-821000,-22427000,43038000,None,4765000,0,0,0,-11464000,27981000,3325000,None,None,None,4.68,3.89
15,2016-09-30,USD,41952000,0,17162000,0,183888000,1300000,0,0,7180000,2022000,0,None,23620000,0,14469000,None,None,None,0,0,0,3858000,0,0,-20841000,1300000,None,USD,1427303000,1338868000,None,5805000,894454000,457866000,0,5308000,623000,0,26239000,305126000,1340611000,19911000,49490000,26225000,26225000,-5388000,8582000,0,None,-881002000,8189000,44205000,622946000,0,17957000,0,501803000,623000,0,-38671000,-501000,None,None,None,None,None,None,None,None,None,None,None,None,None,None,None,63000000,USD,-704000,17834000,0,0,127000000,98021000,-575000,261000,1300000,-16740000,31397000,None,0,0,0,0,0,6026000,1617000,None,None,None,8.0,4.68
16,2016-06-30,USD,34154000,0,16927000,0,-71634000,0,0,0,2635000,1681000,0,None,16161000,0,10599000,None,None,None,0,0,0,1019000,0,0,7467000,7467000,None,USD,1284063000,1191222000,None,6054000,756498000,453276000,0,1324000,622000,0,11825000,303039000,1192987000,36651000,38651000,20000000,20000000,-6529000,7490000,0,None,-737946000,6543000,34338000,513930000,0,17327000,0,499655000,622000,0,-39971000,-501000,None,None,None,None,None,None,None,None,None,None,None,None,None,None,None,62000000,USD,-704000,-474000,0,0,-5000000,0,-575000,-776000,0,-4728000,11599000,None,0,0,0,0,7413000,2861000,1301000,None,None,None,7.98,8.0
17,2016-03-31,USD,34008000,0,17027000,0,12124000,0,0,0,1434000,2111000,0,None,15838000,0,10690000,None,None,None,0,0,0,399000,0,0,-1076000,-1076000,None,USD,1282712000,1185535000,None,5257000,755297000,452680000,0,1023000,621000,0,12227000,313533000,1187331000,41379000,39324000,20000000,20000000,-5477000,7529000,0,None,-732855000,6613000,34603000,518497000,0,18301000,0,0,0,0,0,-501000,None,None,None,None,None,None,None,None,None,None,None,None,None,None,None,61000000,USD,-704000,-7482000,0,0,-4000000,0,-900000,1291000,0,-181000,6491000,None,0,0,0,0,7348000,2724000,607000,None,None,None,6.39,7.98
18,2015-12-31,USD,31429000,39311000,12982000,57651000,48951000,-5599000,0,0,-5752000,1670000,8700000,None,17809000,0,8482000,None,None,None,0,340628000,0,-3817000,-47892000,0,2416000,-5599000,None,USD,1297772000,1186565000,None,5389000,772123000,451488000,0,2157000,605000,-38830000,11133000,314288000,1196639000,41560000,44879000,19000000,19000000,-6466000,6547000,94586000,None,-735077000,5611000,42026000,531230000,0,23492000,0,0,0,0,0,0,None,None,None,None,None,None,None,None,None,None,None,None,None,None,None,41000000,USD,-12048000,-15283000,-341846000,-1521000,374500000,369836000,-17184000,2734000,-2871000,19039000,-5851000,None,1893000,0,0,0,-9244000,9198000,1462000,None,None,None,7.91,6.39
19,2015-09-30,USD,22981000,0,7281000,0,0,2728000,0,0,6811000,1623000,0,None,15255000,0,6210000,None,None,None,0,0,0,2460000,0,0,0,2728000,None,USD,809466000,732798000,None,3425000,458458000,277150000,None,470000,41000,None,3097000,174246000,742448000,28287000,23567000,None,None,None,2710000,None,None,None,11107000,None,352026000,None,7097000,None,None,None,None,None,-2480000,None,None,None,None,None,None,None,None,None,None,None,None,None,None,None,42000000,USD,None,None,None,None,None,196206000,None,None,2728000,None,13113000,None,None,None,None,None,None,None,878000,None,None,None,14.47,7.91
