,fiscalDateEnding,reportedCurrency_x,totalRevenue,totalOperatingExpense,costOfRevenue,grossProfit,ebit,netIncome_x,researchAndDevelopment,effectOfAccountingCharges,incomeBeforeTax,minorityInterest,sellingGeneralAdministrative,otherNonOperatingIncome,operatingIncome,otherOperatingExpense,interestExpense,taxProvision,interestIncome,netInterestIncome,extraordinaryItems,nonRecurring,otherItems,incomeTaxExpense,totalOtherIncomeExpense,discontinuedOperations,netIncomeFromContinuingOperations,netIncomeApplicableToCommonShares,preferredStockAndOtherAdjustments,reportedCurrency_y,totalAssets,intangibleAssets,earningAssets,otherCurrentAssets,totalLiabilities,totalShareholderEquity,deferredLongTermLiabilities,otherCurrentLiabilities,commonStock,retainedEarnings,otherLiabilities,goodwill,otherAssets,cash,totalCurrentLiabilities,shortTermDebt,currentLongTermDebt,otherShareholderEquity,propertyPlantEquipment,totalCurrentAssets,longTermInvestments,netTangibleAssets,shortTermInvestments,netReceivables,longTermDebt,inventory,accountsPayable,totalPermanentEquity,additionalPaidInCapital,commonStockTotalEquity,preferredStockTotalEquity,retainedEarningsTotalEquity,treasuryStock,accumulatedAmortization,otherNonCurrrentAssets,deferredLongTermAssetCharges,totalNonCurrentAssets,capitalLeaseObligations,totalLongTermDebt,otherNonCurrentLiabilities,totalNonCurrentLiabilities,negativeGoodwill,warrants,preferredStockRedeemable,capitalSurplus,liabilitiesAndShareholderEquity,cashAndShortTermInvestments,accumulatedDepreciation,commonStockSharesOutstanding,reportedCurrency,investments,changeInLiabilities,cashflowFromInvestment,otherCashflowFromInvestment,netBorrowings,cashflowFromFinancing,otherCashflowFromFinancing,changeInOperatingActivities,netIncome_y,changeInCash,operatingCashflow,otherOperatingCashflow,depreciation,dividendPayout,stockSaleAndPurchase,changeInInventory,changeInAccountReceivables,changeInNetIncome,capitalExpenditures,changeInReceivables,changeInExchangeRate,changeInCashAndCashEquivalents,clossingVal,nextClossingVal
0,2020-06-30,USD,79242000,None,None,None,None,18502000,None,None,24042000,36658000,27109000,None,None,1716000,9849000,5516000,63850000,54001000,None,None,None,5516000,None,None,18526000,18394000,None,USD,7365146000,3748000,1235569000,None,6463493000,864995000,None,None,436538000,484491000,None,83959000,5653526000,67591000,None,None,7536000,19888000,160413000,None,1163563000,781036000,1055797000,20976000,140524000,None,None,None,None,None,None,None,-75922000,None,None,None,None,None,140524000,None,None,None,None,None,None,None,None,None,None,USD,-567302000,0,-567302000,22696000,-106252000,614187000,727775000,-2000,18502000,57937000,11052000,None,7954000,-7375000,0,None,-1149000,-14253000,467000,None,None,None,35.58,
1,2020-03-31,USD,68113000,41108000,None,68113000,27005000,16413000,None,None,21578000,5000,46535000,None,27005000,-5427000,12842000,5160000,67686000,54844000,None,None,None,5160000,None,None,16418000,16413000,None,USD,6735118000,83964000,1201060000,None,5857816000,850897000,None,5275911000,436538000,472911000,None,83964000,5095678000,72756000,5558756000,282845000,146903000,17651000,52431000,None,6079334000,766933000,1057169000,19827000,58764000,None,None,None,None,436538000,None,472911000,-76203000,None,418151000,None,6633880000,None,58764000,240296000,299060000,None,None,None,None,6735118000,None,None,26000000,USD,-70236000,-199000,-56418000,15477000,145035000,62047000,-75374000,-7262000,16418000,38934000,33305000,826000,1435000,-7614000,0,None,-702000,11353000,1659000,702000,None,38934000,32.43,35.58
2,2019-12-31,USD,77922000,36816000,None,77922000,41106000,21941000,None,None,28576000,13000,49346000,None,41106000,-12530000,14247000,6622000,69543000,55296000,None,None,None,6622000,-1396000,None,21954000,21941000,None,USD,6622776000,83971000,1105424000,39402000,5774140000,828277000,None,5357326000,436538000,463269000,18262000,83867000,5042748000,67215000,5503219000,145893000,25434000,5172000,52219000,153887000,6035133000,744306000,1040583000,None,58764000,9145000,5357326000,None,None,436538000,None,463269000,-76702000,None,451453000,None,6622776000,None,58764000,212157000,270921000,None,None,None,None,6622776000,None,None,26000000,USD,-45792000,-5565000,-32540000,15194000,-51454000,-92948000,-34353000,34636000,21954000,-44120000,81368000,2935000,-21484000,-7612000,471000,None,1472000,24594000,1942000,1962000,None,-44120000,51.88,32.43
3,2019-09-30,USD,79243000,40908000,None,79243000,38335000,24438000,None,None,32137000,10000,47106000,None,38335000,-6198000,15481000,7689000,72676000,57195000,None,None,None,7689000,-957000,None,24448000,24438000,None,USD,6691070000,83978000,1122568000,49251000,5858028000,813167000,None,5391679000,436538000,448715000,None,83978000,5080306000,94160000,5588830000,197151000,57734000,4630000,51680000,212905000,6051444000,729189000,1032185000,20597000,58764000,7239000,5391679000,None,None,436538000,None,448715000,-76716000,None,384797000,None,6571899000,None,58764000,210434000,269198000,None,None,None,None,6691070000,None,None,26000000,USD,-56047000,6947000,3878000,61490000,10695000,-134000,-12166000,864000,24448000,30997000,27253000,-5841000,9125000,-7098000,8435000,None,517000,-7943000,1565000,517000,None,30997000,45.73,51.88
4,2019-06-30,USD,77844000,40953000,None,77844000,36891000,23385000,None,None,30491000,32000,47353000,None,36891000,-6400000,15210000,7074000,71637000,56427000,None,None,None,7074000,-838000,None,23417000,23385000,None,USD,6650105000,83985000,1093946000,40292000,5845419000,794662000,None,5403845000,436538000,431091000,None,83985000,5156268000,71910000,5589854000,186009000,66228000,2413000,51570000,167519000,6045390000,710677000,1021786000,21114000,58764000,9342000,5403845000,None,None,436538000,None,431091000,-75380000,None,342658000,None,6523603000,None,58764000,196801000,255565000,None,None,None,None,6650105000,None,None,26000000,USD,-197582000,8973000,-198797000,490000,-69713000,203845000,279754000,-2248000,23417000,28807000,23759000,-10713000,9098000,-7137000,941000,None,462000,-7478000,1705000,462000,None,28807000,46.4,45.73
5,2019-03-31,USD,74154000,45204000,0,74154000,28950000,22196000,0,None,28950000,2679000,45204000,None,28950000,343000,14073000,6754000,69021000,54948000,None,None,None,6754000,-2006000,None,22196000,22196000,None,USD,6379086000,83992000,1043485000,30786000,5597985000,778422000,None,5124091000,436538000,414428000,8380000,83992000,4946604000,64619000,5379479000,255388000,106216000,-3408000,51357000,119670000,5836354000,694430000,1002809000,21576000,58764000,10828000,5124091000,None,None,436538000,None,414428000,-69136000,None,275789000,None,6247492000,None,58764000,159742000,218506000,None,None,None,None,6379086000,None,None,26000000,USD,-107429000,-5387000,-106458000,3792000,54326000,42834000,1769000,-3579000,22196000,-31398000,32226000,2406000,9047000,-7174000,-6087000,None,-2696000,6660000,2821000,-2696000,None,-31398000,44.91,46.4
6,2018-12-31,USD,75301000,47691000,17376000,75301000,27610000,21446000,0,0,27610000,1508000,47691000,None,27610000,1713000,12674000,None,None,None,0,0,0,6164000,-1052000,0,21446000,21446000,None,USD,6293745000,83998000,None,128729000,5530155000,762082000,None,5122322000,436538000,398980000,16832000,83865000,4734995000,99079000,5321666000,199344000,None,-10676000,52139000,241897000,5736414000,678084000,4172000,None,58764000,6965000,5122322000,None,None,436538000,None,398980000,-62760000,None,286754000,None,6159305000,None,58764000,149725000,208489000,None,None,None,None,6293745000,None,None,26000000,USD,-27125000,13354000,-22007000,5238000,-91539000,-44808000,60345000,13969000,21446000,-14797000,52018000,1092000,8883000,-6668000,-6946000,None,None,5664000,120000,1579000,None,-14797000,40.34,44.91
7,2018-09-30,USD,72265000,47342000,17491000,72265000,24923000,19888000,0,0,24923000,1508000,47342000,None,24923000,1707000,11334000,None,None,None,0,0,0,5035000,-2418000,0,19888000,19888000,None,USD,6293169000,84097000,None,31608000,5542732000,750437000,0,5061977000,436538000,383943000,60365000,0,4854537000,113876000,5352684000,290707000,428825000,-15675000,53479000,158957000,5710574000,666340000,0,None,58764000,13473000,5061977000,0,0,436538000,0,383943000,-54369000,None,307527000,None,6155677000,None,58764000,131284000,190048000,None,None,None,None,6293169000,None,None,26000000,USD,-13299000,-7025000,-13162000,1743000,13162000,-40018000,-46462000,-11765000,19888000,-30584000,22596000,-4531000,9220000,-6687000,-31000,3432000,0,6284000,1606000,-1240000,None,-30584000,52.62,40.34
8,2018-06-30,USD,73375000,45877000,15513000,73375000,27498000,21964000,0,0,27498000,1508000,45877000,None,27498000,1433000,10696000,None,None,None,0,0,0,5534000,-1279000,0,21964000,21964000,None,USD,6320058000,84104000,None,27454000,5579781000,740277000,0,5108439000,436538000,370521000,64290000,0,4857300000,144460000,5385533000,277094000,414532000,-12415000,53363000,181436000,5713400000,656173000,0,None,58764000,9522000,5108439000,0,0,436538000,0,370521000,-54367000,None,326167000,None,6177034000,None,58764000,135484000,194248000,None,None,None,None,6320058000,None,None,26000000,USD,-179793000,2600000,-183663000,-4104000,-79342000,241498000,327114000,-6176000,21964000,93308000,35473000,-8078000,9449000,-6418000,144000,5918000,0,9818000,234000,-280000,None,93308000,53.43,52.62
9,2018-03-31,USD,70553000,45557000,12492000,70553000,24996000,19116000,0,0,24996000,1508000,45557000,None,24996000,1525000,8706000,None,None,None,0,0,0,5880000,-1649000,0,19116000,19116000,None,USD,6051463000,84124000,None,27565000,5325854000,725609000,0,4781325000,436538000,354608000,58466000,0,1198765000,51152000,5137289000,355964000,491502000,-10935000,54841000,942076000,4601392000,641485000,942076000,None,58764000,9810000,4781325000,0,0,436538000,0,354608000,-54602000,None,224901000,None,4965258000,None,58764000,129801000,188565000,None,None,None,None,6051463000,942076000,None,26000000,USD,-211681000,1443000,-223798000,-10551000,140733000,162630000,28595000,6268000,19116000,-26881000,34287000,4814000,8749000,-5913000,-785000,4928000,0,1971000,1566000,-1806000,None,-26881000,50.62,53.43
10,2017-12-31,USD,70863000,47313000,10993000,70863000,23550000,17994000,0,0,23550000,1508000,47313000,None,23550000,-5165000,19553000,None,None,None,0,0,0,5556000,-5671000,0,17994000,17994000,None,USD,5887284000,83742000,None,123833000,5168747000,718537000,0,4752730000,436538000,339959000,72598000,83680000,1167828000,78033000,4967325000,214595000,329733000,-3332000,54612000,904033000,4445918000,634795000,904033000,None,58764000,14435000,4752730000,0,0,436538000,0,339959000,-54628000,None,259398000,None,4843670000,None,58764000,142658000,201422000,None,None,None,None,5887284000,904033000,None,26000000,USD,-111342000,-19784000,-110832000,3153000,-102783000,70860000,179018000,-3480000,17994000,-21391000,18581000,2671000,9537000,-5375000,0,5707000,0,7419000,2643000,744000,None,-21391000,49.45,50.62
11,2017-09-30,USD,71201000,44460000,8821000,71201000,26741000,17182000,0,0,26741000,0,44460000,None,26741000,16473000,664000,None,None,None,0,0,0,9559000,0,0,17182000,17182000,None,USD,5806735000,83795000,None,28877000,5096238000,710497000,0,4573712000,436538000,327149000,76515000,0,1152325000,99424000,4890477000,316765000,451796000,1453000,53324000,893973000,4354346000,626702000,893973000,None,58764000,12341000,4573712000,0,0,436538000,0,327149000,-54643000,None,275322000,None,4766787000,None,58764000,146997000,205761000,None,None,None,None,5806735000,893973000,None,26000000,USD,-104991000,12669000,-114087000,-7312000,9957000,96526000,91676000,10194000,17182000,23390000,40951000,-671000,10190000,-5107000,0,7185000,0,4220000,1784000,-2639000,None,23390000,50.8,49.45
12,2017-06-30,USD,67259000,41105000,9275000,67259000,26154000,16669000,0,0,26154000,0,41105000,None,26154000,-7613000,892000,None,None,None,0,0,0,9485000,0,0,16669000,16669000,None,USD,5687230000,83848000,None,31442000,4988028000,699202000,0,4482036000,436538000,314889000,70207000,0,1105590000,76034000,4788619000,306583000,441442000,2437000,54783000,850314000,4305604000,615354000,850314000,None,58764000,16914000,4482036000,0,0,436538000,0,314889000,-54662000,None,248172000,None,4692407000,None,58764000,140645000,199409000,None,None,None,None,5687230000,850314000,None,26000000,USD,-166924000,2404000,-191087000,-23170000,11448000,151553000,145060000,3223000,16669000,-16082000,23452000,1337000,9248000,-5108000,153000,948000,0,-6233000,993000,27000,None,-16082000,47.94,50.8
13,2017-03-31,USD,66034000,41119000,6645000,66034000,24915000,16206000,0,0,24915000,0,41119000,None,24915000,1469000,5645000,None,None,None,0,0,0,8709000,0,0,16206000,16206000,None,USD,5501526000,83960000,None,23674000,4815592000,685934000,0,4336976000,436538000,303009000,54628000,0,1072851000,92116000,4616721000,279745000,429611000,1327000,55167000,836682000,4153153000,601974000,836682000,None,58764000,9325000,4336976000,0,0,436538000,0,303009000,-54940000,None,245241000,None,4537521000,None,58764000,140107000,198871000,None,None,None,None,5501526000,836682000,None,26000000,USD,-33696000,2665000,-46200000,-12480000,-2599000,-4265000,3216000,1267000,16206000,-16188000,34277000,-221000,8439000,-4841000,-41000,7945000,0,7439000,24000,-251000,None,-16188000,46.95,47.94
14,2016-12-31,USD,64997000,41761000,6083000,64997000,23236000,15225000,0,0,23236000,1508000,41761000,None,23236000,35684000,16495000,None,None,None,0,0,0,8011000,-4747000,0,15225000,15225000,None,USD,5486268000,84102000,None,112743000,4813618000,672650000,0,4333760000,436538000,290824000,54843000,83679000,1086382000,108304000,4625703000,291943000,412581000,1344000,56708000,850467000,4115377000,588548000,850467000,None,58764000,16553000,4333760000,0,0,436538000,0,290824000,-56056000,None,260821000,None,4517008000,None,58764000,129151000,187915000,None,None,None,None,5486268000,850467000,None,26000000,USD,-44896000,-4691000,-54106000,-5807000,85435000,37275000,-43278000,3363000,15225000,12480000,29311000,2955000,8523000,-4886000,4000,0,0,7421000,3403000,-122000,None,12480000,44.66,46.95
15,2016-09-30,USD,63292000,41145000,7673000,63292000,22147000,14264000,0,0,22147000,0,41145000,None,22147000,-37321000,-38000,None,None,None,0,0,0,7883000,0,0,14264000,14264000,None,USD,5447911000,84244000,None,None,4777652000,670259000,0,4377038000,436538000,280335000,61083000,0,1068493000,95824000,4593045000,216007000,216007000,9648000,54654000,828615000,4110506000,586015000,828615000,None,58764000,20537000,4377038000,0,0,436538000,0,280335000,-56262000,None,252009000,None,4501413000,None,58764000,125843000,184607000,None,None,None,None,5447911000,828615000,None,26000000,USD,-50451000,-3175000,-55324000,-3332000,9811000,56910000,51954000,4624000,14264000,22583000,20997000,3152000,9329000,-4830000,-25000,0,0,-1542000,1541000,-1031000,None,22583000,35.695,44.66
16,2016-06-30,USD,62541000,40034000,7693000,62541000,22507000,14479000,0,0,22507000,0,40034000,None,22507000,7493000,134000,None,None,None,0,0,0,8028000,0,0,14479000,14479000,None,USD,5379938000,84386000,None,None,4718182000,661756000,0,4325084000,436538000,270744000,63620000,0,1055198000,73241000,4531060000,205976000,205976000,10831000,54506000,814258000,4077229000,577370000,814258000,None,58764000,16376000,4325084000,0,0,436538000,0,270744000,-56357000,None,230247000,None,4446368000,None,58764000,128358000,187122000,None,None,None,None,5379938000,814258000,None,26000000,USD,-132912000,2782000,-148808000,-14203000,19578000,114798000,99936000,-1765000,14479000,-11986000,22024000,-1765000,8437000,-4832000,116000,0,0,-2400000,1693000,491000,None,-11986000,32.39,35.695
17,2016-03-31,USD,61941000,40705000,6485000,61941000,21236000,13818000,0,0,21236000,0,40705000,None,21236000,0,5510000,None,None,None,0,0,0,7418000,0,0,13818000,13818000,None,USD,5245610000,84530000,None,None,4595637000,649973000,0,4225148000,436538000,260813000,60974000,0,1040824000,0,4407062000,181914000,None,9299000,54139000,801950000,3954678000,565443000,801950000,None,58764000,12329000,4225148000,0,0,436538000,0,260813000,-56677000,None,239901000,None,4333248000,None,58764000,129811000,188575000,None,None,None,None,5245610000,801950000,None,26000000,USD,-44742000,6302000,-51609000,-4569000,-41702000,31387000,85962000,None,13818000,5506000,25728000,-1747000,7973000,-4868000,-8005000,0,0,46000,2298000,-664000,None,5506000,31.84,32.39
18,2015-12-31,USD,64113000,41744000,4806000,64113000,22369000,14417000,0,0,22369000,1508000,41744000,None,22369000,6826000,13551000,None,None,None,0,0,0,7952000,-4229000,0,14417000,14417000,None,USD,5187916000,84676000,None,105557000,4543863000,644053000,0,4139186000,436538000,251812000,55305000,83679000,1027492000,79721000,4372415000,233229000,342028000,6555000,53191000,791727000,3916405000,559377000,791727000,None,58764000,10561000,4139186000,0,0,436538000,0,251812000,-50852000,None,231546000,None,4285818000,None,58764000,112684000,171448000,None,None,None,None,5187916000,791727000,None,26000000,USD,-53473000,3428000,-77730000,-19371000,-50607000,62820000,120030000,578000,14417000,15532000,30442000,-1037000,7727000,-4841000,-1762000,7109000,0,5790000,4886000,117000,None,15532000,30.87,31.84
19,2015-09-30,USD,62349000,41068000,5604000,62349000,21281000,13928000,0,0,21281000,0,41068000,None,21281000,0,63000,None,None,None,0,0,0,7353000,0,0,13928000,13928000,None,USD,5105584000,84822000,None,None,4466363000,639221000,0,4019156000,436538000,242102000,47356000,0,1016490000,0,4302666000,283510000,None,9701000,51252000,784585000,3877121000,554399000,784585000,None,58764000,9934000,4019156000,0,0,436538000,0,242102000,-49120000,None,212019000,None,4225214000,None,58764000,104933000,163697000,None,None,None,None,5105584000,784585000,None,26000000,USD,-102186000,6123000,-110380000,-6516000,21142000,69763000,56571000,None,13928000,-13509000,27108000,-5279000,7248000,-4420000,-3530000,7021000,0,5871000,1678000,-783000,None,-13509000,30.84,30.87
