,fiscalDateEnding,reportedCurrency_x,totalRevenue,totalOperatingExpense,costOfRevenue,grossProfit,ebit,netIncome_x,researchAndDevelopment,effectOfAccountingCharges,incomeBeforeTax,minorityInterest,sellingGeneralAdministrative,otherNonOperatingIncome,operatingIncome,otherOperatingExpense,interestExpense,taxProvision,interestIncome,netInterestIncome,extraordinaryItems,nonRecurring,otherItems,incomeTaxExpense,totalOtherIncomeExpense,discontinuedOperations,netIncomeFromContinuingOperations,netIncomeApplicableToCommonShares,preferredStockAndOtherAdjustments,reportedCurrency_y,totalAssets,intangibleAssets,earningAssets,otherCurrentAssets,totalLiabilities,totalShareholderEquity,deferredLongTermLiabilities,otherCurrentLiabilities,commonStock,retainedEarnings,otherLiabilities,goodwill,otherAssets,cash,totalCurrentLiabilities,shortTermDebt,currentLongTermDebt,otherShareholderEquity,propertyPlantEquipment,totalCurrentAssets,longTermInvestments,netTangibleAssets,shortTermInvestments,netReceivables,longTermDebt,inventory,accountsPayable,totalPermanentEquity,additionalPaidInCapital,commonStockTotalEquity,preferredStockTotalEquity,retainedEarningsTotalEquity,treasuryStock,accumulatedAmortization,otherNonCurrrentAssets,deferredLongTermAssetCharges,totalNonCurrentAssets,capitalLeaseObligations,totalLongTermDebt,otherNonCurrentLiabilities,totalNonCurrentLiabilities,negativeGoodwill,warrants,preferredStockRedeemable,capitalSurplus,liabilitiesAndShareholderEquity,cashAndShortTermInvestments,accumulatedDepreciation,commonStockSharesOutstanding,reportedCurrency,investments,changeInLiabilities,cashflowFromInvestment,otherCashflowFromInvestment,netBorrowings,cashflowFromFinancing,otherCashflowFromFinancing,changeInOperatingActivities,netIncome_y,changeInCash,operatingCashflow,otherOperatingCashflow,depreciation,dividendPayout,stockSaleAndPurchase,changeInInventory,changeInAccountReceivables,changeInNetIncome,capitalExpenditures,changeInReceivables,changeInExchangeRate,changeInCashAndCashEquivalents,clossingVal,nextClossingVal
0,2020-06-30,USD,594400000,201000000,368500000,229700000,23900000,-4500000,None,None,4600000,400000,201000000,-1000000,24900000,None,19300000,8700000,None,-19300000,None,None,None,8700000,-4800000,None,-4100000,-4500000,None,USD,5685300000,1160700000,None,174500000,3389200000,2291600000,318000000,132800000,900000,1415300000,419000000,2785700000,64700000,42000000,660300000,114600000,114600000,-347000000,705600000,592600000,None,-1654800000,None,376100000,1998700000,None,412900000,None,None,900000,None,1415300000,None,None,440700000,None,5092700000,394500000,1998700000,412200000,2728900000,None,None,None,1222400000,5685300000,42000000,None,91500000,USD,392400000,-24300000,392400000,427400000,-514100000,-511400000,2700000,34500000,-4100000,6200000,125200000,36500000,60200000,None,100000,None,43700000,13200000,35000000,43700000,None,6200000,55.98,
1,2020-03-31,USD,726700000,258700000,498400000,286600000,-33300000,-20100000,None,None,-58300000,200000,258700000,-2900000,-30400000,None,25000000,-38400000,-25000000,-25000000,39400000,None,None,-38400000,-61200000,None,-19900000,-20100000,None,USD,6353200000,1188600000,None,749200000,4073000000,2276200000,334700000,271100000,900000,1419800000,416100000,2782200000,66500000,36000000,818500000,101400000,104200000,-357200000,727600000,1203200000,None,-1694600000,None,418000000,2518800000,None,446000000,None,None,900000,None,1419800000,None,None,451600000,None,5150000000,401600000,2518800000,401000000,3254500000,None,None,None,1212700000,6353200000,36000000,None,91400000,USD,-40100000,1600000,-40100000,-500000,-35800000,-39600000,-3800000,-33000000,-19900000,2400000,82100000,-21400000,59900000,None,-1200000,None,-1200000,63100000,39600000,-1200000,None,2400000,48.58,55.98
2,2019-12-31,USD,696900000,375000000,520400000,279500000,-200800000,-219300000,None,None,-228000000,100000,250000000,-2300000,-198500000,None,27200000,-8800000,-27200000,-27200000,None,207400000,None,-8800000,-230300000,None,-219200000,-219300000,None,USD,6437000000,1422400000,None,127600000,4102300000,2330900000,295100000,137100000,900000,1442400000,430000000,2982200000,92300000,34700000,756900000,103100000,105000000,-318100000,798500000,706600000,None,-2073700000,None,544300000,2559300000,None,516700000,None,None,900000,None,1442400000,None,None,527300000,None,5730400000,450900000,2559300000,491000000,3345400000,None,None,None,1205700000,6437000000,34700000,None,91200000,USD,37300000,-11900000,37300000,70300000,-85300000,-81600000,20400000,-12900000,-219200000,2500000,46800000,18100000,65700000,0,3700000,None,18200000,175900000,33000000,18200000,None,5900000,63.81,48.58
3,2019-09-30,USD,833100000,329800000,537800000,295300000,-37700000,-59200000,None,None,-67600000,200000,247400000,-3200000,-34500000,82400000,29900000,-8600000,-29900000,-29900000,None,None,None,-8600000,-85600000,None,-59000000,-59200000,None,USD,6676300000,1466800000,None,156900000,4199000000,2473700000,330500000,147100000,900000,1661700000,465600000,3178400000,103400000,30800000,795700000,111900000,116000000,-385400000,785700000,750500000,None,-2171500000,None,562800000,2617000000,None,536700000,None,None,900000,None,1661700000,None,None,494900000,None,5925800000,409100000,2617000000,455800000,3403300000,None,None,None,1196500000,6676300000,30800000,None,91100000,USD,-48200000,20900000,-48200000,4800000,-84900000,-83300000,-700000,6700000,-59000000,-1300000,130200000,-13400000,67700000,0,1600000,None,20300000,93700000,53000000,20300000,-2400000,-3700000,50.93,63.81
4,2019-06-30,USD,845800000,277300000,543200000,302600000,400000,-30500000,None,None,-33200000,300000,277300000,-24900000,25300000,None,33600000,-3000000,-33600000,-33600000,None,None,None,-3000000,-24900000,None,-30200000,-30500000,None,USD,6869700000,1562800000,None,170900000,4307500000,2558000000,360200000,133700000,900000,1720900000,508900000,3195100000,113300000,34500000,784200000,117300000,119500000,-356600000,786200000,819100000,None,-2199900000,None,613700000,2697200000,None,533200000,None,None,900000,None,1720900000,None,None,506500000,None,6050600000,406700000,2697200000,465900000,3523300000,None,None,None,1192800000,6869700000,34500000,None,91100000,USD,-40800000,-27400000,-40800000,1300000,-21600000,-8000000,-29200000,-41600000,-30200000,-14000000,34800000,17100000,69800000,0,13600000,None,-11800000,17300000,42100000,-11800000,300000,-13700000,47.75,50.93
5,2019-03-31,USD,830100000,301300000,533000000,297100000,-6400000,-37800000,None,None,-34000000,200000,280400000,-2200000,-4200000,None,27600000,3600000,-27600000,-27600000,None,20900000,None,3600000,-23100000,None,-37600000,-37800000,None,USD,6850700000,1599700000,None,152500000,4280200000,2566600000,347700000,141900000,900000,1751400000,494300000,3197500000,106300000,48200000,786000000,101900000,109300000,-356900000,760000000,801600000,None,-2230600000,None,600900000,2702400000,None,542200000,None,None,900000,None,1751400000,None,None,491900000,None,6049100000,390300000,2702400000,444100000,3494200000,None,None,None,1171200000,6850700000,48200000,None,90800000,USD,-52300000,-19600000,-52300000,13800000,31000000,31300000,-29200000,-22500000,-37600000,15200000,36200000,-4100000,69600000,0,300000,None,-2200000,30100000,66100000,-2200000,-1300000,13900000,54.42,47.75
6,2018-12-31,USD,852700000,674600000,524000000,328700000,-346800000,-318400000,0,0,-376100000,-800000,315900000,-900000,-345900000,0,29300000,None,None,None,-8400000,358700000,0,-56900000,-533000000,0,-319200000,-318400000,None,USD,6455500000,1637700000,None,113400000,3858400000,2587400000,307300000,62300000,900000,1789200000,461300000,3222200000,104800000,34300000,733200000,104300000,100200000,-365300000,743500000,747300000,None,-2272500000,None,599600000,2647700000,None,566600000,None,None,900000,None,1789200000,None,None,104800000,None,5708200000,None,2663900000,154000000,3125200000,None,None,None,1162600000,6455500000,34300000,None,90700000,USD,None,-20800000,-38100000,-4200000,-56900000,-57100000,-1900000,-25400000,-319200000,-19400000,75800000,379000000,63700000,-25500000,-200000,None,5400000,-32300000,33900000,5400000,1700000,-17700000,36.69,54.42
7,2018-09-30,USD,854900000,267200000,519400000,335500000,62100000,23500000,0,0,34400000,11100000,267200000,-6200000,68300000,0,27700000,None,None,None,0,0,0,10900000,-55200000,0,23500000,17500000,6000000,USD,6902900000,1670600000,None,143700000,3970300000,2921500000,380600000,58700000,900000,2107600000,500200000,3613800000,60300000,52000000,749300000,109300000,109300000,-342500000,755100000,803100000,None,-2362900000,0,607400000,2720800000,0,581300000,2932600000,1155500000,900000,0,2107600000,0,None,60300000,None,6099800000,None,2720800000,119600000,3221000000,None,None,None,1155500000,6902900000,52000000,None,90600000,USD,None,-261400000,-26000000,6900000,174300000,174600000,-2400000,-290500000,23500000,7500000,-141100000,-17200000,63900000,-8400000,11100000,0,21700000,28400000,32900000,21700000,-500000,7000000,58.68,36.69
8,2018-06-30,USD,883300000,290900000,530000000,353300000,61800000,27700000,0,0,37200000,-100000,290900000,-600000,62400000,0,24600000,None,None,None,0,0,0,9600000,-68800000,0,27600000,26600000,1100000,USD,6914600000,1698700000,None,138700000,4013000000,2890300000,357400000,62200000,900000,2090100000,475900000,3598400000,59800000,45000000,1001400000,112100000,112100000,-345800000,744400000,813300000,None,-2406800000,0,629600000,2535700000,0,827100000,2901600000,1145100000,900000,0,2090100000,0,None,59800000,None,6101300000,None,2535700000,118500000,3011600000,None,None,None,1145100000,6914600000,45000000,None,85700000,USD,None,40500000,-39300000,-3800000,-70000000,-80600000,-7400000,-7400000,27600000,700000,120600000,-5600000,65600000,-8300000,5100000,0,-16700000,9200000,35500000,-16700000,-5100000,-4400000,65.29,58.68
9,2018-03-31,USD,895000000,304400000,536500000,358500000,54100000,22500000,0,0,29100000,12100000,304400000,None,54100000,0,25000000,None,None,None,0,0,0,6600000,-60100000,0,22500000,21000000,1500000,USD,7015700000,1771200000,None,127700000,4063600000,2940000000,357400000,76400000,900000,2063500000,477500000,3625200000,59800000,49400000,999900000,121900000,121900000,-270700000,748900000,810600000,None,-2456400000,0,633500000,2586200000,0,801600000,2952100000,1146300000,900000,0,2063500000,0,None,59800000,None,6205100000,None,2586200000,120100000,3063700000,None,None,None,1146300000,7015700000,49400000,None,85600000,USD,None,12500000,-44100000,-15600000,-50100000,-62600000,-7400000,53100000,22500000,3700000,110400000,31000000,62700000,-8800000,3700000,0,-6800000,-11500000,28500000,-6800000,3500000,7200000,58.53,65.29
10,2017-12-31,USD,887794000,4643035000,720818000,1095561000,468853000,89215000,0,0,-174749000,351000,720785000,None,94609000,71247000,22223000,None,None,None,0,0,0,-178680000,-586146000,0,-603212000,80421000,None,USD,6988300000,1791500000,None,147100000,4079700000,2896600000,371100000,66600000,900000,2029500000,123900000,3604000000,5433900000,42200000,969400000,119500000,117000000,-287000000,741000000,813400000,None,-2498900000,0,624100000,2615300000,0,783300000,0,1153200000,900000,0,2029500000,0,None,38400000,None,6174900000,None,2615300000,123900000,3110300000,None,None,None,1153200000,6988300000,42200000,None,85500000,USD,None,385900000,-193000000,2500000,-257500000,-321200000,-3400000,339500000,89215000,-2000000,508600000,None,249500000,-36300000,0,0,17100000,-162800000,143000000,None,None,None,67.99,58.53
11,2017-09-30,USD,882774000,274436000,514735000,368039000,91480000,39038000,0,0,66849000,31000,237815000,-2123000,93603000,36621000,24631000,None,None,None,0,0,0,27780000,-1403000,0,39069000,35449000,3589000,USD,7016362000,1818078000,None,114631000,4197641000,2807383000,501647000,112676000,854000,1946133000,89595000,3638574000,5492085000,52171000,972667000,122189000,122189000,-286693000,729571000,794706000,None,-2649276000,69000,627904000,2633732000,0,737802000,2818721000,1147082000,854000,7000,1946133000,0,None,35433000,None,6221656000,None,2633732000,89595000,3224974000,None,None,None,1147082000,7016362000,52171000,None,85352342,USD,None,26893000,-29925000,-1287000,-97102000,-114175000,-8697000,44298000,39069000,10865000,154965000,28941000,60294000,-8957000,581000,0,17112000,-12168000,28638000,11936000,-2885000,7980000,71.62,67.99
12,2017-06-30,USD,917733000,574106000,535981000,381752000,-193933000,-144042000,0,0,-217705000,-150000,538150000,-1579000,-192354000,35956000,23772000,None,None,None,0,0,0,-73513000,-507000,0,-144192000,-148768000,4726000,USD,7037497000,1839434000,None,112312000,4276681000,2749938000,513949000,92661000,853000,1910684000,97681000,3637182000,5507613000,44191000,915233000,111400000,2861218000,-316737000,733770000,796114000,None,-2726685000,64000,639611000,2749818000,0,711172000,2760816000,1155131000,853000,7000,1910684000,0,None,30997000,None,6241383000,None,2749818000,97681000,3361448000,None,None,None,1155131000,7037497000,44191000,None,85336739,USD,None,330313000,-34085000,-4129000,-11474000,-33020000,-12565000,287153000,-144192000,-5347000,61758000,-19359000,58660000,-9185000,204000,0,5176000,-143294000,29956000,-20370000,2515000,-2832000,76.32,71.62
13,2017-03-31,USD,892399000,254113000,523737000,368662000,113079000,58189000,0,0,89705000,368000,218841000,-1470000,114549000,35272000,23374000,None,None,None,0,0,0,31148000,-24844000,0,58557000,53388000,4801000,USD,6996856000,1857209000,None,97553000,4104375000,2881176000,657865000,106270000,853000,2059452000,99914000,3622793000,5511512000,47023000,579561000,96301000,96301000,-341119000,725420000,759924000,None,-2598833000,62000,615348000,2767035000,0,376990000,2892481000,1161983000,853000,7000,2059452000,0,None,31510000,None,6236932000,None,2767035000,99914000,3524814000,None,None,None,1161983000,6996856000,47023000,None,85261769,USD,None,-1024000,-49757000,-16621000,-108673000,-124104000,-9570000,16321000,58557000,1459000,175320000,16321000,58179000,-9364000,3503000,0,25546000,17741000,33136000,25546000,1375000,2834000,82.89,76.32
14,2016-12-31,USD,906396000,2980100000,749700000,1116640000,328448000,18744000,0,0,36523000,157000,701583000,None,100540000,222081000,24647000,None,None,None,0,0,0,17622000,-232342000,0,50849000,9183000,None,USD,6980061000,1861973000,None,94465000,4163675000,2805737000,645371000,88624000,852000,2006064000,98136000,3591020000,5482549000,44189000,542853000,72822000,72800000,-367643000,723894000,773618000,None,-2647263000,62000,634902000,2877315000,0,381407000,0,1166457000,852000,7000,2006064000,0,None,29556000,None,6206443000,None,2877315000,98136000,3620822000,None,None,None,1166457000,6980061000,44251000,None,85152700,USD,7000,33151000,-195600000,3148000,-294400000,-376800000,-8800000,81200000,18744000,-11400000,547249000,None,252500000,-39414000,0,0,-43100000,58700000,136160000,None,None,None,77.04,82.89
15,2016-09-30,USD,890144000,254743000,510884000,379260000,127470000,64795000,0,0,102759000,378000,212117000,2953000,124517000,42626000,24711000,None,None,None,0,0,0,37586000,4718000,0,65173000,61536000,3259000,USD,7057264000,1927109000,None,95663000,4198475000,2847457000,654495000,88557000,851000,1993343000,84483000,3596899000,5555552000,40291000,537727000,91008000,91008000,-314500000,727774000,773938000,None,-2676558000,63000,637921000,2921770000,0,358162000,2858789000,1167756000,851000,7000,1993343000,0,None,31544000,None,6283326000,None,2921770000,84483000,3660748000,None,None,None,1167756000,7057264000,40354000,None,85060835,USD,7000,20086000,-40629000,-6781000,-113603000,-137753000,-19238000,15829000,64795000,-6054000,172328000,14124000,0,-9726000,0,0,26825000,21526000,33848000,-13937000,2025000,-4029000,80.14,77.04
16,2016-06-30,USD,891621000,281387000,510526000,381095000,97599000,46034000,0,0,73232000,196000,222378000,-2109000,99708000,59009000,24367000,None,None,None,0,0,0,27002000,-1184000,0,46230000,37293000,8741000,USD,7146368000,2078234000,None,98843000,4317289000,2818247000,705873000,79353000,850000,1931807000,85724000,3558283000,5668946000,44320000,517104000,109868000,109868000,-297558000,707060000,770362000,None,-2818278000,64000,627135000,3008588000,0,327883000,2829079000,1183140000,850000,8000,1931807000,0,None,32429000,None,6376006000,None,3008588000,85724000,3800185000,None,None,None,1183140000,7146368000,44384000,None,84965277,USD,7000,-20442000,-49572000,-16624000,-28629000,-40762000,-5025000,-13982000,46034000,-1843000,88491000,-13495000,0,-10021000,0,0,12888000,3035000,32948000,-8970000,508000,-1335000,104.12,80.14
17,2016-03-31,USD,874181000,0,504997000,0,139693000,76786000,0,0,115631000,809000,202488000,-1230000,140923000,25773000,24062000,None,None,None,0,0,0,38036000,-25292000,0,76786000,66680000,10106000,USD,7112544000,1840844000,None,88930000,4294055000,2806436000,0,85735000,848000,1897636000,86448000,3790016000,5677661000,45655000,552513000,114066000,114066000,-265018000,677525000,757358000,None,-2824424000,64000,622709000,3038083000,0,352712000,2818489000,2818489000,848000,8000,1897636000,-2818489000,None,46801000,None,6355186000,None,3038083000,86448000,3741542000,None,None,None,1172962000,7112544000,45719000,None,86000000,USD,7000,5948000,-58296000,-24118000,-77935000,-108421000,None,18030000,76786000,-9979000,156949000,18030000,0,-10106000,-20380000,0,3918000,10393000,34185000,-3918000,-211000,-9979000,126.19,104.12
18,2015-12-31,USD,888304000,2323900000,488523000,1256300000,662000000,80827000,0,0,130156000,17490000,177556000,None,177246000,65770000,25050000,None,None,None,0,0,0,49618000,-231968000,0,268000000,70721000,None,USD,7077450000,1842561000,None,91631000,4329612000,2729891000,608272000,79409000,849000,1868645000,81352000,3758177000,5650020000,55634000,587349000,161409000,161409000,-282631000,665602000,761828000,None,-2870855000,69000,614494000,3052639000,0,346531000,0,0,849000,8000,1868645000,0,None,49282000,None,6315622000,None,3052639000,81352000,3742263000,None,None,None,1143020000,7077450000,55703000,None,84852584,USD,294000,52426000,-2533900000,300000,1526600000,2181208000,-7500000,13700000,80827000,33400000,390328000,None,127400000,-10106000,0,0,-55900000,5700000,114761000,None,None,None,120.6,126.19
19,2015-09-30,USD,718596000,199419000,418921000,299675000,98510000,52263000,0,0,81124000,457000,185932000,-1746000,100256000,13487000,17386000,None,None,None,0,0,0,28404000,-1138000,0,52720000,50579000,1684000,USD,5176457000,909503000,None,74697000,2442015000,2716113000,430203000,84810000,849000,1826835000,68191000,2447454000,3392094000,32883000,533934000,106405000,None,-237246000,464898000,1319465000,None,-640852000,636288000,575597000,1409687000,0,342719000,0,0,849000,8000,1826835000,0,None,35137000,None,3856992000,None,1409687000,68191000,1908081000,None,None,None,1125667000,5176457000,669171000,None,84942134,USD,None,106990000,-805583000,0,None,523516000,None,None,69449000,None,293291000,None,0,0,0,0,66352000,None,72566000,None,None,None,139.31,120.6
