,fiscalDateEnding,reportedCurrency_x,totalRevenue,totalOperatingExpense,costOfRevenue,grossProfit,ebit,netIncome_x,researchAndDevelopment,effectOfAccountingCharges,incomeBeforeTax,minorityInterest,sellingGeneralAdministrative,otherNonOperatingIncome,operatingIncome,otherOperatingExpense,interestExpense,taxProvision,interestIncome,netInterestIncome,extraordinaryItems,nonRecurring,otherItems,incomeTaxExpense,totalOtherIncomeExpense,discontinuedOperations,netIncomeFromContinuingOperations,netIncomeApplicableToCommonShares,preferredStockAndOtherAdjustments,reportedCurrency_y,totalAssets,intangibleAssets,earningAssets,otherCurrentAssets,totalLiabilities,totalShareholderEquity,deferredLongTermLiabilities,otherCurrentLiabilities,commonStock,retainedEarnings,otherLiabilities,goodwill,otherAssets,cash,totalCurrentLiabilities,shortTermDebt,currentLongTermDebt,otherShareholderEquity,propertyPlantEquipment,totalCurrentAssets,longTermInvestments,netTangibleAssets,shortTermInvestments,netReceivables,longTermDebt,inventory,accountsPayable,totalPermanentEquity,additionalPaidInCapital,commonStockTotalEquity,preferredStockTotalEquity,retainedEarningsTotalEquity,treasuryStock,accumulatedAmortization,otherNonCurrrentAssets,deferredLongTermAssetCharges,totalNonCurrentAssets,capitalLeaseObligations,totalLongTermDebt,otherNonCurrentLiabilities,totalNonCurrentLiabilities,negativeGoodwill,warrants,preferredStockRedeemable,capitalSurplus,liabilitiesAndShareholderEquity,cashAndShortTermInvestments,accumulatedDepreciation,commonStockSharesOutstanding,reportedCurrency,investments,changeInLiabilities,cashflowFromInvestment,otherCashflowFromInvestment,netBorrowings,cashflowFromFinancing,otherCashflowFromFinancing,changeInOperatingActivities,netIncome_y,changeInCash,operatingCashflow,otherOperatingCashflow,depreciation,dividendPayout,stockSaleAndPurchase,changeInInventory,changeInAccountReceivables,changeInNetIncome,capitalExpenditures,changeInReceivables,changeInExchangeRate,changeInCashAndCashEquivalents,clossingVal,nextClossingVal
0,2020-06-30,USD,0,16449000,None,None,-16391000,-16462000,10189000,None,-16473000,None,6260000,None,-16449000,None,None,-11000,None,None,None,None,None,-11000,-24000,None,-16462000,-16462000,None,USD,125893000,None,None,511000,9242000,116651000,None,67000,10000,-814061000,None,None,667000,123233000,8981000,None,None,None,601000,124625000,None,116651000,None,None,None,None,1983000,None,None,None,None,None,None,None,667000,None,1268000,446000,None,None,261000,None,None,None,None,None,None,None,None,USD,-12000,919000,-12000,None,None,0,None,1519000,-16462000,-10301000,-10277000,None,58000,None,None,None,None,3689000,0,None,None,None,12.1,
1,2020-03-31,USD,0,16135000,None,None,-16080000,-31912000,11591000,None,-31834000,None,4544000,None,-16135000,None,None,78000,-16240000,None,None,None,None,78000,-15699000,None,-31912000,-31912000,None,USD,136791000,None,None,617000,7295000,129496000,None,115000,10000,-797599000,None,None,662000,133534000,6997000,None,None,None,659000,135470000,None,129496000,None,None,None,None,1357000,None,None,None,None,None,None,None,662000,None,1321000,473000,None,None,298000,None,None,None,927085000,None,133534000,None,10000000,USD,0,357000,-12000,None,None,0,None,-1093000,-31912000,-13994000,-13948000,None,55000,None,None,None,None,18645000,0,None,None,None,9.82,12.1
2,2019-12-31,USD,0,25019000,None,None,-25019000,-47462000,21271000,None,-47423000,None,3748000,None,-25019000,None,-500000,39000,-20926000,None,None,None,None,39000,-22404000,None,-47462000,-47462000,None,USD,151328000,None,None,401000,64983000,86345000,None,56498000,74000,-765687000,None,None,729000,147528000,64609000,None,None,None,702000,149897000,None,86344000,None,197000,None,None,1019000,None,None,None,None,None,None,None,729000,None,1431000,561000,None,None,374000,None,None,None,851957000,None,147528000,None,3000000,USD,-6000,-299000,-6000,None,-5438000,92293000,None,1063000,-47462000,79834000,-12455000,None,-105000,None,98176000,None,None,33069000,6000,None,None,None,0.3424,9.82
3,2019-09-30,USD,0,13264000,None,None,-13202000,-12903000,10113000,None,-12976000,None,3151000,None,-13264000,None,-100000,-73000,None,None,None,None,None,-73000,288000,None,-12903000,-12903000,None,USD,72317000,None,None,716000,13469000,58848000,None,119000,74000,-718225000,None,None,738000,67694000,9213000,1171000,1171000,None,767000,70812000,None,58848000,None,135000,3841000,None,1304000,None,None,None,None,None,None,None,738000,None,1505000,595000,3841000,None,4256000,None,None,None,776999000,None,67694000,None,2000000,USD,-14000,106000,-14000,None,-5438000,0,None,446000,-12903000,-11137000,-11106000,None,62000,None,445000,None,None,1183000,14000,None,None,None,0.3905,0.3424
4,2019-06-30,USD,0,15207000,None,None,-15143000,-14878000,11728000,None,-14859000,None,3479000,None,-15207000,None,-100000,19000,None,None,None,None,None,19000,348000,None,-14878000,-14878000,None,USD,84175000,None,None,459000,13704000,70471000,None,289000,74000,-705322000,None,None,778000,78831000,8935000,668000,668000,None,805000,82592000,None,70471000,None,1572000,4303000,None,1203000,None,None,None,None,None,None,None,778000,None,1583000,643000,4303000,None,4769000,None,None,None,775719000,None,78831000,None,2000000,USD,-5000,583000,-5000,None,-5438000,0,None,395000,-14878000,-12077000,-12056000,None,64000,None,445000,None,None,1780000,5000,None,None,None,0.56,0.3905
5,2019-03-31,USD,0,13502000,None,None,-13440000,-13032000,10137000,None,-13177000,None,3365000,None,-13502000,None,-100000,-145000,None,None,None,None,None,-145000,325000,None,-13032000,-13032000,None,USD,96095000,None,None,653000,12504000,83591000,None,348000,74000,-690444000,None,None,622000,90238000,7238000,168000,168000,None,866000,94607000,None,83591000,None,1625000,4763000,None,619000,None,None,None,None,None,None,None,622000,None,1488000,674000,4763000,None,5266000,None,None,None,773961000,None,90908000,None,2000000,USD,-14000,-667000,-14000,None,-5438000,445000,None,-3602000,-13032000,-15138000,-15566000,None,62000,None,445000,None,None,1673000,14000,None,None,None,1.71,0.56
6,2018-12-31,USD,0,14738000,0,0,-14738000,-14283000,11135000,0,-14202000,0,3603000,None,-14738000,0,-200000,None,None,None,0,0,0,81000,536000,0,-14283000,-14283000,None,USD,109469000,None,None,1237000,14990000,94479000,None,33000,74000,-677412000,None,None,549000,106046000,10099000,None,None,None,168000,108752000,None,94479000,None,914000,4891000,None,1287000,None,None,None,None,None,None,None,None,None,None,None,4891000,None,None,None,None,None,771817000,None,106046000,None,2000000,USD,None,323000,-59000,None,None,2000,None,2168000,-14283000,-10082000,-9973000,None,26000,None,46176000,None,None,1793000,59000,None,None,None,1.32,1.71
7,2018-09-30,USD,0,16061000,0,0,-16061000,-15567000,12923000,0,-15572000,0,3138000,None,-16061000,0,-200000,None,None,None,0,0,0,-5000,489000,0,-15567000,-15567000,None,USD,120052000,0,None,1687000,12986000,107066000,0,71000,74000,-663129000,None,0,596000,116128000,8130000,None,None,None,125000,119331000,None,107066000,0,701000,4856000,0,962000,0,0,0,0,0,0,None,None,None,None,None,None,None,None,None,None,None,None,None,None,None,2000000,USD,None,-159000,-29000,0,4955000,5000000,None,-389000,-15567000,-9297000,-14265000,None,26000,0,45996000,0,0,1824000,29000,None,None,None,1.7,1.32
8,2018-06-30,USD,0,12963000,0,0,-12963000,-11960000,8785000,0,-12381000,0,4178000,None,-12963000,0,-200000,None,None,None,0,0,0,-421000,582000,0,-11960000,-11960000,None,USD,128547000,0,None,1603000,7896000,120651000,0,86000,74000,-647562000,None,0,578000,125425000,7896000,None,None,None,121000,127848000,None,120651000,0,721000,0,0,1122000,0,0,0,0,0,0,None,None,None,None,None,None,None,None,None,None,None,None,None,None,None,2000000,USD,None,385000,-30000,0,4955000,32000,None,1706000,-11960000,-8279000,-8268000,None,30000,0,45996000,0,0,1571000,30000,None,None,None,2.96,1.7
9,2018-03-31,USD,0,11754000,0,0,-11754000,-11525000,8334000,0,-11482000,0,3420000,None,-11754000,0,-200000,None,None,None,0,0,0,43000,272000,0,-11525000,-11525000,None,USD,136435000,0,None,1555000,5638000,130797000,0,99000,74000,-635602000,None,0,303000,133829000,5638000,None,None,None,144000,135988000,None,130797000,0,328000,0,0,740000,0,0,0,0,0,0,None,None,None,None,None,None,None,None,None,None,None,None,None,None,None,1000000,USD,None,-597000,-30000,0,4955000,46097000,None,-2056000,-11525000,33468000,-12609000,None,29000,0,45996000,0,0,1540000,30000,None,None,None,2.07,2.96
10,2017-12-31,USD,0,32467000,0,0,-30169000,-42349000,7550000,0,-42193000,0,10732000,None,-42982000,0,0,None,None,None,0,0,0,48000,829000,0,-29731000,-29731000,None,USD,102198000,0,None,1274000,7472000,94726000,0,6133000,52000,-624077000,None,0,319000,100348000,7472000,None,None,None,154000,101725000,None,94726000,0,103000,0,0,1339000,0,0,0,0,0,0,None,None,None,None,None,None,None,None,None,None,None,None,None,None,None,1000000,USD,None,-1217000,-80000,13000,None,27588000,None,875000,-42015000,-8659000,-36163000,None,258000,0,0,0,0,5936000,93000,None,None,None,3.73,2.07
11,2017-09-30,USD,0,10221000,0,0,-35401000,-429000,7405000,0,-432000,0,10149000,None,-383000,0,0,None,None,None,0,0,0,37000,0,0,-35231000,-35231000,None,USD,110065000,0,None,1649000,6290000,103775000,0,5832000,52000,-613478000,None,0,313000,107824000,6290000,None,None,None,183000,109569000,None,103775000,0,96000,0,0,458000,0,0,0,0,0,0,None,None,None,None,None,None,None,None,None,None,None,None,None,None,None,1000000,USD,None,-58000,-79000,13000,None,27445000,None,-365000,-9995000,-8875000,-28555000,None,0,0,0,0,0,1473000,92000,None,None,None,1.55,3.73
12,2017-06-30,USD,0,0,0,0,33940000,11855000,7194000,0,11824000,0,10403000,None,11831000,0,0,None,None,None,0,0,0,37000,0,0,34039000,34039000,None,USD,117833000,0,None,475000,5523000,112310000,0,5002000,52000,-603483000,None,0,312000,116699000,5523000,None,None,None,256000,117265000,None,112310000,0,91000,0,0,521000,0,0,0,0,0,0,None,None,None,None,None,None,None,None,None,None,None,None,None,None,None,1000000,USD,None,287000,-74000,13000,None,27445000,None,128000,-10329000,-8326000,-19682000,None,0,0,0,0,0,1493000,87000,None,None,None,1.17,1.55
13,2017-03-31,USD,0,0,0,0,-11058000,-11092000,8008000,0,-11058000,0,11146000,None,-11154000,0,0,None,None,None,0,0,0,34000,0,0,-11092000,-11092000,None,USD,126350000,0,None,718000,5222000,121128000,0,4122000,52000,-593154000,None,0,203000,125025000,5222000,None,None,None,347000,125800000,None,121128000,0,57000,0,0,1100000,0,0,0,0,0,0,None,None,None,None,None,None,None,None,None,None,None,None,None,None,None,1000000,USD,None,-2455000,-65000,13000,None,27445000,None,568000,-11092000,16018000,-11364000,None,0,0,0,0,0,1562000,78000,None,None,None,1.53,1.17
14,2016-12-31,USD,0,45359000,0,0,-45359000,-45530000,5821000,0,-45387000,0,9259000,None,-43022000,0,0,None,None,None,0,0,0,107000,-2365000,0,-47867000,-47867000,None,USD,110973000,0,None,1273000,7725000,103248000,0,5121000,30000,-582054000,None,0,223000,109007000,7725000,None,None,None,400000,110350000,None,103248000,0,70000,0,0,2604000,0,0,0,0,0,0,None,None,None,None,None,None,None,None,None,None,None,None,None,None,None,1000000,USD,None,533000,-146000,25000,None,196000,-15000,-2075000,-47867000,-41173000,-41163000,None,197000,0,0,0,0,6336000,214000,None,None,None,1.49,1.53
15,2016-09-30,USD,0,0,0,0,0,-3000,12323000,0,-9000,0,15558000,None,-4000,0,0,None,None,None,0,0,0,14000,-5000,0,0,0,None,USD,125066000,0,None,1344000,14132000,110934000,0,13958000,30000,-572806000,None,0,205000,122682000,14132000,None,None,None,357000,124504000,None,None,25000,None,0,0,174000,0,0,0,0,0,0,None,None,None,None,None,None,None,None,None,None,None,None,None,None,None,1000000,USD,None,7000000,-128000,25000,None,179000,None,None,-15209000,None,-27499000,None,0,0,0,0,0,None,196000,None,None,None,1.82,1.49
16,2016-06-30,USD,0,0,0,0,0,8204000,9115000,0,8202000,0,9784000,None,8280000,0,0,None,None,None,0,0,0,14000,-78000,0,0,0,None,USD,131694000,0,None,377000,6924000,124770000,0,6190000,30000,-557597000,None,0,200000,130550000,6924000,None,None,None,401000,131093000,None,None,12000,None,0,0,734000,0,0,0,0,0,0,None,None,None,None,None,None,None,None,None,None,None,None,None,None,None,1000000,USD,None,None,-155000,25000,None,105000,None,None,-12872000,None,-19553000,None,0,0,0,0,0,None,193000,None,None,None,1.99,1.82
17,2016-03-31,USD,0,0,0,0,0,-10538000,6636000,0,-10530000,0,10561000,None,-10613000,0,0,None,None,None,0,0,0,8000,83000,0,0,0,None,USD,143436000,0,None,1431000,7128000,136308000,0,5349000,30000,-544725000,None,0,196000,140871000,7128000,None,None,None,623000,142617000,None,None,12000,None,0,0,1779000,0,0,0,0,0,0,None,None,None,None,None,None,None,None,None,None,None,None,None,None,None,1000000,USD,None,None,-154000,25000,None,81000,None,None,-10538000,None,-9231000,None,0,0,0,0,0,None,179000,None,None,None,6.74,1.99
18,2015-12-31,USD,0,35828000,0,0,-35828000,-11458000,8027000,0,-11428000,0,11406000,None,-11446000,0,0,None,None,None,0,0,0,30000,18000,0,-53260000,-453184000,None,USD,152768000,0,None,1648000,7397000,145371000,0,7039000,30000,-534187000,None,0,349000,150180000,7397000,None,None,None,566000,151853000,None,145371000,25000,44000,0,0,358000,0,0,0,0,0,0,None,None,None,None,None,None,None,None,None,None,None,None,None,None,None,None,USD,10010000,5308000,9446000,-150000,None,139876000,-3389000,4215000,-53260000,121026000,-28265000,None,111000,-5543000,147270000,0,0,20663000,414000,None,None,None,15.04,6.74
19,2015-09-30,USD,0,0,0,0,0,-18505000,8295000,0,-18491000,0,11001000,None,-11033000,0,0,None,None,None,0,0,0,14000,-7458000,0,0,0,None,USD,159356000,0,None,1255000,3800000,155556000,0,2951000,30000,-522729000,None,0,203000,157308000,3800000,None,None,None,565000,158588000,None,None,25000,None,0,0,849000,0,0,0,0,0,0,None,None,None,None,None,None,None,None,None,None,None,None,None,None,None,1000000,USD,None,1880000,9479000,0,None,139876000,None,None,-41802000,None,-21189000,None,0,-5543000,147270000,0,0,None,381000,None,None,None,20.52,15.04
