,fiscalDateEnding,reportedCurrency_x,totalRevenue,totalOperatingExpense,costOfRevenue,grossProfit,ebit,netIncome_x,researchAndDevelopment,effectOfAccountingCharges,incomeBeforeTax,minorityInterest,sellingGeneralAdministrative,otherNonOperatingIncome,operatingIncome,otherOperatingExpense,interestExpense,taxProvision,interestIncome,netInterestIncome,extraordinaryItems,nonRecurring,otherItems,incomeTaxExpense,totalOtherIncomeExpense,discontinuedOperations,netIncomeFromContinuingOperations,netIncomeApplicableToCommonShares,preferredStockAndOtherAdjustments,reportedCurrency_y,totalAssets,intangibleAssets,earningAssets,otherCurrentAssets,totalLiabilities,totalShareholderEquity,deferredLongTermLiabilities,otherCurrentLiabilities,commonStock,retainedEarnings,otherLiabilities,goodwill,otherAssets,cash,totalCurrentLiabilities,shortTermDebt,currentLongTermDebt,otherShareholderEquity,propertyPlantEquipment,totalCurrentAssets,longTermInvestments,netTangibleAssets,shortTermInvestments,netReceivables,longTermDebt,inventory,accountsPayable,totalPermanentEquity,additionalPaidInCapital,commonStockTotalEquity,preferredStockTotalEquity,retainedEarningsTotalEquity,treasuryStock,accumulatedAmortization,otherNonCurrrentAssets,deferredLongTermAssetCharges,totalNonCurrentAssets,capitalLeaseObligations,totalLongTermDebt,otherNonCurrentLiabilities,totalNonCurrentLiabilities,negativeGoodwill,warrants,preferredStockRedeemable,capitalSurplus,liabilitiesAndShareholderEquity,cashAndShortTermInvestments,accumulatedDepreciation,commonStockSharesOutstanding,reportedCurrency,investments,changeInLiabilities,cashflowFromInvestment,otherCashflowFromInvestment,netBorrowings,cashflowFromFinancing,otherCashflowFromFinancing,changeInOperatingActivities,netIncome_y,changeInCash,operatingCashflow,otherOperatingCashflow,depreciation,dividendPayout,stockSaleAndPurchase,changeInInventory,changeInAccountReceivables,changeInNetIncome,capitalExpenditures,changeInReceivables,changeInExchangeRate,changeInCashAndCashEquivalents,clossingVal,nextClossingVal
0,2020-06-30,USD,65430000,175112000,None,65430000,-109682000,-84935000,None,None,-109682000,None,175112000,None,-109682000,11835000,18007000,-24747000,180564000,162557000,None,None,None,-24747000,None,None,-84935000,-84935000,None,USD,37725356000,170911000,None,None,33233506000,4491850000,None,30319632000,177268000,542677000,320836000,1603383000,26009533000,4363708000,30319632000,None,None,12739000,627943000,29862855000,29943254000,2717556000,3137718000,25499147000,1718032000,None,None,None,None,177268000,None,542677000,None,None,908625000,None,107532000,None,1718032000,1195842000,2913874000,None,None,None,3759166000,37725356000,4363708000,None,70907119,USD,-951493000,-26160000,1609868000,2568250000,-506793000,1462219000,1989785000,96167000,-84935000,3100872000,28785000,-10994000,3468000,-15733000,-5040000,None,-17777000,131081000,6889000,-17777000,None,3100872000,47.66,
1,2020-03-31,USD,135612000,107247000,None,135612000,28365000,24110000,None,None,28365000,None,107247000,None,28365000,10082000,19787000,4255000,147800000,128013000,None,None,None,4255000,None,None,24110000,24110000,None,USD,16642911000,46809000,3108969000,None,14321868000,2321043000,None,12344547000,83611000,643345000,149024000,1002900000,11774334000,1262836000,12344547000,None,None,9765000,312151000,12769726000,13468013000,1271334000,1971195000,11506890000,1316100000,None,None,None,None,83611000,None,643345000,None,None,503837000,None,46365000,None,1316100000,661221000,1977321000,None,None,None,1584322000,16642911000,1262836000,None,33444236,USD,-118171000,13410000,-119367000,997000,526980000,652416000,167451000,34255000,24110000,574132000,41083000,-12060000,2055000,-15840000,-26175000,None,-923000,14491000,2193000,-923000,None,574132000,58.73,47.66
2,2019-12-31,USD,160676000,93527000,None,159206000,None,49091000,None,None,58578000,None,75152000,None,65679000,8460000,20998000,9487000,147454000,126456000,None,None,None,9487000,-7101000,None,49091000,49091000,None,USD,15921092000,80341000,2491219000,108363000,13548079000,2373013000,None,None,84361000,679895000,136976000,1002900000,11738756000,688704000,13214405000,700000000,700000000,1017000,317321000,776603000,2005171000,1320297000,1956047000,None,105626000,12284000,12177096000,None,None,None,None,None,None,None,None,None,None,None,815936000,None,None,None,None,None,1607740000,None,None,None,35000000,USD,-238086000,0,-238086000,-779255000,29667000,155598000,153309000,-23476000,49091000,-30490000,51998000,None,8140000,-15521000,-12534000,None,-643000,30047000,4265000,None,None,None,86.75,58.73
3,2019-09-30,USD,160927000,96364000,None,160927000,64563000,51565000,None,None,64563000,None,96364000,None,64563000,7047000,22628000,12998000,150001000,127373000,None,None,None,12998000,-4093000,None,51565000,51565000,None,USD,15752082000,53083000,2410488000,179593000,13401126000,2350956000,None,12023787000,84757000,646325000,158084000,1002900000,11637010000,719194000,12023787000,None,None,2870000,323506000,12009341000,13179543000,1294973000,1813134000,11290147000,815771000,13662000,12023787000,None,None,84757000,None,646325000,None,None,446012000,None,27844000,None,815771000,561568000,1377339000,None,None,None,1617004000,15752082000,719194000,None,33902726,USD,-155392000,10742000,-155823000,2986000,-28959000,-5727000,101508000,-1278000,51565000,-132777000,28773000,-3361000,1985000,-14684000,-63592000,None,2519000,-34677000,3417000,2519000,None,-132777000,75.3,86.75
4,2019-06-30,USD,161093000,109407000,None,161093000,51686000,41460000,None,None,51686000,None,109407000,None,51686000,7897000,22803000,10226000,149982000,127179000,None,None,None,10226000,-17208000,None,41460000,41460000,None,USD,15683337000,56351000,2414536000,113896000,13309359000,2373978000,None,11922280000,86839000,609444000,157579000,1002900000,11573866000,851971000,11922280000,None,None,1466000,321348000,12078163000,12982175000,1314727000,1717276000,11226192000,816414000,14786000,11922280000,None,None,86839000,None,609444000,None,None,440352000,None,28240000,None,816414000,570665000,1387079000,None,None,None,1676229000,15683337000,851971000,None,34735587,USD,-322515000,48275000,-323784000,3411000,221138000,163421000,3308000,32497000,41460000,-97620000,62743000,-9775000,-6901000,-14050000,-46975000,None,-1685000,-8631000,4680000,-1685000,None,-97620000,73.67,75.3
5,2019-03-31,USD,153837000,98239000,None,153837000,55598000,44367000,None,None,55598000,None,98239000,None,55598000,7955000,20123000,11231000,143390000,123267000,None,None,None,11231000,-6681000,None,44367000,44367000,None,USD,15406887000,59619000,2263896000,41597000,13030410000,2376477000,None,11918971000,88421000,582034000,125033000,1002900000,31884000,949591000,11918971000,None,None,-13374000,322553000,12095713000,12629770000,1313958000,1466249000,11146122000,616250000,11852000,11918971000,None,None,88421000,None,582034000,None,None,410570000,None,31884000,None,616250000,495189000,1111439000,None,None,None,1719396000,15406887000,949591000,None,35368521,USD,-74949000,7098000,-77360000,1025000,356240000,580454000,272038000,-17244000,44367000,540608000,37514000,-18339000,10226000,-13441000,-34383000,None,-968000,-4870000,3436000,-968000,None,540608000,68.34,73.67
6,2018-12-31,USD,155337000,93701000,21210000,155337000,61636000,49004000,0,0,61636000,0,93701000,None,61636000,7669000,17476000,None,None,None,991000,0,0,12632000,-5708000,0,49004000,49004000,None,USD,14676328000,62900000,None,23225000,12310032000,2366296000,None,11646933000,89574000,551108000,121996000,1002900000,11343264000,408983000,11646933000,7000,7000,-24881000,241076000,10937095000,12527608000,1300496000,None,10528112000,266084000,11792000,11646933000,None,None,89574000,None,551108000,None,None,395708000,None,37128000,None,266084000,397015000,663099000,None,None,None,1750495000,14676328000,408983000,None,35829549,USD,-56983000,-17597000,-59616000,2401000,140949000,101362000,33058000,-16435000,49004000,101674000,59928000,-2694000,10703000,-13051000,-59594000,None,None,21700000,5034000,-1188000,None,101674000,59.95,68.34
7,2018-09-30,USD,157199000,100294000,18388000,157199000,56905000,47082000,0,0,56905000,0,100294000,None,56905000,7054000,15271000,None,None,None,0,0,0,9823000,-10519000,0,47082000,47082000,None,USD,14522215000,66437000,None,34052000,12154076000,2368139000,0,11613875000,91808000,515155000,135042000,1002900000,11240296000,307309000,11613875000,919000,919000,-44509000,241909000,11216490000,12460106000,1298802000,0,10909181000,115919000,12531000,11613875000,0,0,91808000,0,515155000,0,None,395611000,None,47943000,None,115919000,424282000,540201000,None,None,None,1805685000,14522215000,307309000,None,36723238,USD,-61030000,11344000,-55318000,7948000,-52273000,-97819000,-24414000,8459000,47082000,-89540000,63597000,-16611000,10692000,-12855000,-8277000,37834000,0,12148000,2236000,-1058000,None,-89540000,82.0,59.95
8,2018-06-30,USD,162609000,110506000,16648000,162609000,52103000,40459000,0,0,52103000,0,110506000,None,52103000,7644000,12170000,None,None,None,0,-11296000,0,11644000,-22132000,0,40459000,40459000,None,USD,14566488000,69975000,None,37268000,12218121000,2348367000,0,11638289000,92064000,480928000,124012000,1002722000,11155298000,396849000,11638289000,455820000,455820000,-36071000,245288000,12824944000,10815036000,1275670000,1597727000,10830368000,115754000,17706000,11638289000,0,0,92064000,0,480928000,0,None,390038000,None,48853000,None,115754000,464078000,579832000,None,None,None,1811446000,14566488000,1994576000,None,36825556,USD,-138542000,2080000,-140983000,1212000,-125606000,-161113000,-24197000,-2298000,40459000,-247655000,54441000,-12391000,10963000,-12513000,1203000,34126000,0,15906000,3653000,-2576000,None,-247655000,86.25,82.0
9,2018-03-31,USD,170037000,116426000,11529000,170037000,53611000,42326000,0,0,53611000,0,116426000,None,53611000,7008000,9075000,None,None,None,0,11296000,0,11285000,-17633000,0,42326000,42326000,None,USD,14689109000,70376000,None,42990000,12366530000,2322579000,0,11663098000,91958000,452982000,124175000,999592000,10959634000,644504000,11663098000,579257000,579257000,-30350000,253605000,12948902000,10632211000,1252611000,1665590000,10638808000,215589000,11502000,11663098000,0,0,91958000,0,452982000,0,None,376495000,None,46736000,None,215589000,487843000,703432000,None,None,None,1807989000,14689109000,2310094000,None,36783438,USD,-25145000,9605000,-26232000,2528000,70716000,187364000,130332000,16346000,42326000,266877000,105745000,4631000,10905000,-12138000,-1546000,28415000,1553000,36725000,3615000,1553000,None,266877000,85.3,86.25
10,2017-12-31,USD,147564000,104602000,9358000,147564000,42962000,2421000,0,0,42962000,0,104602000,None,42962000,25978000,12922000,None,None,None,0,-7199000,0,40541000,-65501000,0,2421000,2421000,None,USD,14466589000,73789000,None,71190000,12157669000,2308920000,0,11532766000,91899000,419847000,121661000,999586000,3175887000,377627000,11532766000,7000,7000,-10427000,255565000,2052685000,10646307000,1235545000,1673769000,1289000,216385000,82093000,11532766000,0,0,91899000,0,419847000,0,None,394044000,None,45902000,None,216385000,408518000,624903000,None,None,None,1807601000,14466589000,2051396000,None,36759656,USD,11282000,-6998000,127609000,122395000,-213020000,-203873000,19367000,-26190000,2421000,-26307000,49957000,-7981000,9459000,-9667000,-553000,63468000,0,54779000,6068000,-1723000,None,-26307000,87.15,85.3
11,2017-09-30,USD,134297000,81574000,6154000,134297000,52723000,35046000,0,0,52723000,0,81574000,None,52723000,9645000,344000,None,None,None,0,110467000,0,17677000,0,0,35046000,35046000,None,USD,11169110000,50472000,None,47071000,9536285000,1632825000,0,9062021000,73168000,427093000,99858000,597236000,2283978000,403934000,9062021000,374931000,374931000,-3788000,198146000,10009145000,8269525000,985117000,1336796000,8268415000,83307000,59848000,9062021000,0,0,73168000,0,427093000,0,None,271337000,None,41664000,None,83307000,390957000,474264000,None,None,None,1136352000,11169110000,1740730000,None,29267369,USD,-62982000,12760000,-63747000,2235000,-57920000,-36947000,30367000,4343000,35046000,-27956000,72738000,-5662000,8696000,-9659000,265000,17036000,0,22931000,3000000,-1033000,None,-27956000,90.05,87.15
12,2017-06-30,USD,134292000,86539000,6061000,134292000,47753000,31823000,0,0,47753000,0,86539000,None,47753000,-15937000,124000,None,None,None,0,-79789000,0,15930000,0,0,31823000,31823000,None,USD,11154441000,52966000,None,66745000,9548956000,1605485000,0,9031654000,73148000,401706000,85137000,595817000,2299881000,431890000,9031654000,432554000,432554000,-3697000,201539000,9975380000,8206701000,956702000,1358894000,8184596000,98147000,80425000,9031654000,0,0,73148000,0,401706000,0,None,266713000,None,39921000,None,98147000,419155000,517302000,None,None,None,1134328000,11154441000,1790784000,None,24259264,USD,-229595000,9048000,-226051000,5420000,-28415000,-39114000,-1784000,9310000,31823000,-231236000,33929000,-1341000,8630000,-9651000,736000,0,558000,-13585000,1876000,-646000,None,-231236000,85.7,90.05
13,2017-03-31,USD,130090000,104723000,7331000,130090000,25367000,18264000,0,0,25367000,0,104723000,None,25367000,6214000,3624000,None,None,None,0,21024000,0,7103000,0,0,18264000,18264000,None,USD,11150070000,55461000,None,47538000,9570170000,1579900000,0,9033438000,73077000,379534000,76313000,595711000,2347604000,663126000,9033438000,460419000,460419000,-4884000,203505000,9975580000,7915828000,928728000,1400609000,7911845000,107988000,66995000,9033438000,0,0,73077000,0,379534000,0,None,272755000,None,43075000,None,107988000,428744000,536732000,None,None,None,1132173000,11150070000,2063735000,None,24230734,USD,31629000,-6723000,101289000,73879000,-19386000,146123000,178095000,4345000,18264000,288678000,41266000,-3668000,8772000,-9646000,-2940000,16519000,1204000,23417000,4219000,1204000,None,288678000,89.35,85.7
14,2016-12-31,USD,112808000,75240000,2709000,112808000,37568000,24177000,0,0,37568000,0,75240000,None,37568000,34984000,6282000,None,None,None,0,7738000,0,13391000,-28161000,0,24177000,24177000,None,USD,8900592000,39848000,None,51122000,7766004000,1134588000,0,7334423000,60576000,370916000,62450000,338340000,1630420000,374448000,7334423000,369810000,369810000,-8211000,183510000,7467169000,6693898000,756400000,1014981000,6077740000,55358000,68888000,7334423000,0,0,60576000,0,370916000,0,None,224444000,None,31123000,None,55358000,376223000,431581000,None,None,None,711307000,8900592000,1389429000,None,24230392,USD,-249741000,-8020000,-251036000,6181000,8503000,92474000,91181000,-3189000,24177000,-133069000,25493000,-1433000,6880000,-7751000,541000,0,0,5006000,7476000,-1117000,None,-133069000,87.4,89.35
15,2016-09-30,USD,115673000,73191000,2947000,115673000,42482000,28095000,0,0,42482000,0,73191000,None,42482000,-15676000,54000,None,None,None,0,1301000,0,14387000,0,0,28095000,28095000,None,USD,8797165000,403142000,None,None,7673033000,1124132000,0,7247406000,60523000,354490000,65053000,338340000,1541867000,507517000,7247406000,360574000,360574000,3995000,179450000,7979014000,6546120000,785792000,941707000,6529790000,55306000,79263000,7247406000,0,0,60523000,0,354490000,0,None,258674000,None,25357000,None,55306000,370321000,425627000,None,None,None,705124000,8797165000,1449224000,None,24209122,USD,-51708000,7578000,-54412000,3235000,-35797000,40352000,83480000,4087000,28095000,25605000,39665000,-956000,6839000,-7505000,174000,0,0,-2580000,5939000,689000,None,25605000,75.04,87.4
16,2016-06-30,USD,110790000,73854000,4710000,110790000,36936000,24516000,0,0,36936000,0,73854000,None,36936000,4620000,-232000,None,None,None,0,-958000,0,12420000,0,0,24516000,24516000,None,USD,8723993000,404319000,None,None,7619650000,1104343000,0,7163926000,60488000,333900000,59406000,338340000,1612121000,481912000,7163926000,396318000,396318000,6510000,177950000,7869629000,48926000,766003000,1007060000,6380657000,55254000,71353000,7163926000,0,0,60488000,0,333900000,0,None,263233000,None,25915000,None,55254000,400470000,455724000,None,None,None,703445000,8723993000,1488972000,None,24195226,USD,-263379000,-1543000,-265331000,4645000,29021000,23973000,1982000,-6988000,24516000,-215365000,25993000,-3450000,11255000,-7258000,228000,0,0,-4624000,6597000,-161000,None,-215365000,68.05,75.04
17,2016-03-31,USD,109086000,72030000,4770000,109086000,37056000,24494000,0,0,37056000,0,72030000,None,37056000,0,2213000,None,None,None,0,0,0,12562000,0,0,24494000,24494000,None,USD,8670757000,407558000,None,None,7588703000,1082054000,0,7161948000,60445000,316642000,59511000,338340000,1606954000,697277000,7161948000,None,None,3505000,176412000,7822011000,34933000,743714000,995506000,6129228000,55210000,60886000,7161948000,0,0,60445000,0,316642000,0,None,267016000,None,32045000,None,55210000,371545000,426755000,None,None,None,701462000,8670757000,1692783000,None,24177833,USD,-121578000,10327000,-120140000,7222000,23801000,74763000,61528000,None,24494000,1483000,46860000,-9055000,8760000,-6771000,-3795000,6593000,0,13281000,5784000,-947000,None,1483000,64.23,68.05
18,2015-12-31,USD,109803000,71881000,3170000,109803000,37922000,25535000,0,0,37922000,0,71881000,None,37922000,30769000,7782000,None,None,None,0,6945000,0,12387000,-29578000,0,25535000,25535000,None,USD,8557348000,338340000,None,42399000,7497964000,1059384000,0,7100428000,60407000,298919000,54147000,338340000,1644770000,695794000,7100428000,344107000,344107000,-3871000,174537000,7693586000,41649000,721044000,1027748000,5970044000,55158000,72203000,7100428000,0,0,60407000,0,298919000,0,None,271409000,None,37827000,None,55158000,342378000,397536000,None,None,None,703929000,8557348000,1723542000,None,24162657,USD,-132850000,-8512000,-270495000,-134097000,27710000,39926000,22422000,-636000,25535000,-193586000,36983000,-1869000,6888000,-6297000,-3909000,19770000,0,15410000,3548000,-469000,None,-193586000,71.95,64.23
19,2015-09-30,USD,111711000,73194000,3621000,111711000,38517000,25140000,0,0,38517000,0,73194000,None,38517000,0,57000,None,None,None,0,0,0,13377000,0,0,25140000,25140000,None,USD,8499876000,338342000,None,None,7451564000,1048312000,0,7078009000,60529000,279681000,57927000,338342000,1519825000,889380000,7078009000,None,None,1875000,174662000,7629169000,48985000,709970000,904143000,5835646000,55107000,80363000,7078009000,0,0,60529000,0,279681000,0,None,268628000,None,40090000,None,55107000,318448000,373555000,None,None,None,706227000,8499876000,1793523000,None,24211793,USD,-40539000,6496000,278655000,323440000,-27383000,-61011000,-27808000,None,25140000,295998000,78354000,11026000,6256000,-6050000,230000,12961000,0,29407000,4246000,29000,None,295998000,76.87,71.95
