,fiscalDateEnding,reportedCurrency_x,totalRevenue,totalOperatingExpense,costOfRevenue,grossProfit,ebit,netIncome_x,researchAndDevelopment,effectOfAccountingCharges,incomeBeforeTax,minorityInterest,sellingGeneralAdministrative,otherNonOperatingIncome,operatingIncome,otherOperatingExpense,interestExpense,taxProvision,interestIncome,netInterestIncome,extraordinaryItems,nonRecurring,otherItems,incomeTaxExpense,totalOtherIncomeExpense,discontinuedOperations,netIncomeFromContinuingOperations,netIncomeApplicableToCommonShares,preferredStockAndOtherAdjustments,reportedCurrency_y,totalAssets,intangibleAssets,earningAssets,otherCurrentAssets,totalLiabilities,totalShareholderEquity,deferredLongTermLiabilities,otherCurrentLiabilities,commonStock,retainedEarnings,otherLiabilities,goodwill,otherAssets,cash,totalCurrentLiabilities,shortTermDebt,currentLongTermDebt,otherShareholderEquity,propertyPlantEquipment,totalCurrentAssets,longTermInvestments,netTangibleAssets,shortTermInvestments,netReceivables,longTermDebt,inventory,accountsPayable,totalPermanentEquity,additionalPaidInCapital,commonStockTotalEquity,preferredStockTotalEquity,retainedEarningsTotalEquity,treasuryStock,accumulatedAmortization,otherNonCurrrentAssets,deferredLongTermAssetCharges,totalNonCurrentAssets,capitalLeaseObligations,totalLongTermDebt,otherNonCurrentLiabilities,totalNonCurrentLiabilities,negativeGoodwill,warrants,preferredStockRedeemable,capitalSurplus,liabilitiesAndShareholderEquity,cashAndShortTermInvestments,accumulatedDepreciation,commonStockSharesOutstanding,reportedCurrency,investments,changeInLiabilities,cashflowFromInvestment,otherCashflowFromInvestment,netBorrowings,cashflowFromFinancing,otherCashflowFromFinancing,changeInOperatingActivities,netIncome_y,changeInCash,operatingCashflow,otherOperatingCashflow,depreciation,dividendPayout,stockSaleAndPurchase,changeInInventory,changeInAccountReceivables,changeInNetIncome,capitalExpenditures,changeInReceivables,changeInExchangeRate,changeInCashAndCashEquivalents,clossingVal,nextClossingVal
0,2020-06-30,USD,4030000,5645000,2066000,1964000,-587000,-1680000,247000,None,-1633000,None,3332000,None,-1615000,None,18000,47000,None,-18000,None,None,None,47000,None,None,-1680000,-1680000,None,USD,46210000,7050000,None,None,19432000,26778000,None,None,34000,-217276000,206000,8803000,314000,11231000,16601000,None,8074000,None,6154000,23889000,None,10925000,None,1361000,1729000,3470000,2451000,None,None,None,None,None,None,None,314000,None,22321000,1249000,None,71000,2831000,None,None,None,None,None,None,None,None,USD,-134000,-565000,-134000,None,2528000,None,None,-504000,-1680000,2997000,603000,None,1028000,None,None,1000,1777000,546000,134000,None,None,None,1.15,
1,2020-03-31,USD,6730000,5347000,2331000,4399000,-948000,-1035000,292000,None,-947000,None,5055000,None,-948000,None,-1000,88000,1000,1000,None,None,None,88000,None,None,-1035000,-1018000,None,USD,46047000,7503000,None,7968000,17999000,28048000,88000,2277000,34000,-215596000,207000,8803000,330000,8150000,16804000,7275000,7275000,None,5379000,22797000,None,11742000,None,3208000,None,3471000,7252000,None,None,34000,None,-215596000,None,None,1565000,None,23250000,1331000,None,1107000,1195000,None,None,None,243610000,46047000,8150000,None,33714362,USD,-596000,179000,-596000,-596000,2528000,None,None,-60000,-1035000,2000,598000,-836000,1038000,None,None,-444000,1176000,520000,596000,1176000,None,2000,0.95,1.15
2,2019-12-31,USD,8898000,6183000,2772000,6126000,-471000,-515000,214000,None,-553000,None,5969000,-414000,-57000,None,82000,-38000,-82000,-82000,None,None,None,-38000,-414000,None,-515000,-534000,None,USD,47343000,7955000,None,8013000,18690000,28653000,None,10420000,33000,-214561000,178000,8803000,347000,8129000,17434000,7275000,7275000,None,5369000,23555000,None,11894000,None,4386000,None,3027000,7014000,None,None,33000,1000,-214561000,None,None,1661000,None,23788000,1391000,None,1256000,1256000,None,None,None,243180000,47343000,8129000,None,32932273,USD,-1416000,232000,-1416000,None,-296000,-296000,None,54000,-515000,-599000,1113000,None,1144000,None,None,559000,-775000,347000,1416000,None,None,None,2.08,0.95
3,2019-09-30,USD,7480000,5354000,2855000,4625000,-729000,-860000,249000,None,-882000,None,5105000,None,-729000,None,153000,-22000,-153000,-153000,None,None,None,-22000,-153000,None,-860000,-840000,None,USD,47517000,8407000,None,525000,18661000,28856000,None,2731000,33000,-214046000,327000,8803000,363000,16228000,12189000,2524000,2524000,None,4568000,23984000,None,11645000,None,3645000,4980000,3586000,6934000,None,None,33000,1000,-214046000,None,None,1755000,None,23533000,1413000,4980000,1492000,6472000,None,None,None,242868000,47517000,16228000,None,32903287,USD,-423000,97000,-423000,None,-296000,-296000,None,158000,-860000,287000,710000,None,1183000,None,None,21000,-176000,249000,423000,None,None,None,2.15,2.08
4,2019-06-30,USD,7725000,8708000,2815000,4910000,214000,-1082000,235000,None,-1128000,None,5658000,None,-983000,None,145000,-46000,-145000,-145000,None,None,None,-46000,-145000,None,-1082000,-1082000,None,USD,47967000,8860000,None,630000,18508000,29459000,22000,2486000,34000,-213186000,405000,8803000,376000,15941000,11137000,1767000,1767000,None,6274000,23654000,None,11796000,None,3476000,5699000,3607000,2091000,None,None,33000,1000,-213186000,None,None,376000,None,24313000,1506000,5699000,383000,7371000,None,None,None,242611000,47967000,15941000,None,31000000,USD,-518000,275000,-518000,None,-296000,-296000,None,-224000,-1082000,-448000,70000,None,1197000,None,None,-486000,90000,265000,518000,None,None,None,2.49,2.15
5,2019-03-31,USD,7483000,5850000,2874000,4609000,-1241000,-1333000,304000,None,-1376000,None,5546000,None,-1241000,None,135000,-43000,-135000,-135000,None,None,None,-43000,-135000,None,-1333000,-1216000,None,USD,47739000,9312000,None,430000,17501000,30238000,69000,2356000,31000,-212104000,466000,8803000,392000,16389000,10135000,1010000,1010000,None,4962000,23515000,None,12122000,None,3575000,6421000,3121000,6769000,None,None,31000,1000,-212104000,None,None,1147000,None,24224000,772000,6421000,876000,7366000,None,None,None,242310000,47739000,16389000,None,31120608,USD,-434000,514000,-434000,-434000,-296000,-296000,None,299000,-1333000,-98000,336000,123000,1238000,None,None,-327000,-175000,296000,434000,-175000,None,-98000,2.85,2.49
6,2018-12-31,USD,7964000,5588000,2892000,5072000,-217000,3703000,234000,None,-429000,None,5354000,299000,-516000,None,212000,-264000,None,None,None,None,None,-264000,-191000,None,-165000,4827000,None,USD,47507000,9765000,None,536000,16259000,31248000,111000,2099000,30000,-210771000,499000,8803000,428000,16487000,8615000,252000,252000,None,5301000,23210000,None,12679000,None,3393000,7145000,2794000,6264000,None,None,30000,1000,-210771000,None,None,428000,None,24297000,None,7145000,388000,7644000,None,None,None,241988000,47507000,16487000,None,29943086,USD,None,627000,-502000,-495000,None,11307000,-2336000,280000,-165000,599000,1101000,306000,1438000,None,17000000,-306000,-583000,-216000,7000,-583000,None,599000,2.6,2.85
7,2018-09-30,USD,7892000,4895000,3049000,4843000,-131000,-580000,224000,None,-370000,None,4671000,-79000,-52000,None,239000,None,None,None,None,None,None,-80000,-318000,None,-290000,-580000,None,USD,46190000,9867000,None,670000,12813000,33377000,392000,327000,30000,-233508000,660000,8803000,48000,15888000,4791000,104000,None,None,5698000,21774000,None,14706000,None,2728000,7362000,2488000,4360000,None,None,30000,1000,-233508000,None,None,48000,None,24416000,None,7362000,268000,8022000,None,None,None,266854000,46190000,15888000,None,29943086,USD,None,652000,-369000,-369000,-51000,-51000,-2336000,530000,-290000,1443000,1863000,93000,1294000,None,None,-75000,-349000,538000,369000,-349000,None,1443000,3.54,2.6
8,2018-06-30,USD,7533000,4980000,3499000,4034000,-987000,-2710000,269000,None,-1315000,None,4711000,-41000,-946000,None,328000,None,None,None,None,None,None,40000,-875000,None,-1355000,-2710000,None,USD,45652000,10270000,None,828000,12352000,33300000,493000,393000,30000,-233218000,780000,8803000,48000,14445000,4251000,51000,7372000,None,6271000,20260000,None,14226000,0,2574000,7321000,2413000,3807000,0,0,30000,1000,-233218000,0,None,48000,None,25392000,None,7321000,287000,8101000,None,None,None,266487000,45652000,14445000,None,29735498,USD,None,-1250000,-509000,-509000,-3201000,11665000,202000,314000,-1355000,11028000,-128000,241000,1370000,0,14664000,616000,60000,190000,510000,60000,None,11028000,2.05,3.54
9,2018-03-31,USD,6466000,5012000,3295000,3171000,-1820000,-4446000,338000,None,-2183000,None,4674000,21000,-1841000,None,363000,None,None,None,None,None,None,40000,-568000,None,-2223000,-4446000,None,USD,36755000,10672000,None,1379000,16948000,19807000,454000,440000,4000,-231863000,1103000,8803000,48000,3417000,8976000,3662000,3410000,None,6916000,10316000,None,328000,0,2491000,6869000,3029000,4874000,0,0,4000,4000,-231863000,0,None,48000,None,26439000,None,6869000,649000,7972000,None,None,None,251662000,36755000,3417000,None,4379425,USD,None,404000,-405000,-399000,-105000,-307000,-202000,-561000,-2223000,-652000,60000,-669000,1452000,0,0,-20000,650000,466000,6000,650000,None,-652000,1.17,2.05
10,2017-12-31,USD,7995000,5139000,4316000,3679000,-1424000,-1720000,402000,0,-1772000,0,4737000,36000,-1460000,0,348000,None,None,None,0,0,0,-52000,-1008000,0,-1720000,-1720000,None,USD,38631000,11325000,None,533000,16386000,22245000,417000,291000,4000,-229406000,861000,8803000,48000,4069000,7672000,2744000,2387000,None,7703000,10752000,None,2113000,0,3141000,7853000,3009000,4637000,0,0,4000,4000,-229406000,0,None,48000,None,27879000,None,7853000,444000,8714000,None,None,None,251643000,38631000,4069000,None,4304425,USD,None,763000,-308000,-309000,-642000,-642000,-202000,580000,-1720000,944000,1894000,265000,1558000,0,0,523000,54000,451000,1000,54000,-2000,942000,1.23,1.17
11,2017-09-30,USD,7480000,4776000,3276000,4204000,-12290000,-13671000,411000,0,-13633000,0,4365000,-11718000,-572000,0,1343000,None,None,None,0,0,0,38000,-1523000,0,-13671000,-13671000,None,USD,39864000,12302000,None,209000,15947000,23917000,567000,350000,3000,-227686000,440000,8803000,21153000,3127000,6126000,1970000,1936000,2000,8658000,10053000,None,2808000,0,3184000,8842000,3533000,3806000,0,0,3000,4000,-227686000,0,None,48000,None,29811000,None,8842000,412000,9821000,None,None,None,251594000,39864000,3127000,None,2477743,USD,None,-418000,-400000,-285000,-960000,-960000,-202000,140000,-13671000,-811000,549000,123000,2384000,0,0,-46000,130000,11900000,115000,277000,None,-811000,1.77,1.23
12,2017-06-30,USD,8702000,5220000,3173000,5529000,443000,-1205000,423000,0,-1132000,0,4797000,134000,309000,0,1575000,None,None,None,0,0,0,73000,483000,0,-1205000,-1205000,None,USD,42902000,13298000,None,373000,31288000,11614000,588000,413000,3000,-214015000,833000,8803000,22148000,3938000,8440000,3566000,25102000,2000,9396000,11358000,None,-10487000,0,3560000,21536000,3487000,4461000,0,0,3000,0,-214015000,0,None,47000,None,31544000,None,21536000,724000,22848000,None,None,None,225624000,42902000,3938000,None,2477743,USD,None,122000,-603000,-597000,-101000,-101000,-202000,425000,-1205000,175000,879000,431000,2622000,0,0,-817000,147000,-25000,6000,-249000,None,175000,2.43,1.77
13,2017-03-31,USD,7272000,5226000,2733000,4539000,-819000,-2235000,475000,0,-2165000,0,4751000,-132000,-687000,0,1346000,None,None,None,0,0,0,70000,767000,0,-2235000,-2235000,None,USD,43207000,13858000,None,804000,30615000,12592000,656000,334000,2000,-212810000,989000,8803000,22707000,3763000,7564000,2810000,2810000,2000,9975000,10525000,None,-10070000,0,3288000,21643000,2670000,4420000,0,0,2000,1000,-212810000,0,None,46000,None,32682000,None,21643000,752000,23051000,None,None,None,225397000,43207000,3763000,None,2181898,USD,None,428000,-883000,-683000,-100000,-100000,None,-188000,-2235000,-165000,818000,-188000,2320000,0,0,147000,102000,244000,200000,102000,None,-165000,0.61,2.43
14,2016-12-31,USD,8631000,5222000,3005000,5626000,506000,-887000,388000,0,-823000,0,4834000,102000,404000,0,1329000,None,None,None,0,0,0,64000,4945000,0,-887000,-887000,None,USD,43193000,13412000,None,617000,28474000,14719000,464000,235000,11000,-210575000,202000,8803000,22261000,3928000,6133000,2053000,1714000,2000,10180000,10752000,None,-7497000,0,3390000,21780000,2817000,3845000,0,0,11000,1000,-210575000,0,None,46000,None,32441000,None,21780000,97000,22341000,None,None,None,225280000,43193000,3928000,None,10834490,USD,None,392000,-401000,-401000,-34000,-34000,None,91000,-887000,971000,1406000,22000,2229000,0,6000000000,412000,558000,-279000,1008000,-483000,None,971000,0.44,0.61
15,2016-09-30,USD,7767000,5102000,3070000,4697000,-270000,-1509000,382000,0,-1445000,0,4720000,135000,-405000,0,1175000,None,None,None,0,0,0,64000,-1945000,0,-1509000,-1509000,None,USD,42950000,13865000,None,266000,27073000,15877000,484000,327000,11000,-209688000,206000,8803000,22714000,2957000,4621000,857000,None,2000,10848000,9388000,None,-6792000,0,2936000,21947000,3229000,3437000,0,0,11000,1000,-209688000,0,None,46000,None,33562000,None,21947000,21000,22452000,None,None,None,225551000,42950000,2957000,None,10732804,USD,None,-532000,-279000,-279000,-92000,-92000,None,None,-1509000,119000,490000,5218000,2157000,0,0,525000,1041000,-5135000,607000,-234000,-3000,116000,0.53,0.44
16,2016-06-30,USD,7739000,6058000,3139000,4600000,1737000,498000,634000,0,559000,0,5424000,3195000,-1458000,0,1178000,None,None,None,0,0,0,61000,-2483000,0,498000,498000,None,USD,44406000,14319000,None,252000,27134000,17272000,556000,204000,11000,-208179000,332000,8803000,23216000,2841000,4394000,93000,None,3000,11635000,9555000,None,-5851000,0,2708000,22169000,3754000,4097000,0,0,11000,1000,-208179000,0,None,94000,None,34851000,None,22169000,15000,22740000,None,None,None,225436000,44406000,2841000,None,10612804,USD,None,-1075000,-6000,-6000,-102000,-102000,None,None,498000,-286000,-178000,-3119000,2282000,0,0,398000,1275000,345000,328000,493000,7000,-279000,0.61,0.53
17,2016-03-31,USD,7620000,6336000,3422000,4198000,-153000,-1437000,525000,0,-1371000,0,5811000,1985000,-2138000,0,1218000,None,None,None,0,0,0,66000,0,0,-1437000,-1437000,None,USD,47509000,14773000,None,377000,32477000,15032000,5236000,225000,11000,-208677000,5084000,8928000,23795000,3120000,5562000,195000,None,1000,12818000,10896000,None,-8670000,0,3247000,21652000,4152000,5142000,0,0,11000,1000,-208677000,0,None,94000,None,36613000,None,21652000,27000,26915000,None,None,None,223696000,47509000,3120000,None,10503393,USD,None,-1461000,-182000,-182000,1395000,1395000,None,None,-1437000,-183000,-1396000,-1897000,2371000,0,0,-24000,782000,270000,197000,782000,None,-183000,0.945,0.61
18,2015-12-31,USD,9480000,7503135,3492120,5696000,985458,-593579,1037126,0,-474579,0,6466009,2500913,-1515455,0,1462000,None,None,None,0,0,0,119000,-9729000,0,-593579,-593579,None,USD,51372000,15227000,None,465000,35285000,16087000,7161000,173000,10000,-207240000,7104000,8928000,25542000,3303000,7079000,299000,19989000,1000,13851000,11979000,None,-8068000,15000,4068000,20983000,4128000,6607000,0,0,10000,1000,-207240000,0,None,94000,None,1293000,None,20983000,62000,28206000,None,None,None,223315000,51372000,3318000,None,2000000,USD,None,360000,-641000,-606000,324000,324000,-134000,-127000,-593000,143000,460000,-2226000,2629000,0,0,-213000,-186000,389000,35000,114000,-9000,134000,1.11,0.945
19,2015-09-30,USD,8323000,7604000,3042000,5281000,-3657000,-9234000,471000,0,-9234000,0,7133000,-1334000,-2323000,0,5577000,None,None,None,0,0,0,0,0,0,-9234000,-12196000,2962000,USD,52154000,15680000,None,596000,36278000,15876000,9535000,267000,10000,-206647000,9638000,8928000,25731000,3269000,15267000,8887000,None,10000,14461000,11962000,None,-8733000,100000,4182000,11373000,3915000,6113000,0,0,10000,1000,-206647000,0,None,94000,None,1029000,None,11373000,103000,21011000,None,None,None,222502000,52154000,3269000,None,9887358,USD,None,-236000,-960000,-960000,85000,-49000,None,None,-9234000,-2399000,-1390000,1328000,6770000,0,-134000,-5324000,0,5845000,1083000,-539000,15000,-2384000,1.14,1.11
