,fiscalDateEnding,reportedCurrency_x,totalRevenue,totalOperatingExpense,costOfRevenue,grossProfit,ebit,netIncome_x,researchAndDevelopment,effectOfAccountingCharges,incomeBeforeTax,minorityInterest,sellingGeneralAdministrative,otherNonOperatingIncome,operatingIncome,otherOperatingExpense,interestExpense,taxProvision,interestIncome,netInterestIncome,extraordinaryItems,nonRecurring,otherItems,incomeTaxExpense,totalOtherIncomeExpense,discontinuedOperations,netIncomeFromContinuingOperations,netIncomeApplicableToCommonShares,preferredStockAndOtherAdjustments,reportedCurrency_y,totalAssets,intangibleAssets,earningAssets,otherCurrentAssets,totalLiabilities,totalShareholderEquity,deferredLongTermLiabilities,otherCurrentLiabilities,commonStock,retainedEarnings,otherLiabilities,goodwill,otherAssets,cash,totalCurrentLiabilities,shortTermDebt,currentLongTermDebt,otherShareholderEquity,propertyPlantEquipment,totalCurrentAssets,longTermInvestments,netTangibleAssets,shortTermInvestments,netReceivables,longTermDebt,inventory,accountsPayable,totalPermanentEquity,additionalPaidInCapital,commonStockTotalEquity,preferredStockTotalEquity,retainedEarningsTotalEquity,treasuryStock,accumulatedAmortization,otherNonCurrrentAssets,deferredLongTermAssetCharges,totalNonCurrentAssets,capitalLeaseObligations,totalLongTermDebt,otherNonCurrentLiabilities,totalNonCurrentLiabilities,negativeGoodwill,warrants,preferredStockRedeemable,capitalSurplus,liabilitiesAndShareholderEquity,cashAndShortTermInvestments,accumulatedDepreciation,commonStockSharesOutstanding,reportedCurrency,investments,changeInLiabilities,cashflowFromInvestment,otherCashflowFromInvestment,netBorrowings,cashflowFromFinancing,otherCashflowFromFinancing,changeInOperatingActivities,netIncome_y,changeInCash,operatingCashflow,otherOperatingCashflow,depreciation,dividendPayout,stockSaleAndPurchase,changeInInventory,changeInAccountReceivables,changeInNetIncome,capitalExpenditures,changeInReceivables,changeInExchangeRate,changeInCashAndCashEquivalents,clossingVal,nextClossingVal
0,2020-06-30,USD,357576000,27671000,329381000,28195000,-2000,-30542000,None,None,-24027000,None,1026000,-1552000,1550000,26645000,22999000,-6515000,None,-22999000,None,None,None,6515000,-4106000,-4531000,-30542000,-30542000,None,USD,3547845000,1033334000,None,170522000,2572649000,864429000,29395000,47361000,1630000,-163092000,329000000,1226222000,32688000,98933000,291602000,103552000,10612000,-97176000,369869000,616577000,13357000,-1284360000,None,347122000,1952047000,None,140689000,None,None,1630000,None,-163092000,None,None,275152000,None,13334000,111582000,1952047000,299605000,2281047000,None,None,None,1123067000,3547845000,98933000,None,None,USD,-2274000,None,-4655000,8359000,-127653000,-136694000,-4890000,None,-22043000,-80791000,60558000,44916000,26075000,-4151000,None,None,29073000,2468000,10740000,None,None,-80791000,8.75,
1,2020-03-31,USD,429473000,28941000,386878000,42595000,15794000,-11809000,None,None,-11030000,None,1026000,1114000,14680000,27915000,25798000,779000,-25798000,-25798000,None,None,None,779000,-6255000,-4611000,-11809000,-11809000,None,USD,3695675000,1047791000,None,89774000,2688408000,886134000,34575000,35297000,1628000,-136898000,335905000,1275327000,31671000,179627000,274271000,85616000,10612000,-98081000,377317000,670810000,11434000,-1315851000,None,401409000,2078232000,None,153358000,None,None,1628000,None,-136898000,None,None,301394000,None,11602000,121947000,2078232000,301330000,2414137000,None,None,None,1119485000,3695675000,179627000,None,81000000,USD,-3087000,10926000,-16330000,2967000,172347000,149399000,-18840000,-10934000,-11809000,146770000,13701000,-17838000,27915000,-4108000,None,None,12158000,15433000,16210000,None,None,146770000,7.54,8.75
2,2019-12-31,USD,446399000,28462000,376956000,69443000,42253000,10731000,None,None,13387000,None,1746000,-474000,42727000,26716000,27120000,2822000,-27120000,-27120000,None,None,None,2822000,-4970000,-4611000,10565000,10731000,None,USD,3561353000,1061791000,None,163877000,2539679000,1895669000,19833000,55356000,1620000,-120981000,335781000,1271855000,30910000,32968000,299480000,107294000,10612000,897935000,375904000,577444000,8553000,-1311972000,None,413567000,1904418000,None,136830000,None,None,1620000,None,-120981000,None,None,254004000,11802000,2983909000,123739000,1904418000,315948000,2240199000,None,None,None,1117095000,3561353000,32968000,None,81000000,USD,-418000,-10854000,-10097000,9589000,-22653000,-4968000,21785000,9774000,10565000,-53524000,-38459000,-62653000,26716000,-4100000,0,None,-82389000,-2522000,19268000,None,None,-53524000,15.71,7.54
3,2019-09-30,USD,349788000,24312000,327049000,22739000,2540000,-21929000,None,None,-26068000,166000,2071000,2042000,498000,22241000,26537000,-4305000,-26537000,-26537000,None,None,None,-4305000,-16781000,-4611000,-21763000,-21929000,None,USD,3506491000,1021025000,None,114010000,2492390000,893608000,21041000,29284000,1618000,-127612000,322576000,1323312000,25659000,86507000,244248000,76469000,10650000,-93828000,375942000,534242000,8395000,-1330402000,None,333725000,1925566000,None,138495000,None,None,1618000,None,-127612000,None,None,235118000,8457000,2972249000,120327000,1925566000,301535000,2248142000,None,None,None,1114239000,3506491000,86507000,None,81000000,USD,-838000,2528000,-593283000,-580664000,386593000,381433000,-1006000,718000,-21763000,-210001000,1849000,-19475000,22241000,-4154000,0,None,-10150000,-917000,11781000,None,None,-210001000,13.28,15.71
4,2019-06-30,USD,337351000,21801000,294942000,42409000,22541000,-366000,None,None,2954000,166000,1564000,369000,22172000,20237000,18023000,3320000,-18023000,-18023000,None,None,None,3320000,-5084000,None,-366000,-366000,None,USD,3047725000,724792000,None,341035000,2089838000,917462000,25185000,24769000,1618000,-101529000,333391000,1111247000,27104000,56514000,218598000,72153000,10650000,-94476000,315288000,721124000,7688000,-878152000,None,323575000,1537849000,None,121676000,None,None,1618000,None,-101529000,None,None,159029000,8557000,2326601000,51535000,1537849000,308206000,1871240000,None,None,None,1111849000,3047725000,56514000,None,81000000,USD,-500000,8917000,-593490000,-576436000,857962000,853246000,-636000,6271000,-366000,282106000,22350000,-2073000,20237000,-4080000,0,None,-16448000,4186000,16554000,None,None,282104000,15.29,13.28
5,2019-03-31,USD,291990000,19364000,274058000,17932000,-660000,-6814000,None,None,-11148000,166000,1572000,-800000,140000,17792000,8916000,-4334000,-8916000,-8916000,None,None,None,-4334000,-6963000,None,-6814000,-6814000,None,USD,2173916000,495440000,None,105569000,1219249000,918181000,22061000,37201000,1616000,-97083000,336016000,852362000,122796000,14402000,197916000,63043000,3000000,-94937000,254935000,397499000,7276000,-393135000,None,277528000,685317000,None,97672000,None,None,1616000,None,-97083000,None,None,156547000,9857000,1776417000,37294000,685317000,313955000,1021333000,None,None,None,1108585000,2173916000,14402000,None,81000000,USD,-115000,1200000,-67637000,-54082000,-750000,-11885000,-6511000,-31044000,-6814000,-92714000,-13192000,-33723000,17792000,-4040000,-584000,None,4031000,2739000,13440000,None,None,-92712000,21.0,15.29
6,2018-12-31,USD,367008000,31033000,281628000,85380000,68480000,35953000,0,0,45891000,166000,13446000,687000,67793000,17587000,9143000,None,None,None,-13974000,0,0,9938000,-35884000,-13974000,35953000,21979000,None,USD,2130061000,478953000,None,194271000,1203896000,926165000,25531000,36798000,1614000,-86229000,320073000,834013000,25656000,107114000,198059000,43301000,3000000,-95397000,237927000,475601000,7162000,-386801000,None,281330000,685764000,None,117960000,None,None,1614000,None,-86229000,None,None,87264000,9141000,1654460000,None,685764000,294542000,1005837000,None,None,None,1106984000,2130061000,107114000,None,82000000,USD,-479000,-20613000,-83106000,-68653000,-750000,-6631000,205000,7027000,21979000,-22614000,67123000,16461000,17587000,-4033000,-2053000,None,-12813000,33075000,13974000,None,None,-22614000,15.73,21.0
7,2018-09-30,USD,303227000,19127000,247304000,55923000,39779000,20039000,0,0,27247000,0,3529000,-546000,40325000,15598000,9003000,None,None,None,0,0,0,7208000,-10243000,-908000,20039000,19131000,None,USD,2068030000,411419000,None,176507000,1162378000,905652000,0,50401000,1612000,-104021000,265973000,760098000,35272000,129743000,210193000,41703000,3000000,-99126000,223629000,560932000,7299000,-265865000,0,254682000,686212000,0,118089000,905652000,0,1612000,0,-104021000,0,None,88923000,15730000,1507098000,None,686212000,265973000,952185000,None,None,None,1107993000,2068030000,129743000,None,82000000,USD,-479000,15657000,-14527000,-1240000,-3406000,-32681000,726000,8612000,19131000,4024000,51232000,35816000,15598000,-4140000,-25861000,0,-3954000,-182000,13287000,None,None,4024000,16.5,15.73
8,2018-06-30,USD,283461000,16771000,245610000,37851000,22313000,8662000,0,0,11645000,0,1389000,-156000,22469000,15382000,9279000,None,None,None,0,-3807000,0,2983000,-11699000,-2942000,8662000,5720000,None,USD,2089925000,416915000,None,193109000,1178061000,911864000,0,37598000,1638000,-119012000,290030000,755949000,38637000,125719000,201372000,56137000,5656000,-101442000,218628000,569556000,7351000,-261000000,0,250728000,686659000,0,107637000,911864000,0,1638000,0,-119012000,0,None,104002000,17524000,1520369000,None,686659000,290030000,976689000,None,None,None,1131499000,2089925000,125719000,None,82000000,USD,38000,4585000,-18244000,-3652000,-750000,-3963000,-739000,2127000,5720000,-4666000,17541000,-445000,15382000,-4097000,1623000,0,-14529000,2604000,14630000,None,None,-4666000,13.39,16.5
9,2018-03-31,USD,253474000,16808000,238682000,14792000,-461000,-7945000,0,0,-10608000,-632000,1388000,167000,-628000,15420000,8759000,None,None,None,0,3807000,0,-2031000,-13116000,-18504000,-8577000,-26449000,None,USD,2083982000,418653000,None,194459000,1179294000,904688000,0,36016000,1634000,-120635000,298011000,755949000,41385000,130385000,194177000,58263000,5656000,-102182000,212040000,561043000,7776000,-269914000,0,236199000,687106000,0,99898000,904688000,0,1634000,0,-120635000,0,None,106484000,22037000,1522939000,None,687106000,298011000,985117000,None,None,None,1126688000,2083982000,130385000,None,82000000,USD,-117000,4251000,-11607000,-128000,-750000,-11722000,-2672000,-15675000,-27081000,-18314000,5015000,-15782000,15420000,-4125000,-4175000,0,9166000,5377000,11362000,None,None,-18314000,11.99,13.39
10,2017-12-31,USD,256975000,1264343000,225779000,266520000,96643000,6962000,0,0,10953000,-7940000,0,None,16270000,188146000,8534000,None,None,None,0,-74263000,0,-1699000,-56384000,957000,51931000,12971000,None,USD,2129548000,425975000,None,211470000,1192063000,936853000,0,36974000,1632000,-90061000,293656000,755949000,1314019000,148699000,210788000,63832000,5656000,-102922000,209995000,605534000,7699000,-245071000,0,245365000,687619000,0,109982000,937485000,1129020000,1632000,0,-90061000,0,None,104320000,20076000,1524014000,None,687619000,293656000,981275000,None,None,None,1129020000,2129548000,148699000,None,82000000,USD,-836000,8561000,-299067000,641000,306073000,272562000,-12511000,9538000,6962000,14347000,40852000,None,56343000,0,0,0,-22522000,18123000,17932000,None,None,None,15.63,11.99
11,2017-09-30,USD,216326000,53938000,202894000,13432000,-35768000,-26684000,0,0,-45039000,15001000,3551000,1187000,-36955000,14655000,5720000,None,None,None,0,35732000,0,-18355000,0,-7923000,-26684000,-26684000,None,USD,1686610000,456398000,None,31245000,757636000,926831000,3889000,25186000,1638000,-116202000,251890000,587377000,1084522000,126535000,108678000,2656000,2656000,-91270000,247156000,354932000,14137000,-116944000,0,197152000,393179000,0,80836000,928974000,0,1638000,0,-116202000,0,None,16122000,10488000,1331678000,None,393179000,251890000,648958000,None,None,None,1133484000,1686610000,126535000,None,82000000,USD,-699000,6554000,-16991000,-11531000,-2656000,-9962000,-1859000,16000,-26684000,-23114000,3839000,5754000,14655000,0,-5447000,0,0,10114000,4761000,None,None,-23114000,19.11,15.63
12,2017-06-30,USD,231596000,18116000,196054000,35542000,25996000,8545000,0,0,14281000,-8572000,3467000,5103000,20893000,14649000,8248000,None,None,None,0,-152556000,0,5736000,0,6966000,8545000,8545000,None,USD,1741381000,456666000,None,30193000,783832000,955406000,19570000,15897000,1642000,-88717000,269636000,616780000,1109280000,149649000,99027000,2656000,398255000,-91989000,252044000,380057000,13520000,-118040000,0,200215000,395599000,0,80474000,957549000,0,1642000,0,-88717000,0,None,12776000,9538000,1361324000,None,395599000,269636000,684805000,None,None,None,1135291000,1741381000,149649000,None,82000000,USD,-225000,1803000,-1911000,3506000,3879000,-226000,392000,6570000,8545000,17381000,19518000,-8418000,14649000,0,-4497000,0,0,4742000,5192000,None,None,17381000,17.81,19.11
13,2017-03-31,USD,210914000,18191000,194701000,16213000,610000,-1939000,0,0,-7052000,2143000,3467000,-879000,1489000,14724000,4195000,None,None,None,0,38139000,0,-5113000,0,-2595000,-1939000,-1939000,None,USD,1714263000,462161000,None,19421000,766809000,947454000,13486000,18696000,1646000,-96513000,272683000,616780000,1116394000,132268000,90921000,2656000,2656000,-92668000,256070000,341799000,14499000,-131487000,0,190110000,389719000,0,69569000,0,0,1646000,0,-96513000,0,None,13379000,9575000,1372464000,None,389719000,272683000,675888000,None,None,None,1135812000,1714263000,132268000,None,82000000,USD,-609000,3535000,-4584000,128000,-979000,-6977000,-5699000,-7952000,-1939000,-2084000,9477000,-7952000,14724000,0,-299000,0,2421000,4644000,4103000,None,None,-2084000,23.44,17.81
14,2016-12-31,USD,272692000,753889000,190549000,343932000,127578000,38337000,0,0,61315000,-1511000,0,None,67651000,131583000,4436000,None,None,None,0,-2890000,0,22978000,-21743000,7313000,64024000,38337000,None,USD,1728373000,467896000,None,18508000,782438000,946754000,17740000,19268000,1638000,-94077000,273953000,616780000,1121747000,134352000,104131000,6571000,6571000,-93347000,260731000,345895000,14221000,-138741000,5500000,193035000,386614000,0,78292000,945935000,1132540000,1638000,0,-94077000,0,None,13775000,9075000,1382478000,None,386614000,273953000,678307000,None,None,None,1132540000,1728373000,134352000,None,84000000,USD,-2128000,-966000,-73428000,92000,-6635000,-53334000,-4258000,-18010000,38337000,19731000,146493000,None,55204000,0,0,0,-20511000,58915000,27948000,None,None,None,19.33,23.44
15,2016-09-30,USD,233014000,14892000,190797000,42217000,26729000,12522000,0,0,22137000,2143000,0,-596000,27325000,14892000,4592000,None,None,None,0,5780000,0,9615000,0,0,12522000,12522000,None,USD,1684874000,473589000,None,12700000,758401000,927302000,0,26351000,1658000,-132386000,264158000,616780000,1129790000,93838000,106904000,9312000,9312000,-87658000,262870000,292214000,14344000,-163896000,5460000,185676000,387339000,0,71241000,926473000,1145688000,1658000,0,-132386000,0,None,14544000,10533000,1392660000,None,387339000,264158000,651497000,None,None,None,1145688000,1684874000,93838000,None,84000000,USD,-400000,None,-8014000,194000,-1000000,-13714000,-1727000,8281000,12522000,21899000,43627000,20803000,14892000,0,-10987000,0,0,7932000,8208000,None,None,21899000,15.9,19.33
16,2016-06-30,USD,227795000,14786000,189699000,38096000,22852000,11488000,0,0,18420000,0,0,-458000,23310000,14786000,4432000,None,None,None,0,-2890000,0,6932000,0,0,11488000,11488000,None,USD,1687289000,479773000,None,13241000,762888000,925236000,0,20272000,1670000,-144249000,267204000,617080000,1146010000,71939000,104859000,6656000,6656000,-88416000,263696000,277583000,14840000,-172452000,5460000,192403000,390825000,0,77931000,924401000,1156231000,1670000,0,-144249000,0,None,13619000,20698000,1409706000,None,390825000,267204000,658029000,None,None,None,1156231000,1687289000,71939000,None,84000000,USD,-175000,None,-50718000,-43482000,-1000000,-10075000,-520000,-8692000,11488000,-29773000,31020000,2796000,14786000,0,-8555000,0,0,13438000,7061000,None,None,-29773000,15.84,15.9
17,2016-03-31,USD,209502000,14411000,186228000,23274000,8672000,4888000,0,0,4093000,0,0,-191000,8863000,14411000,4579000,None,None,None,0,578000,0,-795000,0,0,4888000,4888000,None,USD,1673425000,473430000,None,10556000,755189000,1926420000,0,21108000,1680000,-155578000,266328000,585787000,1116952000,101712000,97205000,6656000,6656000,918236000,265829000,290644000,14992000,-140981000,5460000,178376000,391656000,0,69441000,0,0,1680000,0,-155578000,0,None,14663000,28080000,1382781000,None,391656000,266328000,657984000,None,None,None,1162082000,1673425000,101712000,None,84000000,USD,-1553000,None,-6770000,1104000,-1000000,-11380000,-4890000,-21201000,4888000,-11809000,6341000,-16313000,14411000,0,-5490000,0,0,8243000,6321000,None,None,-11809000,15.59,15.84
18,2015-12-31,USD,204808000,685405000,176347000,168012000,-31230000,-58034000,0,0,-111756000,632000,0,None,14443000,149451000,4576000,None,None,None,0,62601000,0,-33785000,-80526000,-8605000,-73872000,-82477000,None,USD,1680860000,479187000,None,11482000,779877000,900983000,0,22500000,1676000,-174038000,267567000,585787000,1107183000,114621000,119823000,6656000,6656000,-89802000,271047000,302630000,13856000,-163991000,6560000,176527000,392487000,0,90667000,0,0,1676000,0,-174038000,0,None,14713000,13640000,1378230000,None,392487000,267567000,660054000,None,None,None,1163985000,1680860000,114621000,None,77000000,USD,-7658000,-2696000,-61362000,14517000,77594000,1844000,-61540000,-6476000,-82477000,-50648000,8870000,None,49791000,-59523000,0,0,-17562000,81990000,23105000,None,None,None,19.0,15.59
19,2015-09-30,USD,189491000,40886000,173962000,15529000,-24296000,-24443000,0,0,-28542000,0,0,1061000,-25357000,16273000,4246000,None,None,None,0,24613000,0,-4099000,0,0,-24443000,-24443000,None,USD,1681710000,478006000,None,8751000,789256000,892454000,3201000,22715000,1676000,-147969000,277739000,586342000,1117645000,87902000,111504000,6792000,None,-125052000,284292000,294273000,14876000,-171894000,6560000,197620000,396812000,0,81997000,0,0,1676000,0,-147969000,0,None,23921000,None,1387437000,None,396812000,277739000,677752000,None,None,None,1164637000,1681710000,87902000,None,84000000,USD,None,None,-70465000,0,None,8129000,None,None,-60945000,None,-14781000,None,0,-59523000,0,0,0,None,15244000,None,None,None,17.67,19.0
