,fiscalDateEnding,reportedCurrency_x,totalRevenue,totalOperatingExpense,costOfRevenue,grossProfit,ebit,netIncome_x,researchAndDevelopment,effectOfAccountingCharges,incomeBeforeTax,minorityInterest,sellingGeneralAdministrative,otherNonOperatingIncome,operatingIncome,otherOperatingExpense,interestExpense,taxProvision,interestIncome,netInterestIncome,extraordinaryItems,nonRecurring,otherItems,incomeTaxExpense,totalOtherIncomeExpense,discontinuedOperations,netIncomeFromContinuingOperations,netIncomeApplicableToCommonShares,preferredStockAndOtherAdjustments,reportedCurrency_y,totalAssets,intangibleAssets,earningAssets,otherCurrentAssets,totalLiabilities,totalShareholderEquity,deferredLongTermLiabilities,otherCurrentLiabilities,commonStock,retainedEarnings,otherLiabilities,goodwill,otherAssets,cash,totalCurrentLiabilities,shortTermDebt,currentLongTermDebt,otherShareholderEquity,propertyPlantEquipment,totalCurrentAssets,longTermInvestments,netTangibleAssets,shortTermInvestments,netReceivables,longTermDebt,inventory,accountsPayable,totalPermanentEquity,additionalPaidInCapital,commonStockTotalEquity,preferredStockTotalEquity,retainedEarningsTotalEquity,treasuryStock,accumulatedAmortization,otherNonCurrrentAssets,deferredLongTermAssetCharges,totalNonCurrentAssets,capitalLeaseObligations,totalLongTermDebt,otherNonCurrentLiabilities,totalNonCurrentLiabilities,negativeGoodwill,warrants,preferredStockRedeemable,capitalSurplus,liabilitiesAndShareholderEquity,cashAndShortTermInvestments,accumulatedDepreciation,commonStockSharesOutstanding,reportedCurrency,investments,changeInLiabilities,cashflowFromInvestment,otherCashflowFromInvestment,netBorrowings,cashflowFromFinancing,otherCashflowFromFinancing,changeInOperatingActivities,netIncome_y,changeInCash,operatingCashflow,otherOperatingCashflow,depreciation,dividendPayout,stockSaleAndPurchase,changeInInventory,changeInAccountReceivables,changeInNetIncome,capitalExpenditures,changeInReceivables,changeInExchangeRate,changeInCashAndCashEquivalents,clossingVal,nextClossingVal
0,2020-06-30,USD,230834000,212338000,137518000,230834000,18799000,-12363000,None,None,-14822000,3593000,23102000,302000,18497000,188560000,33621000,-6052000,268000,-33621000,None,-675000,None,-6052000,-373000,None,-8770000,-12363000,None,USD,4348239000,33018000,None,None,3245871000,650419000,2967000,None,1775000,-75749000,None,45192000,83128000,682446000,1224154000,1015768000,None,-489000,3487340000,695842000,None,572209000,None,13396000,2017950000,None,208386000,None,None,1775000,None,-75749000,None,None,66470000,None,20377000,3767000,2017950000,3767000,2021717000,None,None,None,724882000,4348239000,682446000,None,177482082,USD,-50699000,-26471000,-50699000,-66000,-1732000,-9969000,-32000,-4950000,-8770000,-42635000,18033000,-4950000,53119000,-1783000,-6422000,None,2031000,3074000,50633000,2031000,None,-42635000,11.19,
1,2020-03-31,USD,266301000,223960000,149502000,266301000,41640000,4554000,None,None,8955000,3291000,23936000,-703000,42343000,200022000,32685000,1110000,986000,-32685000,None,None,None,1110000,-703000,None,7845000,4554000,None,USD,4393005000,33551000,None,None,3282121000,661154000,3003000,None,1775000,-63394000,None,45192000,76707000,725009000,1255517000,1016935000,None,-512000,3492821000,740436000,None,582411000,None,15427000,2022897000,None,238582000,None,None,1775000,None,-63394000,None,None,61420000,None,19585000,3707000,2022897000,3707000,2026604000,None,None,None,723285000,4393005000,725009000,None,177466325,USD,-53623000,29465000,-53623000,598000,398171000,324827000,-852000,1760000,7845000,363489000,92285000,1760000,52572000,-41399000,-31093000,None,-1407000,2050000,54221000,-1407000,None,363489000,7.31,11.19
2,2019-12-31,USD,284198000,227144000,-130868000,415066000,57198000,-46857000,None,None,25339000,70680000,-27550000,143000,57055000,-49857000,31859000,1493000,1429000,-31481000,None,None,None,1516000,-235000,None,23823000,-46834000,None,USD,4030596000,34183000,None,14858000,2854326000,696292000,3162000,9233000,1795000,-48283000,None,45192000,76288000,361670000,829519000,618338000,7130000,383000,3493549000,375690000,None,616917000,None,14020000,2014298000,None,211181000,None,None,1795000,None,-48283000,None,None,65825000,None,16157000,3379000,2014298000,None,2014298000,None,None,None,742397000,4030596000,361670000,None,179500000,USD,-82710000,-27436000,-82710000,-12608000,-5032000,-120152000,-31000,6049000,23846000,-141698000,61164000,7051000,51909000,-41839000,-73250000,None,7909000,-2136000,70102000,7909000,None,-141741000,14.86,7.31
3,2019-09-30,USD,332695000,232331000,-157612000,490307000,100266000,41071000,None,None,63731000,12159000,-22295000,-101000,100367000,-49748000,36535000,10501000,1323000,-29418000,None,-2679000,None,10501000,-9897000,None,53230000,41071000,None,USD,4155377000,33035000,None,13572000,2888906000,815393000,3260000,19327000,1845000,66958000,None,45192000,77855000,503339000,865522000,619523000,None,444000,3467627000,525268000,None,737166000,None,21929000,2019974000,None,245999000,None,None,1845000,None,66958000,None,None,71909000,None,12346000,3410000,2019974000,3410000,2023384000,None,None,None,746146000,4155377000,503339000,None,184501128,USD,-64790000,20288000,-64790000,516000,231681000,130818000,-55000,-1979000,53230000,200717000,134689000,-1897000,57390000,-43337000,-57471000,None,1304000,4395000,65306000,1304000,-18000,200699000,14.64,14.86
4,2019-06-30,USD,323657000,223207000,-151903000,475560000,100622000,53497000,None,None,70856000,6161000,-22288000,171000,100451000,-49017000,29766000,11198000,1400000,-29361000,None,None,None,11198000,-234000,None,59658000,53497000,None,USD,3939565000,31994000,None,16024000,2626542000,831691000,1430000,19606000,1884000,77551000,None,45192000,70504000,302640000,1340109000,1117624000,None,789000,3458238000,325873000,None,754505000,None,23233000,1282993000,None,222485000,None,None,1884000,None,77551000,None,None,67982000,None,10286000,3440000,1282993000,3440000,1286433000,None,None,None,751467000,3939565000,302640000,None,188412276,USD,-57177000,-1838000,-57177000,-3730000,-2841000,-46207000,-29000,-6539000,59658000,-1326000,102058000,-6539000,51014000,-43337000,0,None,-1878000,1641000,53447000,-1878000,30000,-1296000,16.89,14.64
5,2019-03-31,USD,277669000,213743000,-141938000,419607000,64131000,21957000,None,None,34527000,6470000,-23054000,178000,63953000,-48778000,29604000,6123000,-29203000,-29203000,None,None,None,6100000,-223000,None,28427000,21934000,None,USD,3922886000,28640000,None,15943000,2626235000,794909000,1595000,18466000,1884000,41116000,None,45192000,23551000,303936000,1340808000,1119668000,4988000,1774000,3455386000,325291000,None,721077000,None,21355000,1281958000,None,221140000,None,None,1884000,None,41116000,None,None,60769000,None,7608000,3469000,1281958000,3469000,1285427000,None,None,None,750135000,3922886000,303936000,None,188403532,USD,-55132000,17982000,-55132000,-1953000,-2842000,-46338000,-1600000,3208000,28404000,569000,102039000,3208000,50774000,-41896000,0,None,-1586000,3257000,53179000,-1586000,31000,600000,17.95,16.89
6,2018-12-31,USD,589303000,215520000,114104000,589303000,76055000,-38946000,0,0,46257000,78345000,19520000,813000,75242000,237446000,29798000,None,None,None,0,0,0,6858000,-28607000,0,39399000,-38946000,None,USD,3924210000,28714000,None,15878000,2613571000,2096733000,37526000,26129000,1882000,32432000,None,45192000,67778000,303336000,1344824000,1121713000,None,1313127000,3453632000,335840000,None,712042000,None,32504000,1284324000,None,223111000,None,None,1882000,73000,32432000,None,None,66258000,None,7309000,None,1284324000,None,1321850000,None,None,None,749219000,3924210000,303336000,None,188200000,USD,None,-27599000,-24820000,33871000,-78052000,-125195000,-41411000,-9377000,39399000,-83215000,66800000,-12789000,50486000,-41411000,-5700000,None,4517000,3009000,58691000,-119891000,-90000,-83305000,15.5,17.95
7,2018-09-30,USD,494053000,233170000,156341000,494053000,121713000,71902000,0,0,90706000,3790000,21882000,251000,121462000,230353000,31007000,None,None,None,0,0,0,15014000,-27139000,0,75692000,71902000,None,USD,4032572000,27057000,None,16286000,2714073000,845018000,183717000,12919000,1885000,90135000,None,45777000,71801000,386641000,1446782000,1198969000,None,3544000,3468792000,434417000,None,772038000,16286000,47776000,1279892000,0,247813000,1318499000,749381000,1885000,73000,90135000,0,None,66471000,None,13658000,None,1279892000,None,1463609000,None,None,None,749381000,4032572000,386641000,None,188500000,USD,None,25506000,61231000,119027000,-3051000,-56451000,-95000,-1758000,75692000,159182000,154402000,-1758000,53963000,-41631000,-11290000,0,-185000,8225000,57796000,56497000,21000,159203000,20.23,15.5
8,2018-06-30,USD,448033000,224454000,144054000,448033000,112402000,65056000,0,0,79977000,514000,23807000,-102000,112504000,220165000,32425000,None,None,None,0,-43600000,0,14407000,-32370000,0,65570000,65056000,None,USD,3984586000,29080000,None,44245000,2689985000,787546000,140848000,14714000,1890000,33253000,None,47468000,70918000,227438000,1424162000,1201222000,2480080000,3624000,3577458000,295689000,None,710852000,44245000,68251000,1278858000,0,222940000,1294601000,748706000,1890000,73000,33253000,0,None,64604000,None,14826000,None,1278858000,None,1419706000,None,None,None,748706000,3984586000,227438000,None,189000000,USD,None,-25308000,-52711000,3458000,-4235000,-78743000,-1183000,-4017000,65570000,-21541000,109913000,-2834000,55461000,-41685000,-32823000,0,-2151000,6725000,56169000,64081000,-42000,-21583000,21.61,20.23
9,2018-03-31,USD,411098000,267125000,142630000,411098000,68532000,14852000,0,0,36892000,16243000,25216000,-197000,68729000,160222000,31640000,None,None,None,0,43600000,0,5797000,-37355000,0,31095000,14852000,None,USD,3991214000,29259000,None,58268000,2689542000,758300000,74642000,12500000,1906000,-6242000,None,47468000,66661000,249021000,1423785000,1203477000,2481301000,3521000,3568984000,305372000,None,681427000,58268000,56351000,1277824000,0,220308000,1301672000,759042000,1906000,73000,-6242000,0,None,61485000,None,13436000,None,1277824000,None,1352466000,None,None,None,759042000,3991214000,249021000,None,190631604,USD,None,41451000,122576000,156148000,-63060000,-143218000,-3894000,4938000,31095000,98093000,118735000,4938000,56606000,-41085000,-32863000,0,63000,11357000,33572000,-766000,-46000,98047000,19.77,21.61
10,2017-12-31,USD,727009000,223150000,142819000,727009000,91757000,-49888000,0,0,58943000,90055000,18533000,-27000,91784000,187376000,32814000,None,None,None,0,4866000,0,18776000,-144569000,0,40167000,-49905000,None,USD,4076005000,27043000,None,37631000,2730158000,2126503000,40523000,42100000,1921000,6917000,None,48866000,150319000,150974000,1460424000,1265112000,2541901000,1348913000,3753134000,200644000,None,704601000,37631000,49670000,1276789000,0,195312000,1345847000,768679000,1921000,73000,6917000,0,None,66285000,None,8125000,None,1276789000,None,1317312000,None,None,None,768679000,4076005000,150974000,None,192100000,USD,None,-158703000,-30949000,2554000,-53217000,-47136000,14069000,-3606000,40150000,-3335000,74750000,803000,58418000,-40377000,-15696000,0,-895000,-1319000,33503000,5707000,18000,-3317000,19.0,19.77
11,2017-09-30,USD,494273000,233292000,152155000,494273000,118196000,53876000,0,0,86545000,12374000,23479000,278000,117918000,209469000,31651000,None,None,None,0,18279000,0,20295000,0,0,66250000,53876000,None,USD,4111154000,27378000,None,21370000,2762739000,854328000,192124000,None,1923000,80038000,None,48910000,155341000,138030000,1497339000,1267504000,2543258000,1980000,3790365000,215641000,None,777894000,21370000,77611000,1275754000,0,229835000,1348415000,770314000,1923000,73000,80038000,0,None,67140000,None,11913000,None,1275754000,50000000,1517878000,None,None,None,770314000,4111154000,138030000,None,192293933,USD,None,73704000,-39538000,257000,-3242000,-48815000,-303000,4697000,66250000,60262000,148615000,4697000,59302000,-40469000,-4801000,0,6754000,7078000,39795000,-7639000,166000,60428000,20.0,19.0
12,2017-06-30,USD,453952000,240079000,148911000,453952000,97369000,51775000,0,0,65668000,-2050000,23375000,-1073000,98442000,208612000,31701000,None,None,None,0,7934000,0,15943000,0,0,49725000,51775000,None,USD,4071151000,27713000,None,None,2746122000,815970000,143130000,None,1925000,42760000,None,48910000,159338000,77557000,1488064000,1269922000,2537510000,1877000,3809547000,163204000,None,739201000,21325000,85647000,1274721000,0,218142000,1325029000,769335000,1925000,73000,42760000,0,None,71959000,None,10756000,None,1274721000,50000000,1467851000,None,None,None,769335000,4071151000,77557000,None,192500000,USD,None,79570000,3315000,47948000,-38242000,-123772000,-14069000,-7077000,49725000,-8617000,111840000,-7077000,59795000,-40605000,-30856000,0,4046000,18794000,44633000,-552000,40000,-8577000,19.36,20.0
13,2017-03-31,USD,290991000,238061000,141660000,290991000,54152000,23084000,0,0,20546000,-7038000,26306000,1221000,52931000,199331000,33606000,None,None,None,0,12400000,0,4500000,0,0,16046000,23101000,None,USD,4126730000,28048000,None,None,2794698000,793041000,3286000,231000,1943000,24274000,231000,49011000,183064000,86101000,1503426000,1307339000,2573892000,-5643000,3837189000,106477000,None,715982000,21292000,20376000,1287755000,0,196087000,1332032000,772467000,1943000,73000,24274000,0,None,94197000,None,11808000,None,1287755000,231000,1291272000,None,None,None,772467000,4126730000,86101000,None,194300000,USD,None,12463000,-47985000,462000,-16492000,-80397000,-3245000,-1832000,16063000,-19418000,108964000,-1832000,59662000,-37536000,-23124000,0,328000,22257000,48447000,328000,69000,-19349000,15.94,19.36
14,2016-12-31,USD,295725000,224874000,136274000,295725000,71363000,-54447000,0,0,38288000,84547000,24493000,507000,77923000,193309000,33003000,None,None,None,0,7000000,0,8140000,-172789000,0,30100000,-54399000,None,USD,4180304000,28383000,None,21614000,2803065000,794832000,3286000,41100000,1957000,23679000,3286000,53531000,148391000,105772000,1513059000,1319756000,3250000,-5615000,3905304000,126609000,None,712918000,21614000,20837000,1286720000,0,193303000,1377239000,774811000,1957000,73000,23679000,0,None,50101000,None,16376000,None,1286720000,None,1290006000,None,None,None,774811000,4180304000,105772000,None,195406944,USD,None,-29929000,-58671000,198000,18585000,-89311000,-34475000,1829000,30148000,-65567000,82415000,387000,59105000,-37595000,-70301000,0,-2655000,16126000,58869000,6482000,-110000,-65677000,16.15,15.94
15,2016-09-30,USD,354521000,233183000,149860000,354521000,121645000,46556000,0,0,72932000,10509000,24612000,305000,124094000,205815000,48713000,None,None,None,0,2800000,0,15867000,0,0,57065000,46556000,None,USD,4256936000,28718000,None,None,2809243000,928420000,1008000,231000,2005000,153483000,None,53531000,144734000,171411000,1522549000,1302215000,2566699000,-8071000,3913465000,198737000,None,846171000,21576000,27326000,1285686000,0,220334000,1447693000,781003000,2005000,73000,153483000,0,None,46105000,None,16380000,None,1285686000,None,1286694000,None,None,None,781003000,4256936000,171411000,None,201000000,USD,None,13623000,111930000,168435000,-179120000,-244980000,-158000,1173000,57065000,12731000,145770000,1173000,71117000,-38115000,-9244000,0,9137000,4696000,56505000,-1904000,11000,12731000,14.2,16.15
16,2016-06-30,USD,332789000,228077000,149078000,332789000,104598000,60777000,0,0,68834000,657000,23988000,-114000,104712000,204089000,35764000,None,None,None,0,2756000,0,7400000,0,0,61434000,60729000,None,USD,4406586000,29053000,None,None,2969878000,905489000,469000,231000,2011000,130830000,None,53531000,140215000,327184000,200597000,2747610000,2747610000,-7436000,3913762000,352609000,None,822905000,190080000,25425000,2768812000,0,200597000,1436708000,780084000,2011000,73000,130830000,0,None,45213000,None,12418000,None,2768812000,None,2769281000,None,None,None,780084000,4406586000,327184000,None,200814546,USD,None,-6757000,-56441000,-3399000,-474000,-86341000,-15983000,3238000,61386000,-35326000,107446000,3238000,57672000,-38301000,-31583000,0,7233000,-2200000,53042000,-5893000,10000,-35326000,14.95,14.2
17,2016-03-31,USD,287558000,223820000,145560000,287558000,64634000,17046000,0,0,17649000,-2293000,24952000,878000,63738000,198868000,46985000,None,None,None,0,0,0,2896000,0,0,14753000,17046000,None,USD,4432784000,29388000,None,None,2989530000,874929000,469000,None,2032000,97777000,None,53531000,137970000,358795000,222290000,None,None,-6732000,3916487000,378327000,None,792010000,186365000,19532000,2766771000,0,222290000,0,0,2032000,0,97777000,0,None,49167000,None,5884000,None,2766771000,None,2767240000,None,None,None,781852000,4432784000,358795000,None,204000000,USD,None,21636000,-156282000,-99375000,-26243000,-127314000,13912000,None,14753000,-200822000,82774000,-2969000,64395000,-86216000,-28767000,0,1340000,-13701000,56907000,-1340000,13000,-200809000,16.3,14.95
18,2015-12-31,USD,296335000,230177000,153544000,296335000,196356000,-4147000,0,0,160549000,136279000,24715000,-697000,197053000,74567000,35807000,None,None,None,0,9011000,0,28417000,-18631000,0,132132000,-4147000,None,USD,4528900000,29723000,None,84416000,3040543000,879673000,12984000,39300000,2049000,102184000,12984000,53531000,131740000,457655000,605492000,361523000,2783590000,-8754000,3921341000,517365000,None,796419000,84416000,59710000,2422067000,0,243969000,1488357000,1488357000,2049000,1488357000,102184000,-1488357000,None,48486000,None,4053081000,None,2422067000,None,2435051000,None,None,None,784194000,4528900000,457655000,None,204593912,USD,None,-28886000,322942000,386501000,-86115000,-120840000,-11476000,-2755000,132132000,265760000,63658000,2353000,54956000,-34725000,0,0,8306000,-105022000,63559000,8125000,-27000,265733000,15.9,16.3
19,2015-09-30,USD,360516000,244701000,159049000,360516000,114675000,37656000,0,0,79518000,20569000,24370000,-1143000,115818000,211317000,35157000,None,None,None,0,9011000,0,21293000,0,0,58225000,37656000,None,USD,4561780000,30059000,None,146978000,3121089000,899026000,1607000,89175000,2049000,122804000,None,53531000,175715000,300647000,577948000,365064000,None,-8771000,3912151000,326936000,None,815436000,193141000,26289000,2452359000,0,212884000,1440691000,1440691000,2049000,1440691000,122804000,-1440691000,None,195646000,None,43457000,None,2452359000,89175000,2543141000,None,None,None,782944000,4561780000,300647000,None,204593912,USD,None,7010000,-66951000,124000,-799000,-35686000,None,None,58225000,39318000,141955000,-208000,54905000,-34887000,0,0,181000,11781000,67075000,10242000,-17000,39301000,16.78,15.9
