,fiscalDateEnding,reportedCurrency_x,totalRevenue,totalOperatingExpense,costOfRevenue,grossProfit,ebit,netIncome_x,researchAndDevelopment,effectOfAccountingCharges,incomeBeforeTax,minorityInterest,sellingGeneralAdministrative,otherNonOperatingIncome,operatingIncome,otherOperatingExpense,interestExpense,taxProvision,interestIncome,netInterestIncome,extraordinaryItems,nonRecurring,otherItems,incomeTaxExpense,totalOtherIncomeExpense,discontinuedOperations,netIncomeFromContinuingOperations,netIncomeApplicableToCommonShares,preferredStockAndOtherAdjustments,reportedCurrency_y,totalAssets,intangibleAssets,earningAssets,otherCurrentAssets,totalLiabilities,totalShareholderEquity,deferredLongTermLiabilities,otherCurrentLiabilities,commonStock,retainedEarnings,otherLiabilities,goodwill,otherAssets,cash,totalCurrentLiabilities,shortTermDebt,currentLongTermDebt,otherShareholderEquity,propertyPlantEquipment,totalCurrentAssets,longTermInvestments,netTangibleAssets,shortTermInvestments,netReceivables,longTermDebt,inventory,accountsPayable,totalPermanentEquity,additionalPaidInCapital,commonStockTotalEquity,preferredStockTotalEquity,retainedEarningsTotalEquity,treasuryStock,accumulatedAmortization,otherNonCurrrentAssets,deferredLongTermAssetCharges,totalNonCurrentAssets,capitalLeaseObligations,totalLongTermDebt,otherNonCurrentLiabilities,totalNonCurrentLiabilities,negativeGoodwill,warrants,preferredStockRedeemable,capitalSurplus,liabilitiesAndShareholderEquity,cashAndShortTermInvestments,accumulatedDepreciation,commonStockSharesOutstanding,reportedCurrency,investments,changeInLiabilities,cashflowFromInvestment,otherCashflowFromInvestment,netBorrowings,cashflowFromFinancing,otherCashflowFromFinancing,changeInOperatingActivities,netIncome_y,changeInCash,operatingCashflow,otherOperatingCashflow,depreciation,dividendPayout,stockSaleAndPurchase,changeInInventory,changeInAccountReceivables,changeInNetIncome,capitalExpenditures,changeInReceivables,changeInExchangeRate,changeInCashAndCashEquivalents,clossingVal,nextClossingVal
0,2020-04-30,USD,310988000,30571000,271252000,39692000,9165000,1007000,None,None,1229000,-230000,28299000,None,9165000,2272000,7936000,None,None,None,None,None,None,452000,None,None,777000,-1597000,2604000,USD,909425000,144679000,None,28103000,664345000,131667000,14432000,17037000,323412000,-215192000,16337000,28462000,5848000,1625000,360203000,208761000,None,-11163000,190519000,477669000,None,-41474000,None,129939000,240785000,318002000,134405000,None,None,323412000,111776000,-215192000,None,None,65909000,2187000,431756000,None,240785000,48925000,304142000,None,None,None,34610000,909425000,1625000,None,None,USD,None,4445000,-6329000,41000,-22416000,2607000,-2251000,6039000,777000,-1057000,2665000,-12401000,9816000,None,27274000,None,None,4473000,6370000,None,12000,-1045000,2.81,
1,2020-01-31,USD,333615000,28629000,292229000,43720000,12757000,3361000,None,None,4477000,-14000,27206000,None,12757000,1423000,8280000,1130000,None,-8280000,None,None,None,1130000,-1036000,None,3347000,1336000,2025000,USD,894416000,147285000,None,35484000,676394000,131596000,10416000,20211000,318958000,-213595000,12324000,28316000,4610000,2670000,373614000,228913000,228164000,-11580000,186815000,462144000,None,-44005000,None,151515000,241106000,272475000,124490000,None,None,318958000,84549000,-213595000,None,None,68727000,1129000,432272000,65929000,241106000,51258000,302780000,None,None,None,37813000,894416000,2670000,None,89000000,USD,-9689000,-7922000,-9689000,41000,-22269000,-23872000,-4000,1264000,3347000,1188000,34749000,20654000,9861000,-1700000,101000,49949000,-28706000,887000,9689000,None,-16000,1172000,2.7,2.81
2,2019-10-31,USD,295322000,29621000,262407000,33395000,3294000,-5603000,None,None,-5526000,95000,27156000,None,3294000,2465000,8820000,-18000,None,-8820000,441000,None,None,-18000,-176000,None,-5508000,-7620000,2017000,USD,923359000,150009000,None,35985000,710926000,128021000,9027000,21538000,318456000,-214931000,11038000,28422000,1991000,1498000,405664000,249325000,248523000,-11271000,184550000,489954000,None,-50410000,None,128925000,242204000,323546000,134801000,None,None,318456000,82524000,-214931000,None,None,70424000,None,433405000,69235000,242204000,54031000,305262000,None,None,None,35767000,923359000,1498000,None,88000000,USD,-9205000,-202000,-9205000,-1348000,-26165000,-27714000,-5000,1204000,-5508000,-727000,36192000,32041000,9646000,-1700000,156000,23464000,7151000,13000,7857000,None,16000,-711000,1.91,2.7
3,2019-07-31,USD,296531000,33765000,269616000,26325000,-6850000,-11749000,None,None,-15714000,-30000,27674000,None,-6850000,6091000,8864000,-3935000,None,-8864000,None,None,None,-3935000,-2733000,None,-11779000,-13758000,2009000,USD,958610000,152742000,None,36015000,741707000,132881000,11500000,22232000,318196000,-207311000,13607000,28131000,3656000,2209000,431541000,273264000,272954000,-11783000,182129000,520280000,None,-47992000,None,136371000,241896000,345685000,136045000,None,None,318196000,82207000,-207311000,None,None,74034000,1294000,438330000,72372000,241896000,56770000,310166000,None,None,None,33779000,958610000,2209000,None,88000000,USD,-7595000,-12556000,-7595000,-3000,4612000,3040000,-5000,-2339000,-11779000,-266000,4289000,5042000,9200000,-1731000,164000,28722000,-7822000,1826000,7592000,None,-55000,-321000,2.85,1.91
4,2019-04-30,USD,293094000,30399000,265677000,27327000,-2982000,-9055000,26000,None,-11236000,143000,27262000,None,-2982000,3137000,8254000,-2324000,None,-8254000,None,None,None,-2324000,-329000,None,-8912000,-11056000,2001000,USD,971693000,155492000,None,34224000,742805000,145192000,13121000,22407000,317735000,-193553000,15313000,28488000,3719000,2530000,442887000,270343000,270034000,-10508000,168433000,542773000,None,-38788000,None,128642000,228494000,377377000,150137000,None,None,317735000,81898000,-193553000,None,None,76324000,183000,428920000,73513000,228494000,58303000,299918000,None,None,None,31518000,971693000,2530000,None,88000000,USD,-12883000,19348000,-12883000,-3542000,42676000,41008000,-5000,-4175000,-8912000,-3535000,-31660000,-31989000,8870000,-1700000,37000,-45868000,1525000,371000,9341000,None,50000,-3485000,3.55,2.85
5,2019-01-31,USD,306379000,-14522000,277069000,28206000,43832000,25649000,None,None,35093000,-54000,26248000,None,43832000,-40770000,8739000,9498000,None,-8739000,None,None,None,9498000,44616000,None,25595000,23654000,1995000,USD,921726000,158223000,None,31456000,685707000,152964000,15476000,23261000,315202000,-182497000,16735000,26292000,3344000,6015000,381626000,226242000,225805000,-10757000,163532000,494832000,None,-31551000,None,127431000,228436000,329930000,132123000,None,None,315202000,81597000,-182497000,None,None,78665000,182000,426894000,76342000,228436000,60169000,304081000,None,None,None,31016000,921726000,6015000,None,99000000,USD,56902000,-12507000,56902000,64876000,-53846000,-55097000,221000,-4521000,25595000,2793000,988000,4801000,8957000,-1700000,228000,15647000,4211000,-38365000,7974000,None,-58000,2735000,4.16,3.55
6,2018-10-31,USD,320852000,111267000,299209000,21312000,-89624000,-97062000,0,0,-98544000,43000,25792000,None,-89624000,4253000,8920000,None,None,None,-1976000,81222000,0,-1525000,-94996000,0,-97019000,-99049000,1987000,USD,896738000,160975000,None,29024000,683597000,130335000,8149000,5731000,314357000,-206151000,10228000,27959000,3351000,3280000,446346000,283036000,1840000,-9667000,171032000,533421000,None,-58599000,None,139160000,227023000,361957000,157579000,None,None,314357000,81302000,-206151000,None,None,3169000,182000,363317000,None,227023000,2079000,237251000,None,None,None,31796000,896738000,3280000,None,87000000,USD,None,-3889000,-6682000,-1236000,4510000,3039000,-203000,-2032000,-97019000,1449000,5092000,-96617000,9017000,-1978000,710000,15145000,-451000,81386000,6682000,None,-26000,1423000,7.42,4.16
7,2018-07-31,USD,308739000,31110000,274243000,34128000,3386000,-4606000,0,0,-5406000,70000,27220000,None,3386000,3890000,8792000,None,None,None,0,0,0,-870000,-9502000,0,-4536000,-6587000,1981000,USD,999159000,163731000,None,27026000,688552000,227858000,11862000,5294000,312970000,-107102000,14064000,109281000,6148000,1857000,449481000,282176000,2003000,-8939000,168889000,551110000,None,-45154000,0,143469000,225007000,378758000,162011000,0,28006000,312970000,81015000,-107102000,0,None,5786000,362000,448049000,None,225007000,2202000,239071000,None,None,None,30929000,999159000,1857000,None,87000000,USD,None,-8367000,-6045000,1713000,-3273000,-4658000,-44000,3995000,-4536000,-221000,10482000,3689000,8769000,-1700000,359000,3777000,4353000,2560000,7758000,None,-9000,-230000,8.2,7.42
8,2018-04-30,USD,319319000,30299000,284962000,34346000,4058000,-3174000,0,0,-4416000,48000,26948000,None,4058000,3351000,8474000,None,None,None,0,0,0,-1290000,-8797000,0,-3126000,-5148000,1974000,USD,1018831000,166489000,None,35958000,703853000,232582000,13580000,8708000,312520000,-100515000,15940000,109320000,7527000,2087000,462437000,285108000,2086000,-8323000,167208000,568287000,None,-43227000,0,147311000,225476000,382931000,168621000,0,28006000,312520000,80734000,-100515000,0,None,7163000,364000,450544000,None,225476000,2360000,241416000,None,None,None,28900000,1018831000,2087000,None,87000000,USD,None,5650000,-10009000,419000,49470000,43457000,-4404000,5018000,-3126000,-773000,-34221000,-38351000,8789000,-1700000,91000,-53256000,5398000,-1673000,10428000,None,-64000,-837000,6.75,8.2
9,2018-01-31,USD,311690000,30657000,278968000,33684000,2065000,-4363000,0,0,-6155000,-99000,28288000,None,2065000,2369000,8220000,None,None,None,0,0,0,-1693000,-9193000,0,-4462000,-6330000,1967000,USD,979887000,169317000,None,38379000,659198000,238633000,14867000,12403000,309575000,-95367000,17234000,109729000,8041000,2924000,416394000,239455000,2190000,-5225000,164518000,528282000,None,-40413000,0,152498000,225570000,334481000,164536000,0,28006000,309575000,80460000,-95367000,0,None,7678000,363000,451605000,None,225570000,2367000,242804000,None,None,None,29650000,979887000,2924000,None,87000000,USD,None,381000,-6035000,700000,-213000,-1804000,-40000,-6776000,-4462000,-333000,7506000,134000,8749000,-1700000,149000,18302000,-12359000,2407000,6735000,None,29000,-304000,7.4,6.75
10,2017-10-31,USD,291127000,157498000,264124000,28271000,-130495000,-117487000,0,0,-139179000,88000,28094000,None,-130495000,14404000,8684000,None,None,None,0,115000000,0,-21780000,-200194000,0,-117399000,-117487000,None,USD,982173000,172059000,None,33213000,660059000,240346000,15850000,10201000,308899000,-89291000,8352000,109533000,289972000,3228000,410052000,237136000,2228000,-7268000,163624000,528577000,None,-41246000,0,137158000,225805000,354978000,162715000,0,28006000,308899000,80193000,-89291000,0,None,8017000,363000,453596000,None,225805000,8352000,250007000,None,None,None,28006000,982173000,3228000,None,86000000,USD,-1737000,-20437000,-16836000,3346000,-30157000,-31604000,-100000,-9666000,-117399000,410000,48850000,-80556000,9297000,-1700000,353000,27475000,35773000,120109000,18445000,None,-37000,373000,9.35,7.4
11,2017-07-31,USD,318138000,34891000,284258000,36455000,-1011000,-6027000,0,0,-9382000,144000,26102000,None,-1011000,8789000,8371000,None,None,None,0,690000000,0,-3499000,0,0,-5883000,-6027000,None,USD,1133094000,174808000,None,38507000,694478000,357205000,31281000,5942000,308319000,30157000,8281000,224415000,408690000,2855000,426155000,261304000,2045000,-7928000,160100000,564304000,None,-42018000,0,152343000,228761000,370599000,158909000,0,24931,308319000,79932000,30157000,0,None,8411000,1056000,568790000,None,228761000,8281000,268323000,None,None,None,26657000,1133094000,2855000,None,87000000,USD,-1737000,-30455000,-7784000,480000,18869000,18234000,13000,-7212000,-5883000,-643000,-11093000,-19339000,8867000,-1700000,1052000,9187000,12754000,-621000,6527000,None,41000,-602000,9.5,9.35
12,2017-04-30,USD,329451000,46518000,291332000,38699000,-8399000,-11398000,0,0,-16153000,214000,38272000,None,-8399000,8246000,7754000,None,None,None,0,-460000000,0,-4969000,0,0,-11184000,-11398000,None,USD,1123928000,180739000,None,26129000,684429000,356582000,41017000,9935000,302581000,40500000,10374000,223695000,413814000,3511000,399401000,197973000,467683000,-11650000,162199000,545135000,None,-47852000,0,171653000,228769000,343842000,191493000,0,23901,302581000,79424000,40500000,0,None,9100000,3060000,578793000,None,228769000,15242000,285028000,None,None,None,25151000,1123928000,3511000,None,86000000,USD,-1737000,6695000,-8664000,360000,-7868000,-8567000,-202000,-8091000,-11184000,2250000,19481000,15874000,8666000,-1591000,1094000,0,7641000,-5059000,9024000,None,10000,2260000,7.3,9.5
13,2017-01-31,USD,330031000,46518000,284854000,38699000,-8399000,-11398000,0,0,-16153000,214000,38272000,None,-8399000,8246000,7754000,None,None,None,0,115000000,0,-4969000,0,0,-11184000,-11398000,None,USD,1123928000,180739000,None,26129000,684429000,356582000,41017000,10774000,302581000,40500000,15242000,223695000,416594000,3511000,399401000,197973000,7534000,-11650000,162199000,545135000,None,-47852000,0,171653000,228769000,343842000,187292000,0,23366000,298099000,79424000,40500000,0,None,9100000,3060000,578793000,None,228769000,15242000,285028000,None,None,None,25151000,1123928000,3511000,None,86000000,USD,-1737000,12410000,-8664000,360000,-7868000,-8567000,-202000,23335000,-11184000,2260000,19481000,15874000,8666000,-1591000,1094000,26358000,0,-5059000,9024000,None,10000,2260000,7.0,7.3
14,2016-10-31,USD,347664000,37053000,307702000,41030000,2909000,-3355000,0,0,-9269000,-503000,23915000,None,2909000,13138000,12178000,None,None,None,0,17540000,0,-5411000,-109598000,2850000,-3858000,-3355000,None,USD,1204248000,186603000,None,23455000,798820000,402828000,54564000,6394000,299470000,89126000,15354000,241585000,417622000,1639000,410944000,230018000,2079000,-10699000,161252000,602053000,None,-25360000,0,183270000,317484000,393689000,174532000,0,25522000,299470000,79184000,89126000,0,None,11797000,958000,602195000,None,317484000,15828000,387876000,None,79184000,None,24931000,1204248000,1639000,None,86000000,USD,-1737000,23221000,-5463000,4808000,-14796000,-14561000,8000,-3016000,-3858000,-2982000,17042000,9292000,18856000,-6691000,227000,-16107000,-39857000,-11106000,5463000,None,329000,-2653000,6.65,7.0
15,2016-09-30,USD,348732000,37053000,299299000,41030000,2909000,-3355000,0,0,-9269000,-503000,22618000,None,2909000,13138000,12178000,None,None,None,0,105240000,0,-5411000,0,-5700000,-3858000,-3355000,None,USD,1204248000,186603000,None,23455000,798820000,402828000,54564000,6394000,299470000,89126000,15828000,241585000,440943000,1639000,410944000,230018000,7524000,-10699000,161252000,602053000,None,-25360000,0,183270000,317484000,393689000,170343000,0,21852000,298329000,0,89126000,0,None,11797000,958000,602195000,None,317484000,15828000,387876000,None,None,None,24931000,1204248000,1639000,None,86000000,USD,-700000,21943000,-5463000,0,-13617000,-14561000,8000,836000,-3858000,-2982000,17042000,9292000,18856000,0,227000,0,0,-11106000,5463000,None,329000,-2653000,7.06,6.65
16,2016-07-31,USD,348326000,35746000,312168000,35978000,412000,-4124000,0,0,-11136000,123000,24489000,None,412000,11257000,11548000,None,None,None,0,-70160000,0,-7135000,0,2850000,-4001000,-4124000,None,USD,1215164000,189406000,None,21583000,807939000,404143000,59810000,6977000,299128000,92481000,15945000,241669000,445482000,4292000,416240000,243427000,7640000,-11367000,171758000,597924000,None,-26932000,0,171887000,315944000,400162000,165836000,0,20108000,299128000,0,92481000,0,None,13455000,952000,617240000,None,315944000,15945000,391699000,None,None,None,23901000,1215164000,4292000,None,None,USD,700000,10944000,-6702000,-1909000,38250000,38706000,-119000,-34294000,-4001000,-2410000,-34414000,-35812000,8549000,0,575000,0,0,-7151000,4793000,None,-61000,-2471000,5.65,7.06
17,2016-04-30,USD,350142000,31072000,320413000,31901000,-1343000,-10233000,0,0,-12365000,384000,24272000,None,-1343000,6800000,11022000,None,None,None,0,17540000,0,-3086000,0,-1394000,-9279000,-10233000,None,USD,1222625000,192284000,None,82131000,803469000,413775000,70649000,58099000,298099000,96605000,17934000,242047000,447432000,5475000,400975000,205813000,7469000,-4295000,173552000,601641000,None,-20556000,0,156889000,313911000,357146000,137063000,0,0,298099000,0,96605000,0,None,12131000,970000,620984000,None,313911000,17934000,402494000,None,None,None,23366000,1222625000,5475000,None,None,USD,700000,None,-4738000,-191000,25702000,24619000,-1195000,-27485000,-9849000,2745000,-17136000,-27403000,8760000,0,112000,9867000,0,1507000,4547000,None,37000,2782000,5.38,5.65
18,2016-01-31,USD,228480000,23199000,215325000,13128000,-10044000,-30068000,0,0,-18878000,504000,15872000,None,-10044000,7327000,8834000,None,None,None,0,17540000,0,-9359000,-42029000,-17517000,-9519000,-30068000,None,USD,1219203000,195008000,None,84418000,793024000,421039000,74324000,63051000,297987000,106838000,17809000,241690000,445635000,2274000,379669000,163067000,1773000,-6113000,176513000,597055000,None,-15659000,0,139140000,321222000,371223000,153551000,0,0,297987000,0,106838000,0,None,7979000,958000,622148000,None,321222000,17809000,413355000,None,79184000,None,22327000,1219203000,2274000,None,None,USD,-733000,15242000,-480698000,-472324000,365750000,360266000,-4626000,-817000,-28732000,-94968000,25464000,15521000,4304000,-6691000,-858000,-25732000,17404000,5639000,8374000,None,-40000,-95008000,5.92,5.38
19,2015-10-31,USD,306620000,29073000,275375000,30632000,2172000,314000,0,0,253000,222000,23756000,None,2172000,5317000,1919000,None,None,None,0,0,0,-411000,0,-128000,664000,314000,None,USD,793608000,51814000,None,17450000,329646000,453110000,14572000,10363000,298329000,136906000,19527000,47344000,109304000,98989000,292717000,147447000,None,-3977000,146531000,537773000,None,353952000,0,139207000,2830000,282127000,134907000,0,0,298329000,0,136906000,0,None,6838000,3308000,255835000,None,2830000,19527000,36929000,None,None,None,21852000,793608000,98989000,None,None,USD,-733000,4435000,-13631000,-5525000,-9904000,85731000,-148000,None,536000,94644000,22544000,15385000,5741000,0,95783000,0,0,1418000,7373000,None,-41000,94603000,5.38,5.92
