,fiscalDateEnding,reportedCurrency_x,totalRevenue,totalOperatingExpense,costOfRevenue,grossProfit,ebit,netIncome_x,researchAndDevelopment,effectOfAccountingCharges,incomeBeforeTax,minorityInterest,sellingGeneralAdministrative,otherNonOperatingIncome,operatingIncome,otherOperatingExpense,interestExpense,taxProvision,interestIncome,netInterestIncome,extraordinaryItems,nonRecurring,otherItems,incomeTaxExpense,totalOtherIncomeExpense,discontinuedOperations,netIncomeFromContinuingOperations,netIncomeApplicableToCommonShares,preferredStockAndOtherAdjustments,reportedCurrency_y,totalAssets,intangibleAssets,earningAssets,otherCurrentAssets,totalLiabilities,totalShareholderEquity,deferredLongTermLiabilities,otherCurrentLiabilities,commonStock,retainedEarnings,otherLiabilities,goodwill,otherAssets,cash,totalCurrentLiabilities,shortTermDebt,currentLongTermDebt,otherShareholderEquity,propertyPlantEquipment,totalCurrentAssets,longTermInvestments,netTangibleAssets,shortTermInvestments,netReceivables,longTermDebt,inventory,accountsPayable,totalPermanentEquity,additionalPaidInCapital,commonStockTotalEquity,preferredStockTotalEquity,retainedEarningsTotalEquity,treasuryStock,accumulatedAmortization,otherNonCurrrentAssets,deferredLongTermAssetCharges,totalNonCurrentAssets,capitalLeaseObligations,totalLongTermDebt,otherNonCurrentLiabilities,totalNonCurrentLiabilities,negativeGoodwill,warrants,preferredStockRedeemable,capitalSurplus,liabilitiesAndShareholderEquity,cashAndShortTermInvestments,accumulatedDepreciation,commonStockSharesOutstanding,reportedCurrency,investments,changeInLiabilities,cashflowFromInvestment,otherCashflowFromInvestment,netBorrowings,cashflowFromFinancing,otherCashflowFromFinancing,changeInOperatingActivities,netIncome_y,changeInCash,operatingCashflow,otherOperatingCashflow,depreciation,dividendPayout,stockSaleAndPurchase,changeInInventory,changeInAccountReceivables,changeInNetIncome,capitalExpenditures,changeInReceivables,changeInExchangeRate,changeInCashAndCashEquivalents,clossingVal,nextClossingVal
0,2020-06-30,USD,206730000,145544000,47761000,158969000,67711000,51726000,22884000,None,60703000,None,74899000,None,61186000,None,456000,8977000,6000,-450000,None,None,None,8977000,-33000,None,51726000,51726000,None,USD,992414000,128144000,None,35674000,227144000,765270000,None,26983000,56000,219161000,39047000,375096000,56512000,275053000,175778000,None,None,-5352000,49108000,383554000,None,262030000,None,56416000,None,None,46889000,None,None,None,None,None,None,None,29456000,None,608860000,17160000,None,28322000,51366000,None,None,None,None,None,None,None,None,USD,-426000,12469000,-426000,None,-37101000,-17510000,-762000,-6063000,51726000,59429000,77346000,None,6552000,None,-9397000,None,-808000,13221000,426000,None,None,None,183.69,
1,2020-03-31,USD,151346000,86795000,40380000,110966000,24059000,16494000,21323000,None,23592000,None,65472000,-112000,24171000,40380000,467000,7098000,26000,-441000,None,None,None,7098000,-138000,None,16494000,16494000,None,USD,932019000,133747000,None,555169000,251711000,680308000,10735000,12670000,56000,167435000,38164000,375246000,54835000,215624000,200066000,47188000,47188000,-5014000,33757000,317464000,None,680308000,None,110499000,47188000,None,140208000,None,None,56000,None,167435000,-602088000,None,16970000,None,50727000,18285000,None,40910000,51645000,None,None,None,1119919000,932019000,215624000,None,17102000,USD,-1921000,4177000,-1921000,None,12572000,14763000,-762000,-9186000,16494000,59500000,46658000,-10064000,6681000,None,2191000,None,18645000,10725000,1921000,18645000,None,59500000,130.08,183.69
2,2019-12-31,USD,160902000,84422000,44234000,116668000,32060000,20334000,21316000,None,31495000,None,63106000,-186000,32246000,155216000,565000,11161000,35000,-530000,None,None,None,11161000,-221000,None,20334000,20334000,None,USD,902496000,145063000,None,572781000,236871000,665625000,11455000,12627000,56000,150941000,38012000,384540000,47530000,156307000,184668000,50188000,50188000,9713000,32983000,274683000,None,665625000,None,122728000,50188000,3900000,121853000,None,None,56000,None,150941000,-593511000,None,17697000,None,50680000,18803000,None,40748000,52203000,None,None,None,1098426000,902496000,156307000,None,17029000,USD,-507000,15823000,-507000,None,-17449000,-23643000,-762000,-3901000,20334000,12379000,36529000,-9496000,6812000,None,-6194000,None,-7993000,11049000,507000,-7993000,None,12379000,83.52,130.08
3,2019-09-30,USD,136172000,82319000,38202000,97970000,15666000,9148000,20281000,None,15077000,None,62038000,15000,15651000,None,589000,5929000,53000,-536000,None,None,None,5929000,-38000,None,9148000,9148000,None,USD,863800000,143998000,None,553248000,241554000,622246000,14781000,11978000,56000,130607000,35790000,374090000,48828000,143487000,149444000,12001000,12001000,-7053000,33684000,244953000,None,622246000,None,115134000,41188000,None,125465000,None,None,56000,None,130607000,-587193000,None,18247000,None,51931000,19445000,41188000,36141000,92110000,None,None,None,1085829000,863800000,143487000,None,17103000,USD,-1139000,21568000,-1139000,None,-5851000,-11248000,-762000,-7350000,9148000,33913000,46300000,-7655000,7174000,None,-5397000,None,4312000,11753000,1139000,4312000,None,33913000,74.45,83.52
4,2019-06-30,USD,138773000,79907000,36441000,102332000,22325000,13992000,19130000,None,21680000,None,60777000,-100000,22425000,None,645000,7688000,52000,-593000,None,None,None,7688000,-152000,None,13992000,13992000,None,USD,842648000,152304000,None,566796000,229020000,613628000,18575000,12352000,56000,121459000,39080000,381005000,43569000,109713000,130908000,11485000,11485000,-167000,34011000,214181000,None,613628000,None,114550000,44188000,None,107071000,None,None,56000,None,121459000,-580807000,None,17578000,None,51589000,18872000,44188000,35349000,98112000,None,None,None,1073087000,842648000,109713000,None,17189000,USD,-348000,-12189000,-348000,None,-1918000,-21833000,-93000,-5033000,13992000,-1301000,20880000,-2951000,7126000,None,-19915000,None,5094000,9808000,348000,5094000,None,-1325000,45.27,74.45
5,2019-03-31,USD,136003000,76423000,36339000,99664000,23211000,15755000,17314000,None,22497000,None,59109000,-30000,23241000,None,714000,6742000,-744000,-649000,None,None,None,6742000,-95000,None,15755000,15755000,None,USD,856409000,159460000,None,572812000,241780000,614629000,18749000,11185000,56000,107467000,38667000,384506000,42610000,110925000,141392000,10970000,10970000,4719000,35101000,217573000,None,614629000,None,120412000,47188000,None,119237000,None,None,56000,None,107467000,-560620000,None,17159000,None,52260000,18417000,47188000,34451000,100388000,None,None,None,1063007000,856409000,110925000,None,17472000,USD,-262000,-5859000,-262000,None,-8428000,-36038000,-93000,-6035000,15755000,-2856000,33444000,-77000,7129000,None,-27517000,None,7639000,8857000,262000,7639000,24000,-2832000,81.41,45.27
6,2018-12-31,USD,170231000,77378000,38816000,131415000,53929000,42661000,17746000,0,53242000,0,59632000,-108000,54037000,0,687000,None,None,None,0,0,0,10619000,-795000,0,42623000,42661000,None,USD,852774000,163859000,None,569363000,239109000,613665000,18665000,7159000,56000,91712000,37681000,381710000,41257000,113757000,151239000,10454000,10454000,757000,36337000,229611000,None,613665000,None,133317000,50189000,3800000,133626000,None,None,56000,None,91712000,-528529000,None,None,None,36337000,None,50189000,19016000,87870000,None,None,None,1049669000,852774000,113757000,None,17662000,USD,None,19126000,-1311000,-208500000,3338000,-79364000,-4144000,17042000,42661000,35342000,116017000,34507000,7324000,None,-82702000,None,12069000,11650000,1311000,12069000,151000,35493000,155.64,81.41
7,2018-09-30,USD,143507000,66091000,33124000,110383000,43418000,33413000,14432000,0,42750000,0,51659000,-874000,44292000,0,668000,None,None,None,0,0,0,9337000,-1542000,0,33413000,33413000,None,USD,859394000,171815000,None,585119000,206752000,652642000,15331000,4694000,56000,49051000,23619000,378805000,39643000,78264000,129944000,9938000,9938000,5549000,36801000,232330000,None,652642000,0,159210000,53189000,0,115312000,0,0,56000,0,49051000,-439969000,None,None,None,36801000,None,53189000,8288000,76808000,None,None,None,1037955000,859394000,78264000,None,18168000,USD,None,-1023000,-208864000,-208500000,-13437000,-19248000,None,-13549000,33413000,-204401000,23711000,-14407000,6340000,0,-5811000,0,-18414000,17802000,364000,-18414000,-203000,-204604000,226.2,155.64
8,2018-06-30,USD,139627000,63316000,29442000,110185000,46912000,45524000,12340000,0,46262000,0,50976000,43000,46869000,0,650000,None,None,None,0,0,0,700000,-607000,0,45562000,45524000,None,USD,788336000,72984000,None,329177000,177750000,610586000,0,3922000,55000,15638000,6588000,239705000,48893000,282868000,115489000,9423000,9423000,6000,36757000,389997000,None,610586000,0,139534000,55673000,0,102144000,0,0,55000,0,15638000,-427721000,None,None,None,36757000,None,55673000,6588000,62261000,None,None,None,1022608000,788336000,282868000,None,18151000,USD,None,-1964000,-776000,0,-1788000,6731000,None,-1589000,45524000,87020000,81065000,-3551000,5372000,0,8519000,0,24627000,11057000,776000,24627000,None,87020000,253.05,226.2
9,2018-03-31,USD,133565000,58837000,25527000,108038000,49250000,47044000,12073000,0,48660000,0,46764000,49000,49201000,0,590000,None,None,None,0,0,0,1616000,-541000,0,47044000,47044000,None,USD,727396000,76981000,None,332738000,180742000,546654000,0,3842000,55000,-29886000,6182000,239705000,48500000,195848000,116402000,8907000,8907000,7000,36598000,325612000,None,546654000,0,162212000,58158000,0,103653000,0,0,55000,0,-29886000,-414910000,None,None,None,36598000,None,58158000,6182000,64340000,None,None,None,991388000,727396000,195848000,None,17883000,USD,None,6533000,-447000,0,-3000000,-12896000,-4144000,-694000,47044000,41945000,55288000,-870000,5428000,0,-5752000,0,-11267000,8420000,447000,-11267000,None,41945000,201.05,253.05
10,2017-12-31,USD,132467000,60099000,20865000,111602000,51797000,40200000,12021000,0,50718000,0,48078000,294000,51503000,0,890000,None,None,None,0,0,0,10518000,-3255000,0,40200000,40200000,None,USD,679104000,320695000,None,335144000,181291000,497813000,0,3871000,55000,-76930000,5310000,239705000,370104000,153903000,115339000,8392000,8392000,6000,37507000,271493000,None,497813000,0,152550000,60642000,3200000,103076000,0,0,55000,0,-76930000,-387545000,None,None,None,37507000,None,60642000,5310000,65952000,None,None,None,962227000,679104000,153903000,None,17573000,USD,10000,17881000,-841000,0,-62010000,-77582000,-799000,1187000,40200000,-29635000,48788000,7141000,5482000,0,-15572000,0,-18041000,6326000,841000,-28242000,None,-29635000,188.0,201.05
11,2017-09-30,USD,115062000,57868000,21534000,93528000,35780000,46225000,12037000,0,34813000,0,45831000,120000,35660000,0,967000,None,None,None,0,0,0,-11412000,0,0,46225000,46225000,None,USD,691362000,324705000,None,369321000,225421000,465941000,0,128715000,54000,-117213000,None,239705000,372515000,183538000,100304000,7876000,7876000,7000,38138000,280709000,None,465941000,0,100365000,125117000,0,88830000,0,0,54000,0,-117213000,-356908000,None,None,None,38138000,None,None,None,None,None,None,None,940001000,691362000,183538000,None,17337000,USD,None,13192000,-1612000,0,-1412000,4261000,-4144000,-21880000,46225000,73195000,70546000,-21880000,5522000,0,5673000,0,10201000,14146000,1612000,13341000,None,73195000,202.65,188.0
12,2017-06-30,USD,116140000,55359000,19089000,97051000,41692000,31040000,11628000,0,40919000,0,43731000,None,41692000,0,932000,None,None,None,0,0,0,9879000,0,0,31040000,31040000,None,USD,616512000,328714000,None,351902000,213801000,402711000,0,130938000,54000,-163438000,None,239705000,378885000,110343000,86714000,7360000,7360000,7000,38199000,199428000,None,402711000,0,116068000,127087000,0,75503000,0,0,54000,0,-163438000,-341699000,None,None,None,38199000,None,None,None,None,None,None,None,907787000,616512000,110343000,None,16932000,USD,1502000,-7373000,217000,10000,-1526000,-36504000,-799000,-9523000,31040000,-6592000,29695000,-9523000,5492000,0,-34179000,0,-8971000,13989000,1295000,-3930000,None,-6592000,154.875,202.65
13,2017-03-31,USD,105040000,52654000,17738000,87302000,34648000,33138000,10522000,0,33798000,0,42132000,None,34648000,0,880000,None,None,None,0,0,0,660000,0,0,33138000,33138000,None,USD,618060000,332723000,None,347486000,223175000,394885000,0,132879000,54000,-194478000,None,239705000,384816000,116935000,94120000,6845000,6845000,9000,38066000,195178000,None,394885000,1514000,114059000,129055000,0,83451000,0,0,54000,0,-194478000,-297676000,None,None,None,38066000,None,None,None,None,None,None,None,886976000,618060000,118449000,None,17076000,USD,-4000,-2433000,-3069000,0,-12092000,-35722000,-799000,-2205000,33138000,10003000,48794000,-2205000,5320000,0,-23630000,0,790000,14184000,3065000,790000,None,10003000,118.35,154.875
14,2016-12-31,USD,105896000,46550000,17903000,87993000,41706000,29028000,9579000,0,40747000,0,36971000,263000,41443000,0,904000,None,None,None,0,0,0,11719000,-3246000,0,29028000,29028000,None,USD,610129000,336732000,None,349813000,237417000,372712000,0,3858000,53000,-229715000,None,239705000,389020000,106932000,96392000,6329000,6329000,11000,36829000,184280000,None,372712000,1511000,115044000,141025000,3500000,86205000,0,0,53000,0,-229715000,-252981000,None,None,None,36829000,None,141025000,None,141025000,None,None,None,855344000,610129000,108443000,None,16897000,USD,1514000,12468000,-3333000,0,-2019000,-14970000,17013000,-946000,29028000,25788000,44091000,837000,5323000,0,-29964000,0,-6510000,-898000,4847000,-2667000,None,25788000,114.65,118.35
15,2016-09-30,USD,92559000,44241000,16727000,75832000,31591000,18672000,9111000,0,30787000,0,35130000,None,31591000,0,828000,None,None,None,0,0,0,12115000,0,0,18672000,18672000,None,USD,573137000,340578000,None,350173000,225692000,347445000,0,149168000,53000,-258743000,None,239532000,387248000,81144000,82699000,5814000,5814000,15000,32032000,153857000,None,347445000,3029000,106759000,142993000,0,70710000,0,0,53000,0,-258743000,-219821000,None,None,None,32032000,None,None,None,None,None,None,None,825941000,573137000,84173000,None,17131000,USD,3367000,1283000,-54282000,-55447000,1172000,-2961000,9464000,-291000,18672000,-35129000,22114000,-291000,5237000,0,-13597000,0,3843000,10027000,2202000,-12814000,None,-35129000,94.51,114.65
16,2016-06-30,USD,84013000,45326000,13720000,70293000,24967000,14291000,8131000,0,24093000,0,37195000,None,24967000,0,905000,None,None,None,0,0,0,9802000,0,0,14291000,14291000,None,USD,547047000,288120000,None,298557000,222956000,324091000,0,149720000,53000,-277415000,None,198752000,336176000,116273000,78509000,5298000,5298000,22000,31677000,179194000,None,324091000,6403000,94137000,144447000,0,67938000,0,0,53000,0,-277415000,-202420000,None,None,None,31677000,None,None,None,None,None,None,None,803851000,547047000,122676000,None,17229000,USD,2656000,1613000,2239000,0,-8733000,-33305000,201000,1561000,14291000,4009000,35075000,1561000,4413000,0,-24773000,0,8971000,16962000,417000,-3765000,None,4009000,87.42,94.51
17,2016-03-31,USD,81837000,44996000,14622000,67215000,22262000,13238000,8337000,0,21347000,0,36659000,43000,22219000,0,915000,None,None,None,0,0,0,8109000,0,0,13238000,13238000,None,USD,554403000,291368000,None,303523000,228440000,325963000,0,159367000,53000,-291706000,None,198752000,350894000,112264000,72634000,4876000,4876000,30000,30789000,172720000,None,325963000,7526000,100301000,155806000,0,64197000,0,0,53000,0,-291706000,-175838000,None,None,None,30789000,None,None,None,None,None,None,None,793424000,554403000,119790000,None,17476000,USD,1027000,4576000,170000,-573000,-2818000,201000,106000,-3053000,13238000,47138000,46767000,-3053000,4551000,0,2913000,0,12736000,14719000,284000,12736000,None,47138000,106.28,87.42
18,2015-12-31,USD,69876000,57693000,12150000,56693000,-957000,-71000,6991000,0,-1354000,0,50702000,43000,-1000000,0,397000,None,None,None,0,10000000,0,-1283000,-56339000,0,-71000,-71000,None,USD,528614000,293757000,None,303631000,289645000,238969000,0,67209000,52000,-304944000,None,197807000,359831000,65126000,132292000,4267000,4267000,18000,31707000,137076000,1529000,238969000,8553000,119597000,157353000,3500000,60816000,0,0,52000,0,-304944000,-172410000,None,None,None,31707000,None,157353000,None,157353000,None,None,None,716253000,528614000,73679000,None,16000000,USD,2567000,11499000,-209884000,-214165000,174902000,187961000,618000,-1059000,-71000,-24433000,11153000,1642000,2564000,0,2946000,0,-32480000,25029000,639000,-29510000,None,-24433000,109.61,106.28
19,2015-09-30,USD,51669000,27489000,11189000,40480000,13039000,7274000,4758000,0,13039000,0,22731000,48000,12991000,0,0,None,None,None,0,0,0,5765000,0,0,7274000,7274000,None,USD,302583000,84122000,None,94812000,73970000,228613000,0,44838000,52000,-304873000,None,66893000,149088000,89559000,73970000,None,None,46000,29251000,124244000,None,228613000,9617000,79344000,0,0,29132000,0,0,52000,0,-304873000,-172410000,None,None,None,29251000,None,None,None,None,None,None,None,705798000,302583000,99176000,None,16599000,USD,67000,-8798000,-355000,0,-82000,3570000,None,None,7274000,11734000,8519000,-1270000,1640000,0,3652000,0,0,10314000,422000,-641000,None,11734000,74.01,109.61
