,fiscalDateEnding,reportedCurrency_x,totalRevenue,totalOperatingExpense,costOfRevenue,grossProfit,ebit,netIncome_x,researchAndDevelopment,effectOfAccountingCharges,incomeBeforeTax,minorityInterest,sellingGeneralAdministrative,otherNonOperatingIncome,operatingIncome,otherOperatingExpense,interestExpense,taxProvision,interestIncome,netInterestIncome,extraordinaryItems,nonRecurring,otherItems,incomeTaxExpense,totalOtherIncomeExpense,discontinuedOperations,netIncomeFromContinuingOperations,netIncomeApplicableToCommonShares,preferredStockAndOtherAdjustments,reportedCurrency_y,totalAssets,intangibleAssets,earningAssets,otherCurrentAssets,totalLiabilities,totalShareholderEquity,deferredLongTermLiabilities,otherCurrentLiabilities,commonStock,retainedEarnings,otherLiabilities,goodwill,otherAssets,cash,totalCurrentLiabilities,shortTermDebt,currentLongTermDebt,otherShareholderEquity,propertyPlantEquipment,totalCurrentAssets,longTermInvestments,netTangibleAssets,shortTermInvestments,netReceivables,longTermDebt,inventory,accountsPayable,totalPermanentEquity,additionalPaidInCapital,commonStockTotalEquity,preferredStockTotalEquity,retainedEarningsTotalEquity,treasuryStock,accumulatedAmortization,otherNonCurrrentAssets,deferredLongTermAssetCharges,totalNonCurrentAssets,capitalLeaseObligations,totalLongTermDebt,otherNonCurrentLiabilities,totalNonCurrentLiabilities,negativeGoodwill,warrants,preferredStockRedeemable,capitalSurplus,liabilitiesAndShareholderEquity,cashAndShortTermInvestments,accumulatedDepreciation,commonStockSharesOutstanding,reportedCurrency,investments,changeInLiabilities,cashflowFromInvestment,otherCashflowFromInvestment,netBorrowings,cashflowFromFinancing,otherCashflowFromFinancing,changeInOperatingActivities,netIncome_y,changeInCash,operatingCashflow,otherOperatingCashflow,depreciation,dividendPayout,stockSaleAndPurchase,changeInInventory,changeInAccountReceivables,changeInNetIncome,capitalExpenditures,changeInReceivables,changeInExchangeRate,changeInCashAndCashEquivalents,clossingVal,nextClossingVal
0,2020-06-30,USD,255831000,83892000,125544000,130287000,48034000,34152000,None,None,48034000,None,67301000,1639000,46395000,15417000,None,13882000,None,None,None,1174000,None,13882000,465000,None,34152000,34152000,None,USD,1791564000,245344000,None,19067000,307014000,1484550000,40107000,64904000,222000,192072000,80672000,732075000,30067000,470319000,148884000,None,None,659000,117247000,553496000,31917000,507131000,23106000,41004000,None,None,83980000,None,None,222000,None,192072000,None,None,111485000,None,1238068000,102310000,None,118023000,158130000,None,None,None,1291597000,1791564000,493425000,None,22222936,USD,8389000,-13643000,-2818000,None,None,-13004000,331000,-4728000,34152000,27424000,43246000,-3096000,26335000,-13335000,0,None,267000,-769000,11207000,267000,None,27424000,153.65,
1,2020-03-31,USD,265302000,88407000,132936000,132366000,46082000,35239000,None,None,46082000,None,69226000,2123000,43959000,15417000,None,10843000,None,None,None,3764000,None,10843000,-1641000,None,35239000,35239000,None,USD,1783821000,259178000,None,21761000,324674000,1459147000,44581000,65301000,222000,171266000,85021000,732075000,23566000,442845000,160888000,None,None,253000,117284000,532783000,36590000,467894000,26842000,41335000,None,None,95587000,None,None,222000,None,171266000,None,None,105911000,None,1251038000,103571000,None,119205000,163786000,None,None,None,1287406000,1783821000,469687000,None,22213587,USD,7924000,3841000,-6334000,7924000,None,-38663000,-25089000,-4535000,35239000,23698000,68695000,-736000,25881000,-13327000,-247000,None,3553000,917000,14258000,3553000,None,23698000,139.76,153.65
2,2019-12-31,USD,263772000,93236000,133323000,130449000,39710000,28537000,None,None,39710000,None,67595000,2497000,37213000,15416000,-800000,11173000,55000000,None,None,10225000,None,11173000,-7728000,None,28537000,28537000,None,USD,1789408000,273011000,None,18004000,326698000,1462710000,47942000,64568000,220000,152819000,89393000,732075000,21788000,419693000,156748000,None,None,233000,117029000,524094000,36633000,457624000,34874000,51523000,None,None,92180000,None,None,220000,None,152819000,None,None,106566000,None,1265314000,105841000,None,122008000,169950000,None,None,None,1309438000,1789408000,454567000,None,21964809,USD,-13590000,9551000,-24510000,623000,None,-13328000,-25089000,-1520000,28537000,22901000,60739000,2970000,26092000,-13328000,None,None,-488000,-5923000,10920000,-488000,None,22901000,158.9,139.76
3,2019-09-30,USD,241747000,89220000,132527000,109220000,23243000,16692000,None,None,23243000,None,72303000,3243000,20000000,15417000,-800000,6551000,-100000,None,None,1500000,None,6551000,1743000,None,16692000,16692000,None,USD,1781196000,286844000,None,17130000,336537000,1444659000,57016000,71738000,220000,137639000,95640000,732075000,20435000,397094000,157830000,None,None,447000,116489000,505613000,26532000,425740000,33455000,57934000,None,None,86092000,None,None,220000,None,137639000,None,None,113643000,None,1275583000,109234000,None,121691000,178707000,None,None,None,1306353000,1781196000,430549000,None,21964505,USD,4836000,-29000,-4074000,14213000,None,-12691000,-1588000,-1734000,16692000,21579000,38344000,5125000,26514000,-11103000,None,None,-3519000,-6439000,8910000,-3519000,None,21579000,135.88,158.9
4,2019-06-30,USD,245110000,86810000,130704000,114406000,31721000,24409000,None,None,31721000,None,68374000,4125000,27596000,15417000,-800000,7312000,None,None,None,3019000,None,7312000,1106000,None,24409000,24409000,None,USD,1784570000,300678000,None,17660000,346694000,1437876000,66323000,67753000,219000,132060000,105877000,732104000,19784000,375515000,153819000,None,None,449000,118462000,490321000,25737000,405094000,39288000,57858000,None,None,86066000,None,None,219000,None,132060000,None,None,117268000,None,1294249000,113832000,None,126552000,192875000,None,None,None,1305148000,1784570000,414803000,None,21948563,USD,3090000,-12837000,-7013000,9377000,None,-14267000,-3164000,-404000,24409000,23125000,44405000,2571000,26691000,-11103000,None,None,930000,2641000,10103000,930000,None,23125000,178.0,135.88
5,2019-03-31,USD,246508000,86735000,134050000,112458000,29050000,11500000,None,None,29050000,None,64139000,3327000,25723000,15417000,-200000,17550000,-100000,None,None,7179000,None,17550000,-3852000,None,11500000,11500000,None,USD,1775390000,314511000,None,16874000,351952000,1423438000,70298000,67288000,219000,118783000,107934000,732799000,19052000,352387000,153517000,26462000,26462000,266000,119040000,456589000,31866000,376128000,36486000,50842000,90501000,None,86229000,None,None,219000,None,118783000,None,None,120585000,None,1318801000,116963000,None,128137000,198435000,None,None,None,1304170000,1775390000,388873000,None,21923800,USD,6287000,1307000,-2469000,6287000,None,-15534000,-4443000,-1922000,11500000,40655000,58658000,967000,26193000,-11091000,None,None,4847000,13844000,8756000,4847000,None,40655000,131.31,178.0
6,2018-12-31,USD,242103000,104908000,118320000,123783000,20310000,22455000,0,0,20630000,0,80933000,1435000,18875000,16021000,-200000,None,None,None,0,7954000,0,-1825000,-6804000,0,22455000,22455000,None,USD,1661029000,328344000,None,15814000,235805000,1425224000,59358000,38733000,217000,118322000,110674000,732540000,19429000,311732000,125131000,None,None,32000,122677000,420361000,37678000,364340000,37121000,55694000,None,None,86398000,None,None,217000,None,118322000,None,None,19429000,None,1240668000,None,None,51316000,110674000,None,None,None,1306653000,1661029000,348853000,None,21743498,USD,-4504000,16990000,-16551000,-528000,None,-9623000,-400000,1540000,22455000,35340000,61514000,5213000,25331000,-11040000,1817000,None,-347000,-8128000,11519000,-347000,None,35340000,113.42,131.31
7,2018-09-30,USD,160945000,124782000,93290000,67655000,-56017000,-52781000,0,0,-56017000,0,71765000,1110000,-57127000,23397000,-200000,None,None,None,0,29620000,0,-3236000,-41629000,0,-52781000,-52781000,None,USD,1645696000,342477000,None,17367000,237366000,1408330000,71126000,38025000,217000,106907000,121249000,730729000,23143000,276382000,116117000,None,None,-22000,124613000,391410000,33324000,335124000,38139000,59522000,0,0,78092000,0,0,217000,0,106907000,0,None,23143000,None,1254286000,None,None,50123000,121249000,None,None,None,1301228000,1645696000,314521000,None,21707599,USD,-5671000,-15741000,155284000,168387000,-1162000,-5814000,-459000,1362000,-52781000,104797000,-44673000,-9225000,18949000,-11024000,6831000,0,11143000,2982000,7432000,11143000,None,104797000,137.03,113.42
8,2018-06-30,USD,114668000,45794000,64690000,49978000,4792000,5188000,0,0,4631000,0,36785000,608000,4184000,6185000,161000,None,None,None,0,2824000,0,-557000,-8562000,0,5188000,5188000,None,USD,336765000,17919000,None,11385000,112925000,223840000,0,22547000,113000,170712000,43721000,17919000,32549000,171600000,69204000,None,None,None,72125000,214172000,None,205921000,0,31187000,0,0,46657000,0,0,113000,0,170712000,0,None,9698000,None,22851000,None,None,43721000,43721000,None,None,None,53015000,336765000,171600000,None,11306527,USD,-5671000,-5494000,-4363000,0,None,-2889000,-1162000,-2056000,5188000,5725000,12977000,5987000,4453000,-2889000,0,0,-667000,3510000,4363000,-667000,None,5725000,113.01,137.03
9,2018-03-31,USD,116469000,41365000,63776000,52693000,11776000,9467000,0,0,11617000,0,36018000,448000,11328000,0,159000,None,None,None,0,5347000,0,2150000,-5058000,0,9467000,9467000,None,USD,331810000,20744000,None,10558000,113518000,218292000,0,23931000,113000,168413000,41240000,20744000,35958000,165867000,72278000,None,None,None,73686000,201422000,None,197548000,8000,24997000,0,0,48347000,0,0,113000,0,168413000,0,None,12155000,None,23803000,None,None,41240000,41240000,None,None,None,49766000,331810000,165867000,None,11300671,USD,-5671000,2063000,-4233000,0,None,-2889000,-1162000,-19000,9467000,9927000,17049000,2238000,4684000,-2889000,0,0,-2249000,846000,4233000,-2249000,None,9927000,101.05,113.01
10,2017-12-31,USD,118707000,41901000,65118000,53589000,12030000,-6495000,0,0,11869000,0,41901000,342000,11688000,0,161000,None,None,None,0,48123000,0,18364000,-1869000,0,-6495000,-6495000,None,USD,321278000,20744000,None,11293000,112081000,209197000,0,21851000,112000,162006000,43015000,20744000,57167000,155933000,69066000,None,None,None,73763000,190348000,None,188453000,15000,23122000,0,0,47215000,0,0,112000,0,162006000,0,None,11971000,None,24452000,None,None,43015000,43015000,None,None,None,47079000,321278000,155933000,None,11167425,USD,None,1202000,-3478000,0,None,-2855000,None,-8396000,-6495000,5450000,11783000,2006000,4651000,-2855000,0,0,-3250000,13215000,3478000,-2796000,None,5450000,89.58,101.05
11,2017-09-30,USD,108512000,43301000,56987000,51525000,8527000,6227000,0,0,8365000,0,43301000,303000,8224000,0,162000,None,None,None,0,-53470000,0,2138000,0,0,6227000,6227000,None,USD,328575000,20744000,None,12917000,113086000,215489000,0,21784000,112000,171356000,40788000,20744000,67480000,150483000,72298000,None,None,None,74335000,186760000,None,194745000,8000,23360000,0,0,50514000,0,0,112000,0,171356000,0,None,12127000,None,34609000,None,None,40788000,40788000,None,None,None,44021000,328575000,150483000,None,11167425,USD,None,2823000,-6138000,0,None,-2854000,None,-8300000,6227000,2616000,11608000,-2189000,4317000,-2854000,0,0,454000,747000,6138000,-317000,None,2616000,87.27,89.58
12,2017-06-30,USD,112720000,37210000,61656000,51064000,14107000,10302000,0,0,13947000,0,37210000,253000,13854000,0,160000,None,None,None,0,5347000,0,3645000,0,0,10302000,10302000,None,USD,318482000,20744000,None,10357000,109281000,209201000,0,20017000,112000,167983000,47978000,20744000,65725000,147867000,61303000,None,None,None,72706000,180051000,None,188457000,15000,21827000,0,0,41286000,0,0,112000,0,167983000,0,None,12540000,None,32441000,None,None,47978000,47978000,None,None,None,41106000,318482000,147867000,None,11167425,USD,None,-7784000,-4594000,0,None,-2343000,511000,-2640000,10302000,768000,7705000,212000,4226000,-2854000,0,0,137000,905000,4594000,-156000,None,768000,93.22,87.27
13,2017-03-31,USD,114912000,35053000,61416000,53496000,18624000,10578000,0,0,18465000,0,35053000,181000,18443000,0,159000,None,None,None,0,0,0,7887000,0,0,10578000,10578000,None,USD,313974000,20744000,None,9978000,115448000,198526000,0,19235000,112000,160535000,49217000,20744000,63771000,147099000,66231000,None,None,None,72803000,177400000,None,177782000,0,20323000,0,0,46996000,0,0,112000,0,160535000,0,None,12908000,None,30119000,None,None,49217000,49217000,None,None,None,37879000,313974000,147099000,None,11159884,USD,None,6359000,-3841000,0,None,-3364000,-511000,1026000,10578000,17854000,25059000,1026000,3888000,-2853000,0,0,19000,3189000,3841000,19000,None,17854000,80.49,93.22
14,2016-12-31,USD,119279000,34774000,64851000,54428000,19789000,11718000,0,0,19628000,0,34774000,135000,19654000,0,161000,None,None,None,0,0,0,7910000,-2801000,0,11718000,11718000,None,USD,298696000,20744000,None,10766000,110322000,188374000,0,16824000,111000,152810000,50483000,20744000,65029000,129245000,59839000,None,None,None,73124000,160543000,None,167630000,13000,20532000,0,0,43015000,0,0,111000,0,152810000,0,None,13189000,None,31096000,None,None,50483000,50483000,None,None,None,35453000,298696000,129245000,None,11093489,USD,None,-79000,-5660000,0,None,-1358000,-1358000,-13614000,11718000,8743000,14403000,345000,4014000,-11416000,0,0,-1453000,283000,5660000,-1878000,None,8743000,80.63,80.49
15,2016-09-30,USD,102156000,41031000,56295000,45861000,4945000,2878000,0,0,4784000,0,41031000,115000,4830000,0,161000,None,None,None,0,0,0,1906000,0,0,2878000,2878000,None,USD,286504000,20793000,None,10838000,113285000,173219000,0,16836000,111000,141092000,51631000,20793000,62077000,120502000,61654000,None,None,None,71725000,152702000,None,152426000,0,21362000,0,0,44818000,0,0,111000,0,141092000,0,None,13390000,None,27894000,None,None,51631000,51631000,None,None,None,32016000,286504000,120502000,None,11093958,USD,None,3734000,-3649000,0,None,-953000,-953000,-2054000,2878000,3080000,7682000,-2054000,3925000,0,0,0,425000,-981000,3649000,180000,None,3080000,46.68,80.63
16,2016-06-30,USD,108487000,33809000,61782000,46705000,13008000,7786000,0,0,12848000,0,33809000,112000,12896000,0,160000,None,None,None,0,0,0,5062000,0,0,7786000,7786000,None,USD,277551000,20793000,None,8409000,109613000,167938000,0,17413000,112000,138214000,50073000,20793000,59193000,117422000,59540000,None,None,None,72577000,145781000,None,147145000,0,19950000,0,0,42127000,0,0,112000,0,138214000,0,None,13891000,None,24509000,None,None,50073000,50073000,None,None,None,29612000,277551000,117422000,None,11164911,USD,None,-4447000,-7821000,-6000000,None,-405000,-953000,318000,7786000,-76000,7745000,318000,4050000,0,0,0,245000,510000,1821000,-472000,None,-76000,49.13,46.68
17,2016-03-31,USD,111166000,32976000,58098000,53068000,20192000,12420000,0,0,20032000,0,32976000,100000,20092000,0,160000,None,None,None,0,0,0,7612000,0,0,12420000,12420000,None,USD,277696000,21042000,None,8383000,119579000,158117000,0,17149000,112000,130428000,57091000,21042000,58248000,117498000,62488000,None,None,None,74954000,144494000,None,137075000,0,18613000,0,0,45339000,0,0,112000,0,130428000,0,None,14276000,22930000,133202000,None,None,57091000,57091000,None,None,None,27577000,277696000,117498000,None,11153979,USD,None,-660000,-3666000,-1635000,None,-405000,-405000,None,12420000,10609000,14680000,-4423000,4368000,0,0,0,717000,2258000,2031000,717000,None,10609000,48.75,49.13
18,2015-12-31,USD,113660000,32130000,55481000,53786000,21717000,13041000,0,0,21556000,0,32130000,61000,21656000,0,161000,None,None,None,0,0,0,8515000,-3986000,0,13041000,13041000,None,USD,248434000,6800000,None,13390000,105578000,142856000,0,12654000,110000,118008000,47987000,6800000,32497000,106889000,57591000,None,None,None,77139000,132352000,None,136056000,0,18519000,0,0,42253000,0,0,110000,0,118008000,0,None,5694000,20003000,109636000,None,None,47987000,47987000,None,None,None,24738000,248434000,106889000,None,11000000,USD,None,2519000,-3105000,0,-118750000,-120250000,-1500000,1053000,13041000,19972000,23077000,2623000,4461000,-11416000,0,0,-1991000,1989000,3105000,-1556000,None,19972000,60.12,48.75
19,2015-09-30,USD,99142000,36607000,55281000,43861000,7298000,3723000,0,0,6154000,0,36607000,44000,7254000,0,1144000,None,None,None,0,0,0,2431000,0,0,3723000,3723000,None,USD,230273000,8400000,None,15745000,103096000,127177000,0,12022000,110000,104967000,45561000,6800000,31958000,86917000,57535000,None,None,None,78589000,119726000,None,120377000,700000,17064000,0,0,45513000,0,0,110000,0,104967000,0,None,5687000,19471000,110547000,None,None,45561000,45561000,None,None,None,22100000,230273000,86917000,None,11028265,USD,None,3541000,-2530000,0,-116475000,-116475000,None,None,3723000,-108640000,10365000,-955000,5129000,0,0,0,0,916000,2530000,-1989000,None,-108640000,54.97,60.12
