,fiscalDateEnding,reportedCurrency_x,totalRevenue,totalOperatingExpense,costOfRevenue,grossProfit,ebit,netIncome_x,researchAndDevelopment,effectOfAccountingCharges,incomeBeforeTax,minorityInterest,sellingGeneralAdministrative,otherNonOperatingIncome,operatingIncome,otherOperatingExpense,interestExpense,taxProvision,interestIncome,netInterestIncome,extraordinaryItems,nonRecurring,otherItems,incomeTaxExpense,totalOtherIncomeExpense,discontinuedOperations,netIncomeFromContinuingOperations,netIncomeApplicableToCommonShares,preferredStockAndOtherAdjustments,reportedCurrency_y,totalAssets,intangibleAssets,earningAssets,otherCurrentAssets,totalLiabilities,totalShareholderEquity,deferredLongTermLiabilities,otherCurrentLiabilities,commonStock,retainedEarnings,otherLiabilities,goodwill,otherAssets,cash,totalCurrentLiabilities,shortTermDebt,currentLongTermDebt,otherShareholderEquity,propertyPlantEquipment,totalCurrentAssets,longTermInvestments,netTangibleAssets,shortTermInvestments,netReceivables,longTermDebt,inventory,accountsPayable,totalPermanentEquity,additionalPaidInCapital,commonStockTotalEquity,preferredStockTotalEquity,retainedEarningsTotalEquity,treasuryStock,accumulatedAmortization,otherNonCurrrentAssets,deferredLongTermAssetCharges,totalNonCurrentAssets,capitalLeaseObligations,totalLongTermDebt,otherNonCurrentLiabilities,totalNonCurrentLiabilities,negativeGoodwill,warrants,preferredStockRedeemable,capitalSurplus,liabilitiesAndShareholderEquity,cashAndShortTermInvestments,accumulatedDepreciation,commonStockSharesOutstanding,reportedCurrency,investments,changeInLiabilities,cashflowFromInvestment,otherCashflowFromInvestment,netBorrowings,cashflowFromFinancing,otherCashflowFromFinancing,changeInOperatingActivities,netIncome_y,changeInCash,operatingCashflow,otherOperatingCashflow,depreciation,dividendPayout,stockSaleAndPurchase,changeInInventory,changeInAccountReceivables,changeInNetIncome,capitalExpenditures,changeInReceivables,changeInExchangeRate,changeInCashAndCashEquivalents,clossingVal,nextClossingVal
0,2020-06-30,USD,400038000,26553000,340439000,59599000,33070000,25767000,None,None,33070000,55000,18451000,24000,33046000,7963000,7557000,7248000,24000,-7533000,None,139000,None,7248000,-139000,None,25822000,18210000,None,USD,1017510000,250620000,None,64033000,776425000,239637000,None,559458000,283000,-3708000,57203000,192014000,21757000,70612000,337692000,54979000,54979000,-7323000,119596000,416447000,None,-202997000,None,281802000,367028000,None,161988000,None,None,283000,None,-3708000,-3435000,None,17229000,None,21604000,17156000,None,61972000,438733000,None,None,None,253820000,1017510000,70612000,None,28034000,USD,-6963000,7926000,-6963000,257000,-47562000,-37820000,9742000,10909000,18265000,-3293000,41490000,5061000,8996000,None,0,None,-48138000,9168000,7220000,None,None,-3293000,10.47,
1,2020-03-31,USD,296688000,23142000,261443000,35245000,12202000,10918000,None,None,12202000,100000,17604000,99000,12103000,5065000,7803000,1184000,99000,-7704000,None,473000,None,1184000,-473000,None,11018000,3115000,None,USD,976395000,253486000,None,65126000,757465000,217537000,None,562585000,283000,-21918000,49402000,191892000,27321000,73905000,286332000,50211000,50211000,-7270000,117818000,371088000,None,-227841000,None,232057000,408828000,54791000,144669000,None,None,283000,None,-21918000,-4247000,None,14962000,None,27149000,14875000,408828000,54840000,471133000,None,None,None,250689000,976395000,73905000,None,27966000,USD,-6842000,-14421000,-6842000,512000,24918000,24243000,-675000,720000,3215000,28172000,10771000,-4676000,9307000,None,0,None,26979000,2925000,7354000,None,None,28172000,9.5,10.47
2,2019-12-31,USD,346544000,23847000,312965000,33579000,2160000,29999000,None,None,2160000,159000,15098000,-7572000,9732000,6334000,7698000,-27998000,156000,-7542000,None,2415000,None,-27998000,-9881000,None,30158000,22301000,None,USD,961940000,256323000,None,54345000,740729000,219918000,None,98499000,283000,-25033000,49224000,191892000,26195000,45733000,293504000,42473000,42473000,-209000,116030000,357521000,None,-228297000,None,257443000,390627000,42555000,152532000,None,None,283000,None,-25033000,-6142000,None,14162000,None,26012000,14071000,390627000,56598000,447225000,None,None,None,251019000,961940000,45733000,None,27772000,USD,-403780000,-211000,-403780000,-396254000,342126000,340367000,-299000,-2829000,22460000,-30797000,32616000,28437000,9470000,None,-1460000,None,21120000,-27751000,7526000,None,None,-30797000,14.08,9.5
3,2019-09-30,USD,291699000,17101000,262483000,29216000,12446000,10981000,None,None,12446000,552000,10839000,331000,12115000,4366000,3024000,913000,331000,-2693000,None,1896000,None,913000,-1896000,None,11533000,7957000,None,USD,521969000,40617000,None,78667000,338710000,180665000,None,196959000,271000,-47334000,55371000,85231000,202000,76530000,213659000,12238000,12238000,None,48584000,332746000,None,54817000,None,175163000,62489000,2386000,129513000,None,None,271000,None,-47334000,-6581000,None,14791000,None,189223000,14683000,62489000,52360000,125051000,None,None,None,234309000,521969000,76530000,None,26476000,USD,-2554000,9282000,-2554000,463000,-4672000,-5448000,24000,4272000,8509000,4800000,12802000,-1889000,4588000,None,-800000,None,-15443000,1594000,3017000,None,None,4800000,13.15,14.08
4,2019-06-30,USD,264086000,14312000,238590000,25496000,11475000,10732000,None,None,11475000,37000,10774000,291000,11184000,3538000,2904000,706000,291000,-2613000,None,None,None,706000,-3113000,None,10769000,7828000,None,USD,499895000,41218000,None,61847000,325202000,171851000,None,196171000,271000,-55291000,52143000,85231000,211000,71730000,198532000,12128000,12128000,None,49217000,309023000,None,45402000,None,172194000,66497000,3252000,116903000,None,None,271000,None,-55291000,-6688000,None,15206000,None,190872000,15089000,66497000,49932000,126670000,None,None,None,233559000,499895000,71730000,None,26466000,USD,-375000,28872000,-375000,665000,-153000,424000,577000,-2538000,7865000,14966000,14917000,1333000,4853000,None,0,None,-25001000,866000,1040000,None,None,14966000,13.42,13.15
5,2019-03-31,USD,223949000,14783000,204446000,19503000,5084000,4875000,None,None,5084000,46000,12489000,364000,4720000,2294000,3060000,163000,-2696000,-2696000,None,None,None,163000,-3696000,None,4921000,1815000,None,USD,463514000,41818000,None,50829000,297237000,163472000,None,201428000,271000,-63119000,49838000,85231000,246000,56764000,162010000,393000,393000,None,52011000,268918000,None,36423000,None,158626000,76851000,2699000,95416000,None,None,271000,None,-63119000,-7182000,None,15536000,None,194596000,15475000,76923000,48247000,135227000,None,None,None,233502000,463514000,56764000,None,26424000,USD,-3677000,-26956000,-3677000,137000,-5610000,-14412000,-501000,1483000,1861000,-37331000,-19242000,-27449000,5222000,-5100000,-8301000,None,-1976000,1124000,3814000,None,None,-37331000,12.52,13.42
6,2018-12-31,USD,255175000,17332000,228433000,26742000,9823000,8692000,0,0,9823000,945000,12191000,413000,9410000,5141000,-3085000,None,None,None,281000,0,0,186000,1328000,0,9637000,5607000,None,USD,482573000,42418000,None,49616000,310313000,164401000,1450000,62407000,271000,-64934000,52022000,85200000,309000,94095000,179174000,2899000,2899000,None,51999000,302616000,None,36783000,None,155746000,79117000,3159000,113868000,None,None,271000,None,-64934000,-4731000,None,309000,None,179926000,None,79117000,50572000,131139000,None,None,None,233795000,482573000,94095000,None,27000000,USD,None,-15409000,-3348000,290000,-257000,-7548000,-2560000,-3397000,6551000,4759000,15655000,-820000,7509000,None,-4731000,-1481000,18385000,4328000,3638000,18385000,None,4759000,10.89,12.52
7,2018-09-30,USD,291266000,17159000,259735000,31531000,14646000,11982000,0,0,14646000,1251000,11707000,274000,14372000,5452000,-3067000,None,None,None,0,0,0,1413000,2307000,0,13233000,8915000,None,USD,494164000,43018000,None,49132000,324466000,162783000,1299000,9289000,271000,-70544000,51373000,85231000,343000,89336000,194669000,3014000,3014000,None,52196000,313376000,None,34534000,4100000,171768000,78424000,3140000,185380000,169698000,233056000,271000,0,-70544000,0,None,343000,None,180788000,None,78424000,50074000,129797000,None,None,None,233056000,494164000,89336000,None,27068353,USD,None,16722000,-4078000,192000,-5954000,-6514000,790000,2519000,10168000,22751000,33343000,1344000,4204000,-1350000,-1350000,-1527000,331000,2234000,4270000,331000,None,22751000,14.32,10.89
8,2018-06-30,USD,268734000,19315000,237269000,31465000,12351000,11287000,0,0,12351000,966000,13622000,201000,12150000,5693000,-3111000,None,None,None,0,0,0,98000,-2010000,0,12253000,8176000,None,USD,470685000,43618000,None,137915000,310593000,153078000,0,7889000,271000,-79458000,49083000,85231000,227000,66585000,175761000,826000,826000,None,51726000,289883000,None,160092000,3600000,212846000,85749000,1613000,167872000,160092000,232265000,271000,0,-79458000,0,None,None,None,51726000,None,85749000,49083000,134832000,None,None,None,232265000,470685000,66585000,None,27000000,USD,None,17528000,-2945000,421000,-665000,299000,964000,4737000,9141000,11123000,13769000,2085000,4183000,0,0,249000,-19963000,-1804000,3366000,-19963000,None,11123000,13.03,14.32
9,2018-03-31,USD,222492000,13915000,201898000,20594000,6808000,5576000,0,0,6808000,1191000,13100000,129000,6679000,815000,-3087000,None,None,None,0,0,0,41000,-2958000,0,6767000,2489000,None,USD,439035000,44218000,None,135928000,288743000,144245000,0,8519000,270000,-87632000,45175000,85231000,265000,55462000,158462000,1057000,1057000,None,52142000,257179000,None,144245000,3600000,193640000,85106000,1863000,148886000,150292000,231607000,270000,0,-87632000,0,None,None,None,52142000,None,85106000,45175000,130281000,None,None,None,231607000,439035000,55462000,None,27000000,USD,None,-20910000,-1011000,886000,-4679000,-4187000,492000,-4357000,3680000,-28491000,-23293000,-3466000,4124000,0,0,2759000,-9847000,-824000,1897000,-9847000,None,-28491000,11.46,13.03
10,2017-12-31,USD,253911000,17000000,229942000,23969000,7091000,-3592000,0,0,7091000,1234000,11806000,122000,6969000,5194000,3128000,None,None,None,0,0,0,-351000,-2141000,0,7442000,3080000,None,USD,463298000,44818000,None,7529000,317109000,141333000,0,80776000,271000,-90121000,1271000,85231000,130366000,83953000,182292000,3978000,3978000,None,54406000,278526000,None,11284000,3600000,182423000,86160000,4621000,178314000,146189000,231183000,271000,0,-90121000,0,None,317000,None,184772000,None,86160000,48657000,134817000,None,None,None,231183000,463298000,83953000,None,27000000,USD,None,-1961000,1439000,2554000,-7132000,-13987000,-6855000,5460000,4314000,17412000,29960000,3857000,3854000,0,0,-2528000,-29923000,1031000,1115000,21393000,None,17412000,16.28,11.46
11,2017-09-30,USD,304219000,17992000,273588000,30631000,12746000,10708000,0,0,12746000,1694000,13129000,107000,12639000,4863000,3576000,None,None,None,0,0,0,344000,0,0,12402000,7132000,None,USD,473035000,130477000,None,140131000,330496000,138917000,0,93122000,270000,-93201000,595000,85277000,133778000,66541000,194953000,986000,986000,None,59464000,279793000,None,138917000,2000000,204806000,88619000,2093000,193967000,142539000,231848000,270000,0,-93201000,0,None,None,None,59464000,None,88619000,46924000,135543000,None,None,None,231848000,473035000,66541000,None,27000000,USD,None,1474000,1627000,4062000,-496000,-529000,-33000,7576000,8826000,6483000,5385000,-3681000,4753000,0,0,1428000,0,262000,2435000,-7677000,None,6483000,15.23,16.28
12,2017-06-30,USD,246412000,16849000,221207000,25205000,7645000,6646000,0,0,7645000,901000,12812000,-711000,8356000,4037000,2984000,None,None,None,0,0,0,98000,0,0,7547000,3662000,None,USD,455453000,130461000,None,141667000,322267000,131258000,0,96637000,270000,-100333000,473000,90971000,133429000,60058000,187323000,1039000,89164000,None,61275000,260749000,None,131258000,2000000,188932000,88125000,3521000,186284000,133186000,231321000,270000,0,-100333000,0,None,None,None,61275000,None,88125000,46819000,134944000,None,None,None,231321000,455453000,60058000,None,27000000,USD,None,13353000,-57726000,-53681000,82380000,89911000,7531000,-7955000,2677000,22911000,-9274000,3106000,4317000,0,0,1454000,0,2194000,4045000,-36375000,None,22911000,13.07,15.23
13,2017-03-31,USD,153416000,11075000,144129000,9287000,-1747000,-2145000,0,0,-1747000,371000,10604000,41000,-1788000,471000,112000,None,None,None,0,0,0,27000,0,0,-1774000,-2257000,None,USD,304576000,54820000,None,6609000,197738000,105811000,0,77286000,251000,-103995000,419000,54820000,57788000,37147000,151778000,2939000,2939000,None,65821000,180967000,None,50991000,2000000,133454000,1358000,3757000,148839000,106838000,209555000,251000,0,-103995000,0,None,2968000,None,123609000,None,1358000,44602000,45960000,None,None,None,209555000,304576000,37147000,None,25000000,USD,None,6114000,-1237000,588000,-1333000,-1339000,-6000,-2106000,0,-5638000,-3062000,-4752000,4070000,0,0,-49000,0,282000,1825000,-8727000,None,-5638000,9.25,13.07
14,2016-12-31,USD,168345000,12219000,161442000,6903000,-5302000,-6348000,0,0,-5302000,574000,9402000,14000,-5316000,2817000,452000,None,None,None,0,0,0,20000,5105000,0,-5322000,-6348000,None,USD,301823000,54820000,None,60268000,193733000,107434000,0,75572000,250000,-101738000,362000,54820000,57788000,42785000,146592000,3845000,3845000,None,68127000,175908000,None,107434000,2000000,126935000,1549000,3708000,142747000,108090000,208922000,250000,0,-101738000,0,None,None,None,68127000,None,1549000,45592000,47141000,None,None,None,208922000,301823000,42785000,None,23000000,USD,None,-13678000,-1509000,527000,-6325000,-7516000,-112000,333000,-9238000,-236000,8789000,-2830000,3951000,-1079000,-1079000,292000,-2020000,487000,2036000,20567000,None,-236000,8.46,9.25
15,2016-09-30,USD,205629000,13360000,188597000,17032000,3687000,2415000,0,0,3687000,740000,9575000,15000,3672000,3785000,491000,None,None,None,0,0,0,41000,0,0,3646000,2415000,None,USD,328215000,54820000,None,6170000,213759000,113295000,0,77853000,250000,-95390000,47377000,54820000,57788000,43021000,159430000,4653000,4653000,None,70363000,200064000,None,58475000,2000000,146873000,6952000,4000000,154777000,114456000,208435000,250000,0,-95390000,0,None,2968000,None,128151000,None,6952000,47377000,54329000,None,None,None,208435000,328215000,43021000,None,25000000,USD,None,2775000,-1989000,793000,-6598000,-6600000,-112000,-3536000,2415000,386000,8975000,-2485000,3953000,0,-2000,-275000,0,425000,2782000,4582000,None,386000,7.74,8.46
16,2016-06-30,USD,189582000,12708000,173493000,16089000,3382000,2023000,0,0,3382000,520000,9104000,1000,3381000,3604000,812000,None,None,None,0,0,0,27000,0,0,3355000,2023000,None,USD,330962000,54820000,None,60248000,220065000,110476000,0,72638000,250000,-97805000,49649000,54820000,57788000,42635000,157372000,4854000,4854000,None,72035000,201139000,None,110476000,2000000,152319000,13044000,3725000,152518000,110897000,208031000,250000,0,-97805000,0,None,None,None,72035000,None,13044000,49649000,62693000,None,None,None,208031000,330962000,42635000,None,23000000,USD,None,36050000,-2573000,679000,-14750000,4394000,-112000,2248000,2023000,27716000,25895000,5742000,3982000,0,19144000,-795000,0,-44000,3252000,-19040000,None,27716000,4.91,7.74
17,2016-03-31,USD,126567000,10296000,122737000,3830000,-6463000,-7328000,0,0,-6463000,-8000,10542000,3000,-6466000,-246000,873000,None,None,None,0,0,0,0,0,0,-6463000,-7328000,None,USD,284007000,54820000,None,59447000,195202000,88904000,0,53050000,198000,-99828000,355000,54820000,57788000,14919000,121363000,4857000,None,None,72481000,153738000,None,88904000,2000000,134230000,27273000,2930000,116506000,88805000,88805000,198000,88805000,-99828000,-88805000,None,None,None,72481000,None,27273000,46566000,73839000,None,None,None,188534000,284007000,14919000,None,20000000,USD,None,17079000,-2103000,715000,11802000,11756000,-46000,None,-7328000,10493000,840000,-6652000,4162000,0,0,-395000,0,575000,2818000,-13929000,None,10493000,5.15,4.91
18,2015-12-31,USD,152488000,12148000,136218000,12220000,68000,-1124000,0,0,68000,268000,9560000,-4000,72000,2588000,913000,None,None,None,0,0,0,15000,-1292000,0,53000,-1124000,None,USD,267284000,54820000,None,60833000,171530000,95845000,0,40429000,198000,-92500000,338000,54820000,58888000,4426000,104647000,5192000,4856000,None,73475000,134921000,None,95845000,2000000,121947000,16107000,2535000,99455000,95754000,95754000,198000,95754000,-92500000,-95754000,None,None,None,73475000,None,16107000,50776000,66883000,None,None,None,188147000,267284000,4426000,None,19000000,USD,None,-10413000,1684000,8543000,-15296000,-14223000,1073000,2621000,-1124000,-7062000,5477000,-2107000,4050000,0,0,4866000,3282000,11000,1000000,13936000,None,-7062000,6.08,5.15
19,2015-09-30,USD,176000000,12077000,161542000,14458000,2413000,256000,0,0,2413000,1109000,11119000,32000,2381000,958000,1083000,None,None,None,0,0,0,-39000,0,0,2452000,256000,None,USD,290674000,54820000,None,63864000,168207000,115459000,0,50871000,196000,-91376000,328000,54820000,58970000,11488000,115592000,5171000,None,None,74550000,157154000,None,115459000,2000000,138192000,30509000,2580000,110421000,122467000,122467000,196000,122467000,-91376000,-122467000,None,None,None,74550000,None,30509000,22106000,52615000,None,None,None,206639000,290674000,11488000,None,20000000,USD,2581000,-13945000,-3233000,-1995000,-3780000,-6731000,-2000000,None,256000,-2848000,7116000,13235000,4089000,-951000,-951000,0,0,624000,3819000,3113000,None,-2848000,4.11,6.08
