,fiscalDateEnding,reportedCurrency_x,totalRevenue,totalOperatingExpense,costOfRevenue,grossProfit,ebit,netIncome_x,researchAndDevelopment,effectOfAccountingCharges,incomeBeforeTax,minorityInterest,sellingGeneralAdministrative,otherNonOperatingIncome,operatingIncome,otherOperatingExpense,interestExpense,taxProvision,interestIncome,netInterestIncome,extraordinaryItems,nonRecurring,otherItems,incomeTaxExpense,totalOtherIncomeExpense,discontinuedOperations,netIncomeFromContinuingOperations,netIncomeApplicableToCommonShares,preferredStockAndOtherAdjustments,reportedCurrency_y,totalAssets,intangibleAssets,earningAssets,otherCurrentAssets,totalLiabilities,totalShareholderEquity,deferredLongTermLiabilities,otherCurrentLiabilities,commonStock,retainedEarnings,otherLiabilities,goodwill,otherAssets,cash,totalCurrentLiabilities,shortTermDebt,currentLongTermDebt,otherShareholderEquity,propertyPlantEquipment,totalCurrentAssets,longTermInvestments,netTangibleAssets,shortTermInvestments,netReceivables,longTermDebt,inventory,accountsPayable,totalPermanentEquity,additionalPaidInCapital,commonStockTotalEquity,preferredStockTotalEquity,retainedEarningsTotalEquity,treasuryStock,accumulatedAmortization,otherNonCurrrentAssets,deferredLongTermAssetCharges,totalNonCurrentAssets,capitalLeaseObligations,totalLongTermDebt,otherNonCurrentLiabilities,totalNonCurrentLiabilities,negativeGoodwill,warrants,preferredStockRedeemable,capitalSurplus,liabilitiesAndShareholderEquity,cashAndShortTermInvestments,accumulatedDepreciation,commonStockSharesOutstanding,reportedCurrency,investments,changeInLiabilities,cashflowFromInvestment,otherCashflowFromInvestment,netBorrowings,cashflowFromFinancing,otherCashflowFromFinancing,changeInOperatingActivities,netIncome_y,changeInCash,operatingCashflow,otherOperatingCashflow,depreciation,dividendPayout,stockSaleAndPurchase,changeInInventory,changeInAccountReceivables,changeInNetIncome,capitalExpenditures,changeInReceivables,changeInExchangeRate,changeInCashAndCashEquivalents,clossingVal,nextClossingVal
0,2020-06-30,USD,8931000,-11897000,12342000,-3411000,8617000,4134000,None,None,4951000,-331000,-11897000,131000,8486000,None,3666000,1148000,None,-3666000,None,None,None,1148000,15131000,None,3803000,4134000,None,USD,551705000,None,None,None,415718000,124412000,7030000,None,93000,-40503000,16868000,None,23540000,34872000,19207000,None,None,None,475266000,34872000,6960000,124412000,None,None,363849000,6960000,19207000,None,None,93000,None,-40503000,-21600000,None,25027000,None,9580000,12894000,363849000,25632000,396511000,None,None,None,186422000,551705000,34872000,None,None,USD,-2473000,-1636000,-2473000,-404000,-10240000,-10240000,-342000,5413000,4134000,-2834000,9879000,7926000,3377000,0,None,None,None,212000,2069000,None,None,-2834000,19.81,
1,2020-03-31,USD,28134000,2815000,25967000,2167000,-750000,-1070000,None,None,-4665000,-1077000,2815000,-102000,-648000,None,3915000,-2518000,-4036000,-3915000,None,None,None,-2518000,-102000,None,-2147000,-1070000,None,USD,558938000,None,None,None,426932000,120100000,7423000,None,93000,-44637000,18848000,None,28590000,37706000,19851000,None,None,None,473874000,37706000,7546000,120100000,None,None,373068000,7546000,19851000,None,None,93000,None,-44637000,-21600000,None,29978000,None,9834000,12765000,373068000,26590000,407081000,None,None,None,186244000,558938000,37706000,None,None,USD,-2615000,-6828000,-2615000,-287000,6263000,6164000,-91000,-4152000,-1070000,-885000,-4434000,-3837000,3633000,-8000,None,None,None,2598000,2328000,None,None,-885000,17.69,19.81
2,2019-12-31,USD,-35674000,-1493000,-31258000,-4416000,-2824000,2023000,None,None,1613000,12983000,2201000,99000,-2923000,-3694000,-4438000,-89000,-4455000,4438000,320000,None,None,-89000,3793000,320000,1703000,2023000,None,USD,561368000,None,None,164592000,427286000,121099000,7654000,155225000,93000,-43567000,11732000,None,23379000,14609000,20628000,42482000,42482000,None,338382000,14609000,14872000,121099000,None,None,224565000,14872000,20628000,None,None,93000,None,-43567000,-21509000,None,181194000,None,12311000,12636000,224565000,174439000,406658000,None,None,None,186082000,561368000,14609000,None,8197000,USD,-9000,-1361000,-10070000,1322000,-2625000,-2715000,-172000,-4152000,-3329000,-11152000,1633000,6086000,2838000,0,-90000,None,None,-3463000,11383000,None,None,-11152000,30.98,17.69
3,2019-09-30,USD,22255000,22223000,19198000,3057000,2675000,-2960000,None,None,-3363000,18073000,3025000,-229000,32000,-37000,3203000,-401000,-3219000,-3203000,None,None,None,-401000,-192000,None,-2962000,-2960000,None,USD,567932000,None,None,17254000,430349000,119510000,8165000,None,93000,-45590000,21056000,None,29137000,32490000,27327000,51297000,51297000,None,302184000,49384000,16894000,119510000,None,None,367358000,16894000,15888000,None,None,93000,None,-45590000,-21509000,None,34004000,None,518548000,12508000,367358000,14991000,403022000,None,None,None,186516000,567932000,49744000,None,8000000,USD,-6633000,1067000,-6633000,-456000,26412000,25153000,-1245000,-1893000,-2960000,16105000,-2415000,-6472000,2835000,-14000,None,None,None,-1960000,6177000,None,None,16105000,29.37,30.98
4,2019-06-30,USD,23724000,23136000,20217000,3507000,3006000,-2390000,None,None,-2608000,-1000,2919000,-124000,588000,161000,2911000,-218000,-3047000,-2911000,None,None,None,-218000,-285000,None,-2390000,-2389000,None,USD,542731000,None,None,15566000,402219000,122437000,8647000,None,93000,-42630000,21816000,None,26588000,18073000,25700000,48658000,48658000,None,452915000,35970000,17897000,122437000,None,None,340622000,17897000,16461000,None,None,93000,None,-42630000,-21360000,None,30281000,None,506761000,12381000,340622000,14869000,376519000,None,None,None,186334000,542731000,33639000,None,8000000,USD,-16011000,-2104000,-16011000,-464000,17912000,17890000,-22000,-708000,-2390000,-390000,-2269000,-2051000,2703000,0,None,None,None,-21000,15547000,None,None,-390000,32.43,29.37
5,2019-03-31,USD,19698000,18168000,12339000,7359000,6497000,862000,None,None,1295000,18076000,3199000,224000,3627000,-2113000,2572000,433000,-2631000,-2572000,None,None,None,433000,2337000,None,862000,862000,None,USD,528783000,None,None,14981000,403867000,124916000,8984000,None,93000,-40241000,20236000,None,26524000,19048000,31088000,None,None,None,277670000,36571000,17523000,124916000,None,None,320909000,191015000,23943000,None,None,93000,None,-40241000,-21360000,None,29507000,None,492212000,12258000,320909000,12552000,354703000,None,None,None,186424000,528783000,19048000,None,8000000,USD,-31168000,25000,-31168000,-1725000,25913000,25587000,-309000,-928000,862000,-4890000,691000,-1079000,2630000,-17000,None,None,None,-1747000,29443000,None,None,-4890000,26.41,32.43
6,2018-12-31,USD,28602000,2628000,22635000,5967000,4378000,2093000,0,0,823000,-4000,2628000,1039000,3339000,0,2405000,-895000,None,None,1161000,0,0,-1266000,-1570000,0,2089000,1117000,None,USD,496493000,None,None,19915000,349842000,123986000,9270000,None,93000,-41103000,21795000,None,27372000,38919000,32516000,50221000,50221000,None,413806000,38919000,16396000,123986000,None,None,295531000,177128000,32516000,None,None,93000,None,-41103000,-21260000,None,15538000,None,11834000,None,295531000,12525000,317326000,None,None,None,186256000,496493000,38919000,None,8164000,USD,26000,2148000,-9452000,-988000,1596000,6575000,72000,-566000,1113000,-8173000,-5296000,-11887000,2405000,-32000,4939000,None,None,944000,8464000,None,None,-8173000,23.98,26.41
7,2018-09-30,USD,17923000,2650000,16310000,1613000,-964000,-3646000,0,0,-3114000,17730000,2650000,73000,-1037000,0,2150000,None,None,None,0,0,0,532000,-1867000,0,-3646000,-2372000,None,USD,488056000,0,None,25910000,347689000,122637000,9926000,10428000,93000,-42220000,22546000,0,26596000,47092000,325143000,293739000,52089000,None,395388000,47092000,18980000,122637000,25910000,None,241650000,179572000,31404000,140367000,186024000,93000,0,-42220000,-21260000,None,14054000,None,12542000,None,None,12620000,22546000,None,None,None,186024000,488056000,47092000,None,8000000,USD,26000,2898000,-10565000,-79000,27597000,38247000,10453000,-668000,-2372000,9795000,-17887000,-14837000,2171000,-32000,10650000,0,0,-5766000,10486000,None,None,9795000,30.6,23.98
8,2018-06-30,USD,23310000,3015000,19521000,3789000,865000,-900000,0,0,-877000,7080000,3015000,91000,774000,0,1742000,None,None,None,0,0,0,23000,-1654000,0,-900000,-857000,None,USD,448688000,0,None,24637000,316866000,124742000,10480000,7834000,93000,-39848000,20965000,0,25651000,37297000,295901000,265872000,43877000,None,366063000,37297000,19677000,124742000,24637000,None,221995000,175315000,30029000,131822000,185757000,93000,0,-39848000,-21260000,None,13537000,None,12114000,None,None,10485000,20965000,None,None,None,185757000,448688000,37297000,None,8000000,USD,26000,-542000,-19207000,-601000,15991000,22991000,6024000,-1475000,-857000,4062000,278000,-4800000,2053000,-32000,7000000,0,0,4420000,18606000,None,None,4062000,30.55,30.6
9,2018-03-31,USD,17765000,2981000,15687000,2078000,-714000,-2679000,0,0,-2273000,80000,2981000,189000,-903000,0,1559000,None,None,None,0,0,0,406000,-1373000,0,-2679000,-1870000,None,USD,426428000,0,None,17352000,300914000,125434000,11036000,7282000,93000,-38991000,22280000,0,23269000,33235000,278634000,249113000,40990000,None,347618000,33235000,22306000,125434000,17352000,11965000,208123000,182065000,29521000,125514000,185592000,93000,0,-38991000,-21260000,None,11304000,None,11965000,None,None,11244000,22280000,None,None,None,185592000,426428000,33235000,None,8000000,USD,26000,-4963000,-24794000,-418000,27826000,27623000,-203000,-822000,-1870000,-6155000,-8984000,-3817000,1942000,-32000,0,0,0,-272000,24376000,None,None,-6155000,30.2,30.55
10,2017-12-31,USD,21025000,2882000,17327000,3698000,2483000,-21868000,0,0,833000,-3000,4039000,1682000,801000,-1157000,1682000,None,None,None,0,0,0,22655000,17476000,0,-21871000,-6866000,None,USD,405993000,0,None,24779000,278603000,127310000,11320000,13429000,93000,-37121000,20895000,0,22313000,39390000,36238000,25765000,25765000,None,321678000,39390000,22612000,127310000,24779000,11461000,75145000,141096000,36238000,127390000,185395000,93000,0,-37121000,-21057000,None,10852000,None,11461000,None,None,231045000,242365000,None,None,None,185395000,405993000,39390000,None,8134000,USD,-37000,9124000,-18988000,728000,-5962000,-5963000,-1000,3428000,-6869000,-1541000,23410000,24896000,1930000,-8133000,0,0,0,-5671000,19716000,None,None,-1541000,29.7,30.2
11,2017-09-30,USD,17222000,-22086000,15668000,1554000,23700000,29933000,0,0,22123000,51000,2220000,60000,23640000,-24306000,1577000,None,None,None,0,0,0,-7810000,0,0,29933000,14308000,None,USD,410464000,0,None,23751000,276416000,133965000,11863000,10898000,93000,-30255000,22240000,0,34785000,39903000,254176000,227856000,38095000,None,317564000,39903000,18212000,133965000,23751000,18630000,227856000,131620000,26320000,134048000,185184000,93000,0,-30255000,-21057000,None,16155000,None,18630000,None,None,10377000,22240000,None,None,None,185184000,410464000,39903000,None,8000000,USD,-12402000,575000,-21617000,-12354000,22417000,22411000,-1161000,-2597000,14308000,1347000,553000,-4533000,2026000,-6000,0,0,0,-11830000,9263000,None,None,1347000,30.3,29.7
12,2017-06-30,USD,21429000,2846000,18288000,3141000,304000,-1533000,0,0,-1204000,8000,2846000,9000,295000,0,1508000,None,None,None,0,0,0,321000,0,0,-1525000,-893000,None,USD,395454000,0,None,10597000,275818000,119553000,38714000,11193000,93000,-44563000,49124000,0,43546000,25402000,226694000,204168000,204168000,None,306310000,25402000,20196000,119553000,10597000,29973000,204168000,123170000,22526000,119636000,185080000,93000,0,-44563000,-21057000,None,13573000,None,29973000,None,None,10410000,49124000,None,None,None,185080000,395454000,25402000,None,8000000,USD,-605000,-1707000,-3352000,-553000,4021000,-4104000,2000,-229000,-885000,-12278000,-4822000,-3583000,1756000,-8127000,0,0,0,-371000,2799000,None,None,-12278000,29.4,30.3
13,2017-03-31,USD,20664000,4834000,17344000,3320000,-1957000,-2653000,0,0,-3915000,75000,4834000,-458000,-1499000,0,1975000,None,None,None,0,0,0,-1262000,0,0,-2653000,-2670000,None,USD,401968000,0,None,9757000,281638000,120255000,39324000,20876000,93000,-43670000,48750000,0,41220000,36840000,232888000,199859000,199859000,None,303466000,36840000,20442000,120255000,9757000,27141000,199859000,121847000,33029000,120330000,184889000,93000,0,-43670000,-21057000,None,14079000,None,27141000,None,None,9426000,48750000,None,None,None,184889000,401968000,36840000,None,8000000,USD,-322000,812000,114538000,116839000,-91928000,-92164000,-236000,-1234000,-2670000,13486000,-8888000,-218000,2141000,0,0,0,0,-8978000,2301000,None,None,13486000,27.4,29.4
14,2016-12-31,USD,20985000,79164000,14670000,21423000,-4114000,-5999000,0,0,-8778000,0,2446000,None,1641000,0,4014000,None,None,None,0,0,0,-2461000,-9955000,0,-5139000,-6740000,None,USD,452175000,0,None,11892000,321149000,130951000,0,13240000,92000,-41143000,10073000,0,35205000,25489000,313322000,293348000,46547000,None,370245000,25489000,21236000,130951000,11892000,17223000,241933000,132609000,19974000,131026000,192762000,92000,0,-41143000,-20760000,None,17982000,None,17223000,None,None,301175000,301175000,None,None,None,192762000,452175000,25489000,None,8067000,USD,-32000,-3157000,-28247000,-2196000,30233000,28528000,-1705000,-6211000,-5999000,-3439000,-3720000,None,8082000,0,0,0,0,1884000,28215000,None,None,None,32.75,27.4
15,2016-09-30,USD,21180000,2497000,18258000,2922000,602000,-1659000,0,0,-1974000,225000,2497000,177000,425000,0,2579000,None,None,None,0,0,0,-318000,0,0,-1659000,-1659000,None,USD,457849000,0,None,None,326623000,131151000,0,23088000,92000,-40969000,10247000,0,43563000,26922000,316376000,285358000,None,None,365838000,26922000,21526000,131151000,10682000,28156000,285358000,133017000,31018000,131226000,192788000,92000,0,-40969000,-20760000,None,15407000,None,28156000,None,None,10247000,10247000,None,None,None,192788000,457849000,26922000,None,8000000,USD,-32000,6973000,-2387000,-2000,-3097000,-3085000,12000,-122000,-1659000,5674000,11146000,13213000,2189000,0,0,0,0,-9570000,2385000,None,None,5674000,24.4,32.75
16,2016-06-30,USD,19150000,4146000,16366000,2784000,-1484000,-2483000,0,0,-3805000,-225000,4146000,-122000,-1362000,0,2346000,None,None,None,0,0,0,-1347000,0,0,-2483000,-2483000,None,USD,454258000,0,None,None,321575000,132608000,0,12018000,92000,-39310000,9414000,0,34207000,20647000,312161000,288143000,None,None,375081000,20647000,24323000,132608000,10081000,15367000,288143000,146709000,24018000,132683000,192586000,92000,0,-39310000,-20760000,None,18840000,None,15367000,None,None,9414000,9414000,None,None,None,192586000,454258000,20647000,None,8000000,USD,-32000,3280000,-8397000,170000,13236000,13236000,12000,-9637000,-2483000,-719000,-5558000,-9502000,1983000,0,0,0,0,1164000,8567000,None,None,-719000,18.73,24.4
17,2016-03-31,USD,19026000,3075000,15478000,3548000,-636000,-1683000,0,0,-2703000,75000,3075000,-1109000,473000,0,1969000,None,None,None,0,0,0,-922000,0,0,-1683000,-1683000,None,USD,439622000,0,None,None,304650000,134897000,0,6656000,92000,-36827000,8708000,0,30615000,19578000,295942000,274734000,None,None,364430000,19578000,24999000,134897000,8293000,15351000,274734000,166217000,21208000,0,0,92000,0,-36827000,-20760000,None,15264000,None,15351000,None,None,8708000,8708000,None,None,None,192392000,439622000,19578000,None,8000000,USD,-187000,-3182000,-14055000,-187000,13168000,13010000,-158000,-3835000,-1683000,-5751000,-4706000,-3949000,1682000,0,0,0,0,2426000,13868000,None,None,-5751000,23.76,18.73
18,2015-12-31,USD,20983000,1749000,16629000,4354000,1971000,306000,0,0,1543000,4000,1749000,-634000,2605000,0,1329000,None,None,None,3218000,0,0,332000,14950000,3218000,310000,306000,None,USD,432627000,0,None,8731000,295953000,136599000,0,10356000,91000,-35144000,8301000,0,31722000,25767000,287652000,263114000,260592000,None,349194000,25767000,25944000,136599000,8731000,15329000,234276000,165115000,24538000,0,0,91000,0,-35144000,-20470000,None,16393000,None,15329000,None,None,8301000,8301000,None,None,None,192122000,432627000,25767000,None,8067000,USD,-678000,-4623000,-18479000,-684000,7547000,7459000,-88000,-2983000,310000,-16154000,-5134000,-6761000,2030000,0,-61991000,0,0,3910000,17795000,None,None,-16154000,20.41,23.76
19,2015-09-30,USD,19677000,-18542000,17243000,2434000,19793000,10248000,0,0,19218000,3493000,2187000,-1183000,20976000,-20729000,855000,None,None,None,0,0,0,5197000,0,0,13741000,10248000,None,USD,429544000,0,None,None,293199000,136274000,0,11298000,91000,-35450000,9788000,0,32411000,41371000,283411000,255567000,None,None,328749000,41371000,27013000,136274000,8181000,None,255567000,180254000,27844000,0,0,91000,0,-35450000,-20470000,None,16434000,None,15977000,None,None,9788000,9788000,None,None,None,192103000,429544000,41371000,None,8000000,USD,None,9841000,22567000,43210000,44543000,-18786000,1866000,None,13741000,7716000,3935000,-5673000,2063000,-61991000,-65195000,0,0,-16037000,20643000,None,None,7716000,15.32,20.41
