,fiscalDateEnding,reportedCurrency_x,totalRevenue,totalOperatingExpense,costOfRevenue,grossProfit,ebit,netIncome_x,researchAndDevelopment,effectOfAccountingCharges,incomeBeforeTax,minorityInterest,sellingGeneralAdministrative,otherNonOperatingIncome,operatingIncome,otherOperatingExpense,interestExpense,taxProvision,interestIncome,netInterestIncome,extraordinaryItems,nonRecurring,otherItems,incomeTaxExpense,totalOtherIncomeExpense,discontinuedOperations,netIncomeFromContinuingOperations,netIncomeApplicableToCommonShares,preferredStockAndOtherAdjustments,reportedCurrency_y,totalAssets,intangibleAssets,earningAssets,otherCurrentAssets,totalLiabilities,totalShareholderEquity,deferredLongTermLiabilities,otherCurrentLiabilities,commonStock,retainedEarnings,otherLiabilities,goodwill,otherAssets,cash,totalCurrentLiabilities,shortTermDebt,currentLongTermDebt,otherShareholderEquity,propertyPlantEquipment,totalCurrentAssets,longTermInvestments,netTangibleAssets,shortTermInvestments,netReceivables,longTermDebt,inventory,accountsPayable,totalPermanentEquity,additionalPaidInCapital,commonStockTotalEquity,preferredStockTotalEquity,retainedEarningsTotalEquity,treasuryStock,accumulatedAmortization,otherNonCurrrentAssets,deferredLongTermAssetCharges,totalNonCurrentAssets,capitalLeaseObligations,totalLongTermDebt,otherNonCurrentLiabilities,totalNonCurrentLiabilities,negativeGoodwill,warrants,preferredStockRedeemable,capitalSurplus,liabilitiesAndShareholderEquity,cashAndShortTermInvestments,accumulatedDepreciation,commonStockSharesOutstanding,reportedCurrency,investments,changeInLiabilities,cashflowFromInvestment,otherCashflowFromInvestment,netBorrowings,cashflowFromFinancing,otherCashflowFromFinancing,changeInOperatingActivities,netIncome_y,changeInCash,operatingCashflow,otherOperatingCashflow,depreciation,dividendPayout,stockSaleAndPurchase,changeInInventory,changeInAccountReceivables,changeInNetIncome,capitalExpenditures,changeInReceivables,changeInExchangeRate,changeInCashAndCashEquivalents,clossingVal,nextClossingVal
0,2020-06-30,USD,38214000,35455000,24175000,14039000,4154000,1287000,None,None,1638000,None,10467000,None,2759000,None,1121000,351000,None,-1121000,None,None,None,351000,None,None,1287000,1287000,None,USD,76188000,12714000,None,None,70504000,5684000,None,None,2000,-69011000,None,None,1344000,848000,35775000,None,438000,-1770000,10519000,51611000,None,-7030000,None,28040000,32380000,18833000,24252000,None,None,None,None,None,None,None,96000,None,24577000,5165000,None,None,34729000,None,None,None,None,None,None,None,None,USD,-676000,-526000,-676000,None,-8747000,-8747000,None,-1521000,1287000,155000,9659000,None,1395000,None,None,6446000,2539000,-86000,676000,None,None,None,8.02,
1,2020-03-31,USD,40338000,12558000,27835000,12503000,-55000,-1210000,None,None,-1465000,None,11591000,None,-55000,967000,1410000,-255000,None,-1410000,None,None,None,-255000,None,None,-1210000,-1210000,None,USD,85581000,12799000,None,3034000,81274000,4307000,None,2523000,2000,-70298000,None,None,1337000,693000,35718000,219000,219000,-3101000,8118000,59368000,None,-8492000,None,30471000,41759000,25170000,32976000,None,None,2000,None,-70298000,-1283000,None,4053000,None,1243000,4367000,41759000,3797000,45556000,None,None,None,77704000,85581000,693000,None,2111427,USD,-245000,164000,-245000,-25000,-4523000,-4523000,None,-722000,-1210000,119000,4887000,-103000,967000,None,None,2692000,2099000,278000,220000,2099000,None,119000,2.0909,8.02
2,2019-12-31,USD,42695000,13039000,28697000,13998000,959000,-882000,None,None,-179000,None,12127000,None,959000,912000,1138000,703000,None,-1138000,None,None,None,703000,-1138000,None,-882000,-882000,None,USD,91543000,12896000,None,2946000,85960000,5583000,None,2495000,2000,-69088000,2000000,None,1097000,395000,36055000,875000,875000,-3046000,8788000,64184000,None,-7313000,None,32787000,45359000,28056000,32685000,None,None,2000,None,-69088000,-1283000,None,4679000,None,996000,5041000,45359000,4546000,49905000,None,None,None,77715000,91543000,395000,None,2108743,USD,-413000,1559000,-413000,-54000,-109000,-109000,None,-1915000,-882000,-129000,393000,-1651000,912000,None,None,2230000,-3249000,1474000,359000,-3249000,None,-129000,0.2547,2.0909
3,2019-09-30,USD,41523000,12869000,28928000,12595000,-274000,-1660000,None,None,-1465000,None,11950000,None,-274000,919000,1191000,195000,None,-1191000,None,None,None,195000,-1475000,None,-1660000,-1660000,None,USD,91009000,13027000,None,1315000,84684000,6325000,None,2324000,2000,-67167000,2064000,None,2228000,659000,34118000,875000,875000,-4130000,9102000,61810000,None,-6702000,None,29676000,45468000,30160000,30919000,None,None,2000,None,-67167000,-1283000,None,4942000,None,2128000,5358000,45468000,5098000,50566000,None,None,None,77620000,91009000,659000,None,18941459,USD,-383000,-1516000,-383000,-167000,-5780000,-5780000,None,-1738000,-1660000,96000,6259000,-169000,953000,None,None,2373000,6219000,59000,216000,6219000,None,96000,0.35,0.2547
4,2019-06-30,USD,46425000,13506000,31583000,14842000,1336000,-224000,None,None,43000,None,12554000,None,1336000,952000,1293000,267000,None,-1293000,None,None,None,267000,-1293000,None,-224000,-224000,None,USD,100677000,13044000,None,1223000,92664000,8013000,None,2316000,2000,-65507000,2166000,None,2239000,580000,35615000,875000,875000,-4030000,9621000,70377000,None,-5031000,None,35975000,51249000,32599000,32424000,None,None,2000,None,-65507000,-1283000,None,5497000,None,2138000,5950000,51249000,5800000,57049000,None,None,None,77548000,100677000,580000,None,18926704,USD,-718000,1393000,-718000,-50000,-2064000,-2064000,None,56000,-224000,-380000,2402000,56000,951000,None,None,1452000,-1355000,129000,668000,-1355000,None,-380000,0.5,0.35
5,2019-03-31,USD,42538000,13669000,29088000,13450000,-219000,-1398000,None,None,-1468000,None,12732000,None,-219000,937000,1249000,-70000,None,-1249000,None,None,None,-70000,-1812000,None,-1398000,-1398000,None,USD,101939000,13179000,None,1318000,93854000,8085000,None,2300000,2000,-65283000,2263000,None,2237000,916000,34073000,875000,875000,-4078000,9717000,70891000,None,-5094000,None,34624000,53313000,34033000,30898000,None,None,2000,None,-65283000,-1283000,None,6013000,None,2139000,6505000,53313000,6468000,59781000,None,None,None,77444000,101939000,916000,None,18853727,USD,-812000,-6435000,-812000,-64000,8672000,8672000,None,278000,-1398000,341000,-7519000,278000,904000,None,None,2273000,-3198000,57000,748000,-3198000,None,341000,0.72,0.5
6,2018-12-31,USD,173619000,146962000,27526000,12522000,-869000,-1960000,0,0,-2011000,0,12296000,None,-869000,134666000,1142000,None,None,None,0,0,0,-51000,-1142000,0,-1960000,-1960000,None,USD,94216000,13300000,None,997000,84946000,9270000,None,None,2000,-63885000,207000,None,2224000,721000,37934000,875000,875000,-4243000,9685000,69007000,None,-4030000,None,31223000,44641000,36066000,37059000,None,None,2000,None,-63885000,-1283000,None,97000,2127000,25209000,None,44641000,2371000,47012000,None,None,None,77396000,94216000,721000,None,18820602,USD,None,3902000,-828000,None,555000,555000,-1958000,246000,-1960000,-171000,102000,246000,1095000,None,25000,-8998000,5453000,364000,828000,5453000,None,-171000,1.05,0.72
7,2018-09-30,USD,43838000,-31545000,30227000,13611000,1318000,118000,0,0,200000,0,11281000,None,1318000,-42826000,1118000,None,None,None,0,0,0,82000,-1118000,0,118000,118000,None,USD,92092000,13485000,None,1274000,80588000,11504000,0,7588000,2000,-61925000,2772000,0,2022000,1059000,33731000,875000,875000,-3879000,9772000,66813000,None,-1981000,0,37273000,44085000,27207000,32856000,0,0,2000,0,-61925000,-1283000,None,102000,1920000,25279000,None,44085000,2772000,46857000,None,None,None,77306000,92092000,1059000,None,18796362,USD,None,-1223000,-893000,0,2658000,2664000,None,-42000,118000,64000,-1707000,-42000,1019000,0,6000,-479000,-446000,-654000,893000,-446000,None,64000,1.58,1.05
8,2018-06-30,USD,47678000,-34137000,32284000,15394000,1853000,298000,0,0,444000,0,12467000,None,1853000,-46604000,1409000,None,None,None,0,0,0,146000,-1409000,0,298000,298000,None,USD,90331000,13669000,None,1255000,79164000,11167000,0,9428000,2000,-62043000,2875000,0,2016000,929000,34642000,656000,656000,-3974000,9696000,64950000,None,-2502000,0,36040000,41647000,26726000,33986000,0,0,2000,0,-62043000,-1283000,None,101000,1915000,25381000,None,41647000,2875000,44522000,None,None,None,77182000,90331000,929000,None,18769015,USD,None,5811000,-984000,0,2334000,-2147000,-4500000,545000,298000,356000,3487000,545000,1058000,0,19000,1934000,-6806000,647000,984000,-6806000,None,51000,1.39,1.58
9,2018-03-31,USD,42055000,-25788000,28463000,13592000,-2675000,-2707000,0,0,-3448000,0,15266000,None,-2675000,-41054000,773000,None,None,None,0,0,0,-741000,-1193000,0,-2707000,-2707000,None,USD,86014000,13854000,None,1786000,75032000,10982000,0,6189000,2000,-62341000,2587000,0,2032000,812000,33410000,4916000,4916000,-3626000,9583000,60545000,None,-2872000,0,29223000,39035000,28724000,28494000,0,0,2000,0,-62341000,-1283000,None,103000,1929000,25469000,None,39035000,2587000,41622000,None,None,None,76947000,86014000,812000,None,18685237,USD,None,-6084000,-767000,0,-2571000,-3071000,-500000,-862000,-2707000,-174000,3664000,-862000,1010000,0,0,5019000,4834000,2454000,767000,4834000,305000,131000,1.15,1.39
10,2017-12-31,USD,46816000,12876000,32858000,13958000,1082000,-1717000,0,0,320000,0,11799000,None,1082000,1077000,762000,None,None,None,0,0,0,2037000,-2968000,0,-1717000,-1717000,None,USD,98030000,14046000,None,950000,84388000,13642000,0,9712000,2000,-59634000,325000,0,16084000,681000,37710000,3250000,3250000,-3574000,9640000,72306000,None,-404000,0,36640000,43772000,34035000,34460000,0,0,2000,0,-59634000,-1283000,None,103000,1935000,25724000,None,43772000,2906000,46678000,None,None,None,76848000,98030000,681000,None,18629737,USD,None,2782000,-1092000,0,-1250000,-1409000,-159000,809000,-1717000,-69000,2432000,563000,1047000,0,0,3165000,-3859000,1410000,1092000,-4818000,-11000,-80000,1.5,1.15
11,2017-09-30,USD,43134000,14676000,29502000,13632000,-1044000,-1243000,0,0,-1792000,0,13653000,None,-1044000,1023000,748000,None,None,None,0,0,0,-549000,0,0,-1243000,-1243000,None,USD,98465000,14237000,None,1447000,83080000,15385000,0,6683000,2000,-57917000,2856000,0,18244000,761000,36294000,4500000,4500000,-3429000,9439000,70782000,None,1148000,0,31230000,43930000,37344000,31794000,0,0,2000,0,-57917000,-1283000,None,107000,3900000,27683000,None,43930000,2856000,46786000,None,None,None,76729000,98465000,761000,None,18613903,USD,None,-9228000,-724000,0,3893000,3899000,3893000,-507000,-1243000,-808000,-3983000,-507000,1021000,0,6000,461000,959000,2279000,724000,3234000,155000,-653000,1.89,1.5
12,2017-06-30,USD,52579000,15513000,35263000,17316000,1803000,541000,0,0,1069000,0,14472000,None,1803000,1041000,734000,None,None,None,0,0,0,528000,0,0,541000,541000,None,USD,104516000,14429000,None,947000,88377000,16139000,0,10759000,2000,-56674000,2790000,0,18404000,1414000,45550000,4500000,47327000,-3812000,9539000,76573000,None,1710000,0,36574000,40037000,37638000,41050000,0,0,2000,0,-56674000,-1283000,None,102000,3873000,27943000,None,40037000,2790000,42827000,None,None,None,76623000,104516000,1414000,None,18589310,USD,None,3855000,-575000,0,-1250000,-2139000,-889000,395000,711000,667000,3381000,225000,1039000,0,0,-589000,0,189000,575000,-2049000,23000,690000,1.7699,1.89
13,2017-03-31,USD,47340000,14239000,32051000,15289000,1050000,170000,0,0,326000,0,13183000,None,1050000,1056000,724000,None,None,None,0,0,0,156000,0,0,170000,170000,None,USD,101652000,14621000,None,1335000,86487000,15165000,0,8724000,2000,-57215000,2728000,0,18574000,724000,41583000,4500000,4500000,-2772000,9811000,73267000,None,544000,0,34369000,42176000,36839000,37083000,0,0,2000,0,-57215000,-1283000,None,99000,3854000,28385000,None,42176000,2728000,44904000,None,None,None,76433000,101652000,724000,None,18527242,USD,None,-1412000,-712000,0,970000,970000,970000,358000,170000,-361000,-619000,528000,1090000,0,0,-684000,0,85000,712000,-226000,86000,-275000,1.9,1.7699
14,2016-12-31,USD,45531000,19169000,31233000,14298000,-4871000,-4478000,0,0,-5652000,0,14608000,None,-4871000,1568000,781000,None,None,None,0,2993000,0,-1174000,-8413000,0,-4478000,-4478000,None,USD,101737000,14813000,None,1737000,86917000,14820000,0,7353000,2000,-57385000,341000,0,18759000,999000,42941000,4500000,4500000,-2862000,9965000,73013000,None,7000,0,34137000,43635000,36140000,38441000,0,0,2000,0,-57385000,-1283000,None,98000,3848000,28724000,None,41206000,2770000,43976000,None,None,None,76348000,101737000,999000,None,18506617,USD,None,5450000,-635000,0,-250000,-2714000,-1464000,120000,-4322000,40000,3389000,-4385000,1516000,0,0,-4001000,6151000,1734000,635000,3075000,-52000,-12000,2.0,1.9
15,2016-09-30,USD,48552000,14529000,33026000,15526000,997000,233000,0,0,364000,0,13402000,None,997000,1127000,633000,None,None,None,0,0,0,131000,0,0,233000,233000,None,USD,103717000,17983000,None,1863000,84216000,19501000,0,7579000,2000,-52907000,2666000,0,20590000,1011000,37629000,4500000,None,-2571000,10673000,72454000,None,1518000,0,37295000,43921000,32285000,33129000,0,0,2000,0,-52907000,-1283000,None,100000,2507000,31263000,None,43921000,2666000,46587000,None,None,None,76260000,103717000,1011000,None,18499985,USD,None,-4793000,-389000,0,None,-2055000,-3055000,None,233000,-92000,2352000,532000,1201000,0,0,4240000,3076000,176000,389000,996000,-44000,-136000,2.16,2.0
16,2016-06-30,USD,50575000,15042000,34374000,16201000,1159000,256000,0,0,531000,0,13882000,None,1159000,1160000,628000,None,None,None,0,0,0,275000,0,0,256000,256000,None,USD,110191000,18159000,None,1994000,90948000,19243000,0,8975000,2000,-53140000,2768000,0,20777000,1147000,42392000,4519000,None,-2420000,11311000,78103000,None,1084000,0,38329000,45788000,36633000,37873000,0,0,2000,0,-53140000,-1283000,None,103000,2515000,32088000,None,45788000,2768000,48556000,None,None,None,76084000,110191000,1147000,None,18447294,USD,None,-3025000,-871000,0,-500000,4413000,4913000,None,256000,494000,-3048000,212000,1165000,0,0,608000,2080000,91000,871000,-2099000,239000,733000,1.66,2.16
17,2016-03-31,USD,49670000,15825000,33944000,15726000,-99000,-333000,0,0,-739000,0,14669000,None,-99000,1156000,640000,None,None,None,0,0,0,-406000,0,0,-333000,-333000,None,USD,108919000,18336000,None,2070000,89915000,19004000,0,8057000,2000,-53396000,2868000,0,20949000,414000,44360000,3295000,None,-2290000,11435000,76535000,None,668000,0,36489000,42687000,37562000,41065000,0,0,2000,0,-53396000,-1283000,None,101000,None,2512000,None,42687000,2868000,45555000,None,None,None,75971000,108919000,414000,None,18430161,USD,None,1724000,-371000,0,-500000,-6192000,-5692000,None,0,-468000,6095000,-561000,1129000,0,0,-503000,4179000,127000,371000,4179000,-41000,-509000,1.75,1.66
18,2015-12-31,USD,50779000,18235000,35180000,15599000,-2636000,-3105000,0,0,-3216000,0,15382000,None,-2636000,2853000,2272000,None,None,None,0,2993000,0,-111000,-4865000,0,-3105000,-3105000,None,USD,114627000,18512000,None,1758000,95661000,18966000,0,9208000,2000,-53063000,327000,0,21780000,923000,42443000,3318000,3249000,-2502000,12007000,80840000,None,454000,0,41313000,50256000,36846000,39125000,0,0,2000,0,-53063000,-1283000,None,1584000,1684000,33787000,None,50256000,2962000,53218000,None,None,None,75812000,114627000,923000,None,18367758,USD,None,2905000,-1158000,0,-11163000,50000,11212000,-92000,-8651000,-246000,862000,-2652000,2883000,0,1000,6540000,-1715000,-3478000,1158000,-4652000,65000,-181000,2.23,1.75
19,2015-09-30,USD,50205000,18347000,34600000,15605000,-2742000,-1831000,0,0,-3331000,0,17072000,None,-2742000,1275000,589000,None,None,None,0,0,0,-1500000,0,0,-1831000,-1831000,None,USD,117532000,20326000,None,1777000,95243000,22289000,2418000,4756000,2000,-49958000,2726000,0,21888000,1104000,38663000,2089000,None,-2173000,11890000,83754000,None,1963000,0,37251000,51436000,43622000,36574000,0,0,2000,0,-49958000,-1283000,None,1562000,None,33778000,None,51436000,2726000,56580000,None,None,None,75701000,117532000,1104000,None,18338674,USD,None,-1309000,-914000,0,None,-1768000,-1768000,None,0,-235000,2447000,-1045000,1278000,0,0,-887000,2937000,281000,914000,4129000,-146000,-381000,1.72,2.23
