,fiscalDateEnding,reportedCurrency_x,totalRevenue,totalOperatingExpense,costOfRevenue,grossProfit,ebit,netIncome_x,researchAndDevelopment,effectOfAccountingCharges,incomeBeforeTax,minorityInterest,sellingGeneralAdministrative,otherNonOperatingIncome,operatingIncome,otherOperatingExpense,interestExpense,taxProvision,interestIncome,netInterestIncome,extraordinaryItems,nonRecurring,otherItems,incomeTaxExpense,totalOtherIncomeExpense,discontinuedOperations,netIncomeFromContinuingOperations,netIncomeApplicableToCommonShares,preferredStockAndOtherAdjustments,reportedCurrency_y,totalAssets,intangibleAssets,earningAssets,otherCurrentAssets,totalLiabilities,totalShareholderEquity,deferredLongTermLiabilities,otherCurrentLiabilities,commonStock,retainedEarnings,otherLiabilities,goodwill,otherAssets,cash,totalCurrentLiabilities,shortTermDebt,currentLongTermDebt,otherShareholderEquity,propertyPlantEquipment,totalCurrentAssets,longTermInvestments,netTangibleAssets,shortTermInvestments,netReceivables,longTermDebt,inventory,accountsPayable,totalPermanentEquity,additionalPaidInCapital,commonStockTotalEquity,preferredStockTotalEquity,retainedEarningsTotalEquity,treasuryStock,accumulatedAmortization,otherNonCurrrentAssets,deferredLongTermAssetCharges,totalNonCurrentAssets,capitalLeaseObligations,totalLongTermDebt,otherNonCurrentLiabilities,totalNonCurrentLiabilities,negativeGoodwill,warrants,preferredStockRedeemable,capitalSurplus,liabilitiesAndShareholderEquity,cashAndShortTermInvestments,accumulatedDepreciation,commonStockSharesOutstanding,reportedCurrency,investments,changeInLiabilities,cashflowFromInvestment,otherCashflowFromInvestment,netBorrowings,cashflowFromFinancing,otherCashflowFromFinancing,changeInOperatingActivities,netIncome_y,changeInCash,operatingCashflow,otherOperatingCashflow,depreciation,dividendPayout,stockSaleAndPurchase,changeInInventory,changeInAccountReceivables,changeInNetIncome,capitalExpenditures,changeInReceivables,changeInExchangeRate,changeInCashAndCashEquivalents,clossingVal,nextClossingVal
0,2020-06-30,USD,126729000,81181000,8386000,118343000,56337000,34667000,22247000,None,47210000,None,48103000,None,45548000,None,5815000,12543000,4151000,-1664000,None,None,None,12543000,3326000,None,34667000,34667000,None,USD,1491020000,408272000,None,None,825046000,665974000,None,28025000,53000,255733000,153931000,88095000,17118000,210975000,269276000,None,None,11359000,61709000,557153000,358673000,169607000,163839000,126559000,353349000,35338000,5515000,None,None,None,None,None,None,None,17118000,None,933867000,56251000,None,118215000,555770000,None,None,None,None,None,None,None,None,USD,-108180000,-182000,-108180000,-24000,None,1437000,None,23821000,34667000,-14792000,91951000,None,3312000,None,None,-521000,11392000,-515000,535000,None,None,None,23.75,
1,2020-03-31,USD,94976000,61812000,4152000,90824000,29034000,21518000,18937000,None,29034000,None,42875000,22000,29012000,None,5755000,7516000,5777000,22000,None,None,None,7516000,None,None,21518000,21518000,None,USD,1189866000,23579000,None,12564000,576483000,613383000,None,123111000,53000,221066000,28112000,None,34605000,225767000,168335000,None,None,-166000,18011000,557048000,534712000,589804000,175104000,119195000,349232000,24418000,45224000,None,None,53000,None,221066000,None,None,22449000,None,34067000,34260000,349232000,58916000,408148000,None,None,None,392430000,1189866000,400871000,None,52537159,USD,37975000,-5017000,35438000,-24000,None,32000,None,6716000,21518000,44386000,8916000,12160000,5342000,None,32000,2210000,-31823000,4526000,2537000,-31823000,None,44386000,17.99,23.75
2,2019-12-31,USD,100446000,55517000,4113000,96333000,40912000,33129000,19792000,None,40912000,None,35725000,96000,40816000,None,5870000,7783000,5966000,96000,None,None,None,7783000,96000,None,33129000,33129000,None,USD,1160282000,24840000,None,11611000,564854000,595428000,None,110873000,53000,199548000,28657000,None,32678000,181381000,160587000,None,None,7417000,17068000,472644000,591773000,570588000,165692000,87332000,345170000,26628000,49714000,None,None,53000,None,199548000,None,None,21894000,None,32063000,33265000,345170000,59097000,404267000,None,None,None,388410000,1160282000,347073000,None,52533348,USD,20117000,-3195000,19438000,1350000,None,1263000,None,2976000,33129000,64492000,43791000,11603000,4491000,None,1263000,-1124000,-593000,-520000,2029000,-593000,None,64492000,23.72,17.99
3,2019-09-30,USD,102140000,57592000,4819000,97321000,39590000,28860000,16943000,None,39590000,None,40649000,-139000,39729000,None,5662000,10730000,5523000,-139000,None,None,None,10730000,-139000,None,28860000,28860000,None,USD,1106909000,26101000,None,18182000,549652000,557257000,None,101009000,52000,166419000,31516000,None,28527000,116889000,149717000,None,None,7261000,9977000,427082000,596442000,531156000,179808000,86699000,341163000,25504000,48708000,None,None,52000,None,166419000,None,None,19354000,None,27953000,30401000,341163000,58772000,399935000,None,None,None,383525000,1106909000,296697000,None,52462936,USD,-7893000,2203000,-8355000,1350000,None,242000,None,2739000,28860000,29545000,37658000,2650000,4063000,None,242000,520000,-2095000,1457000,462000,-2095000,None,29545000,27.48,23.72
4,2019-06-30,USD,104695000,58053000,4044000,100651000,42746000,32727000,16970000,None,42746000,None,41083000,148000,42598000,None,5305000,10019000,5453000,148000,None,None,None,10019000,148000,None,32727000,32727000,None,USD,1063675000,28787000,None,21757000,540771000,522904000,None,98602000,52000,137559000,32055000,None,26556000,87344000,143971000,None,None,5924000,4028000,390911000,593754000,494117000,171222000,84564000,337210000,26024000,45369000,None,None,52000,None,137559000,None,None,20220000,None,25975000,30892000,337210000,59590000,396800000,None,None,None,379369000,1063675000,258566000,None,52449036,USD,-65737000,-15505000,-65761000,1350000,None,1640000,None,8221000,32727000,-35434000,28687000,5981000,5045000,None,1640000,494000,-4574000,4519000,24000,-4574000,None,-35434000,33.09,27.48
5,2019-03-31,USD,85474000,56362000,3684000,81790000,24239000,18340000,15394000,None,24239000,None,40968000,-1189000,25428000,None,5870000,5899000,-29000,-1189000,None,None,None,5899000,-1189000,None,18340000,18340000,None,USD,1025448000,30063000,None,20556000,545430000,480018000,None,90626000,52000,104832000,32590000,None,28592000,122778000,151706000,3250000,3250000,1427000,4226000,419967000,522551000,449955000,170165000,79950000,333310000,26518000,61080000,None,None,52000,None,104832000,None,None,20674000,None,27967000,31074000,333310000,60414000,393724000,None,None,None,373707000,1025448000,292943000,None,52374248,USD,-103024000,4626000,-103246000,-1000,None,783000,None,-25133000,18340000,-69470000,32993000,-20118000,4433000,None,783000,-859000,23013000,3558000,221000,23013000,None,-69470000,35.04,33.09
6,2018-12-31,USD,115934000,71891000,4188000,111746000,43192000,25893000,29841000,0,38767000,0,42050000,3337000,39855000,0,4425000,None,None,None,0,0,0,12874000,-1088000,0,25893000,25893000,None,USD,977811000,31368000,None,8888000,524788000,453023000,None,109246000,52000,86492000,33973000,None,30063000,192248000,161353000,None,None,-3158000,4095000,493487000,418798000,421655000,163770000,102922000,329462000,25659000,52107000,None,None,52000,None,86492000,None,None,380000,29683000,484324000,None,329462000,33973000,363435000,None,None,None,369637000,977811000,356018000,None,52316583,USD,34556000,2392000,34330000,-130000,402500000,1251000,-37644000,27053000,25893000,68430000,32849000,21407000,5640000,None,1251000,-2379000,-25169000,5065000,96000,-25169000,None,68430000,33.22,35.04
7,2018-09-30,USD,102996000,61314000,4207000,98789000,40745000,28011000,20422000,0,36371000,0,40892000,3270000,37475000,0,4374000,None,None,None,0,0,0,8360000,-1104000,0,28011000,28011000,None,USD,922512000,32572000,None,9299000,500576000,421936000,0,87862000,52000,60599000,36564000,0,32149000,123818000,138346000,None,None,-4111000,6930000,390557000,460304000,389364000,156407000,77753000,325666000,23280000,50484000,0,0,52000,0,60599000,0,None,782000,31367000,531955000,None,325666000,36564000,362230000,None,None,None,365396000,922512000,280225000,None,52257013,USD,25806000,16671000,25337000,-278000,None,828000,None,22427000,28011000,88613000,62448000,20879000,5639000,0,828000,-2600000,-2911000,-3241000,191000,-2911000,None,88613000,50.35,33.22
8,2018-06-30,USD,99538000,60135000,3683000,95855000,38180000,30737000,20038000,0,33856000,0,40097000,2460000,35720000,0,4324000,None,None,None,0,0,0,3119000,-1864000,0,30737000,30737000,None,USD,852799000,33794000,None,14581000,462307000,390492000,0,71703000,52000,32588000,36453000,0,26280000,35205000,103934000,321920000,321920000,-4119000,4897000,284516000,503312000,356698000,139208000,74842000,321920000,20680000,32231000,0,0,52000,0,32588000,0,None,752000,25528000,568283000,None,321920000,36453000,358373000,None,None,None,361971000,852799000,174413000,None,52179334,USD,-421775000,-11678000,-422137000,-58000,None,6646000,None,-6003000,30737000,-408935000,6556000,-11264000,3551000,0,6646000,-1605000,-6978000,3793000,304000,-6978000,None,-408935000,59.85,50.35
9,2018-03-31,USD,90429000,55757000,3278000,87151000,31899000,26352000,18908000,0,31182000,0,36849000,505000,31394000,0,717000,None,None,None,0,0,0,4830000,-212000,0,26352000,26352000,None,USD,825160000,34858000,None,6582000,473291000,351869000,0,74466000,52000,1851000,35978000,0,26989000,444140000,119088000,318225000,318225000,-2291000,5003000,583246000,175064000,317011000,45585000,67864000,318225000,19075000,44622000,0,0,52000,0,1851000,0,None,735000,26254000,241914000,None,318225000,35978000,354203000,None,None,None,352257000,825160000,489725000,None,51633991,USD,-50414000,-3261000,-51010000,-343000,392065000,367713000,-92897000,4139000,26352000,343836000,27133000,3688000,2408000,0,68545000,-2771000,-798000,1515000,253000,-798000,None,343836000,45.8,59.85
10,2017-12-31,USD,88435000,49937000,4154000,84281000,35046000,13658000,16173000,0,35060000,0,33764000,702000,34344000,0,-14000,None,None,None,0,0,0,21402000,509000,0,13658000,13658000,None,USD,424464000,36019000,None,6521000,156984000,267480000,1149000,72913000,51000,-26823000,11726000,0,190889000,100304000,123000000,None,None,-747000,5124000,228451000,133638000,231461000,39736000,65586000,22258000,16304000,50087000,0,0,51000,0,-26823000,0,None,389000,20843000,196013000,None,None,32835000,33984000,None,None,None,294999000,424464000,140040000,None,51314850,USD,-17346000,15807000,-19126000,-1024000,402500000,1171000,-37644000,32235000,13658000,18380000,36335000,6644000,1107000,0,1171000,-1357000,-24059000,9896000,756000,-9420000,None,18380000,39.85,45.8
11,2017-09-30,USD,80398000,53805000,4251000,76147000,22910000,15961000,12980000,0,22910000,0,40825000,568000,22342000,0,142000,None,None,None,0,0,0,6949000,210000,0,15961000,15961000,None,USD,385478000,37162000,None,5667000,133815000,251663000,1221000,65313000,51000,-40481000,6157000,0,189460000,81924000,104956000,None,None,252000,4688000,191330000,123123000,214501000,32626000,56166000,22702000,14947000,39643000,0,0,51000,0,-40481000,0,None,368000,28807000,194148000,None,None,27638000,28859000,None,None,None,291841000,385478000,114550000,None,51262007,USD,-19837000,7916000,-21164000,-906000,402500000,2346000,-37644000,15699000,15961000,20187000,39005000,9940000,4428000,0,2346000,1676000,14639000,4093000,421000,-5009000,None,20187000,40.0,39.85
12,2017-06-30,USD,75829000,45901000,3861000,71968000,26483000,17368000,10823000,0,26425000,0,35078000,416000,26067000,0,58000,None,None,None,0,0,0,9057000,923000,0,17368000,17368000,None,USD,346370000,28989000,None,4746000,116973000,229397000,1293000,52905000,51000,-56442000,5793000,0,176306000,61737000,85524000,1472000,1472000,216000,4572000,165492000,104632000,200408000,31229000,51157000,1472000,16623000,32619000,0,0,51000,0,-56442000,0,None,349000,42336000,180878000,None,1472000,28684000,31449000,None,None,None,285572000,346370000,92966000,None,50733662,USD,-18996000,4189000,-25364000,-5816000,402500000,1560000,-37644000,5143000,17368000,2138000,25942000,3015000,1343000,0,1560000,2544000,9630000,9755000,552000,-12272000,None,2138000,43.1,40.0
13,2017-03-31,USD,57576000,37839000,2949000,54627000,16313000,10297000,9601000,0,16223000,0,28238000,-475000,16788000,0,90000,None,None,None,0,0,0,5926000,-565000,0,10297000,10297000,None,USD,322256000,29450000,None,4573000,116192000,206064000,1388000,48382000,50000,-73810000,5324000,0,168157000,59599000,82003000,3310000,3310000,32000,4342000,149757000,89163000,176614000,27533000,38885000,3310000,19167000,33621000,0,0,50000,0,-73810000,0,None,350000,49194000,172499000,None,3310000,29491000,34189000,None,None,None,279792000,322256000,87132000,None,50226397,USD,-17053000,-3474000,-20761000,-3408000,None,604000,None,-1618000,10297000,-6799000,13358000,-614000,741000,0,604000,-2366000,2642000,6132000,300000,2642000,None,-6799000,31.3,43.1
14,2016-12-31,USD,62373000,42306000,3772000,58601000,15518000,14319000,13252000,0,15552000,0,29054000,-777000,16295000,0,-34000,None,None,None,0,0,0,1233000,-584000,0,14319000,14319000,None,USD,309568000,16490000,None,2955000,117813000,191755000,1615000,45253000,50000,-84288000,5617000,0,153820000,66398000,80742000,4165000,4165000,-134000,4344000,151404000,75410000,175265000,23723000,41527000,4165000,16801000,35489000,0,0,50000,0,-84288000,0,None,331000,61589000,158164000,None,4165000,31291000,37071000,None,None,None,276127000,309568000,90121000,None,49971267,USD,-6744000,9086000,-13642000,-6597000,402500000,797000,-37644000,24660000,14319000,12093000,24938000,3257000,679000,0,797000,652000,-15619000,2252000,301000,-5307000,None,12093000,25.25,31.3
15,2016-09-30,USD,56810000,33543000,3428000,53382000,19338000,61826000,7868000,0,19136000,0,25675000,-501000,19839000,0,202000,None,None,None,0,0,0,-42690000,-3556000,0,61826000,61826000,None,USD,285116000,15526000,None,4201000,111745000,173371000,1841000,42243000,50000,-98607000,6040000,0,142595000,54305000,71647000,None,None,127000,4318000,138203000,67044000,157845000,26024000,36220000,5772000,17453000,29404000,0,0,50000,0,-98607000,0,None,332000,59693000,146913000,None,5772000,32485000,40098000,None,None,None,271801000,285116000,80329000,None,49539301,USD,-1415000,6123000,-10350000,-8536000,None,260000,None,-929000,61826000,18149000,28239000,3205000,1123000,0,260000,-1080000,10312000,-41019000,399000,-1939000,None,18149000,24.73,25.25
16,2016-06-30,USD,51626000,37230000,2751000,48875000,10852000,10251000,11109000,0,10656000,0,26121000,-793000,11645000,0,196000,None,None,None,0,0,0,405000,426000,0,10251000,10251000,None,USD,218633000,15785000,None,3272000,108408000,110225000,2018000,37136000,50000,-160433000,6340000,0,100300000,36156000,67514000,None,None,549000,4193000,114140000,67809000,94440000,24058000,34281000,5699000,16373000,30378000,0,0,50000,0,-160433000,0,None,320000,16386000,104493000,None,5699000,33177000,40894000,None,None,None,270059000,218633000,60214000,None,49508476,USD,2554000,2930000,-1322000,-3252000,None,871000,None,1729000,10251000,16326000,16777000,8377000,688000,0,871000,-3329000,8373000,1489000,624000,-3629000,None,16326000,20.37,24.73
17,2016-03-31,USD,44194000,35722000,2035000,42159000,5204000,4825000,10562000,0,5025000,0,25160000,-1233000,6437000,0,179000,None,None,None,0,0,0,200000,-133000,0,4825000,4825000,None,USD,194474000,16108000,None,5003000,97365000,97109000,2193000,29972000,49000,-170684000,6584000,0,96653000,19830000,55533000,None,None,168000,3866000,93955000,68790000,81001000,25427000,30651000,5627000,13044000,25561000,0,0,49000,0,-170684000,0,None,311000,11444000,100519000,None,5627000,34012000,41832000,None,None,None,267576000,194474000,45257000,None,49421236,USD,-9935000,-7313000,-10650000,-436000,None,124000,None,260000,4825000,-13668000,-3142000,2478000,429000,0,124000,-457000,4744000,1640000,279000,-4744000,None,-13668000,15.25,20.37
18,2015-12-31,USD,44918000,32870000,2795000,42123000,7131000,7106000,9445000,0,6906000,0,23425000,-2122000,9253000,0,225000,None,None,None,0,0,0,-200000,-6205000,0,7106000,7106000,None,USD,188626000,976000,None,5261000,100619000,88007000,2244000,27467000,49000,-175509000,6569000,0,78806000,33498000,56934000,7085000,7085000,-488000,3874000,105946000,55009000,87031000,28692000,25908000,7085000,12587000,29467000,0,0,49000,0,-175509000,0,None,318000,22503000,82680000,None,7085000,34356000,43685000,None,None,None,263955000,188626000,62190000,None,49004674,USD,-8007000,2844000,-12870000,-3999000,402500000,800000,-37644000,17747000,6852000,7857000,19927000,9165000,372000,0,800000,2155000,-8638000,843000,864000,-2304000,None,7857000,13.44,15.25
19,2015-09-30,USD,39362000,32029000,2248000,37114000,4350000,3916000,9129000,0,4058000,0,22900000,-735000,5085000,0,292000,None,None,None,0,0,0,142000,380000,0,3916000,3916000,None,USD,166641000,16627000,None,6468000,88054000,78587000,2323000,19224000,49000,-182361000,6138000,0,60916000,25641000,43690000,None,None,-107000,3210000,102515000,43967000,61960000,32061000,23603000,7939000,14742000,24466000,0,0,49000,0,-182361000,0,None,322000,None,64126000,None,7939000,34102000,44364000,None,None,None,261006000,166641000,57702000,None,48686657,USD,-5859000,-8005000,-6952000,-630000,None,58000,None,None,4169000,-7469000,-575000,8827000,342000,0,58000,-1150000,6334000,946000,463000,-5704000,None,-7469000,14.03,13.44
