,fiscalDateEnding,reportedCurrency_x,totalRevenue,totalOperatingExpense,costOfRevenue,grossProfit,ebit,netIncome_x,researchAndDevelopment,effectOfAccountingCharges,incomeBeforeTax,minorityInterest,sellingGeneralAdministrative,otherNonOperatingIncome,operatingIncome,otherOperatingExpense,interestExpense,taxProvision,interestIncome,netInterestIncome,extraordinaryItems,nonRecurring,otherItems,incomeTaxExpense,totalOtherIncomeExpense,discontinuedOperations,netIncomeFromContinuingOperations,netIncomeApplicableToCommonShares,preferredStockAndOtherAdjustments,reportedCurrency_y,totalAssets,intangibleAssets,earningAssets,otherCurrentAssets,totalLiabilities,totalShareholderEquity,deferredLongTermLiabilities,otherCurrentLiabilities,commonStock,retainedEarnings,otherLiabilities,goodwill,otherAssets,cash,totalCurrentLiabilities,shortTermDebt,currentLongTermDebt,otherShareholderEquity,propertyPlantEquipment,totalCurrentAssets,longTermInvestments,netTangibleAssets,shortTermInvestments,netReceivables,longTermDebt,inventory,accountsPayable,totalPermanentEquity,additionalPaidInCapital,commonStockTotalEquity,preferredStockTotalEquity,retainedEarningsTotalEquity,treasuryStock,accumulatedAmortization,otherNonCurrrentAssets,deferredLongTermAssetCharges,totalNonCurrentAssets,capitalLeaseObligations,totalLongTermDebt,otherNonCurrentLiabilities,totalNonCurrentLiabilities,negativeGoodwill,warrants,preferredStockRedeemable,capitalSurplus,liabilitiesAndShareholderEquity,cashAndShortTermInvestments,accumulatedDepreciation,commonStockSharesOutstanding,reportedCurrency,investments,changeInLiabilities,cashflowFromInvestment,otherCashflowFromInvestment,netBorrowings,cashflowFromFinancing,otherCashflowFromFinancing,changeInOperatingActivities,netIncome_y,changeInCash,operatingCashflow,otherOperatingCashflow,depreciation,dividendPayout,stockSaleAndPurchase,changeInInventory,changeInAccountReceivables,changeInNetIncome,capitalExpenditures,changeInReceivables,changeInExchangeRate,changeInCashAndCashEquivalents,clossingVal,nextClossingVal
0,2020-06-30,USD,0,9264000,None,None,-9389000,-9389000,6079000,None,-9389000,None,3117000,-125000,-9264000,68000,None,0,None,-332000,None,None,None,None,207000,None,-9389000,-9389000,None,USD,115146000,11161000,None,2953000,31348000,83798000,11161000,None,54000,-232702000,1000,None,11834000,47117000,6453000,None,None,119000,250000,102562000,None,83798000,52492000,None,24856000,None,6453000,None,None,54000,None,-232702000,None,None,12334000,None,12584000,319000,24856000,39000,24895000,None,None,None,316327000,115146000,99609000,None,52823312,USD,18100000,-162000,18080000,None,None,2328000,None,-541000,-9390000,12656000,-7752000,337000,338000,None,2328000,None,None,1125000,20000,None,None,12656000,2.49,
1,2020-03-31,USD,0,16240000,None,None,-15421000,-15421000,13200000,None,-15421000,None,2982000,819000,-16240000,58000,160000,0,-2000,-160000,None,None,None,None,979000,None,-15421000,-15421000,None,USD,119975000,10930000,None,2458000,32659000,87316000,10930000,88000,52000,-223313000,7000,None,11736000,34515000,7729000,None,None,-128000,294000,107445000,None,87316000,70472000,None,24731000,None,7729000,None,None,52000,None,-223313000,None,None,12236000,None,12530000,311000,24731000,199000,24930000,None,None,None,310705000,119975000,104987000,None,50844504,USD,37080000,-305000,-1785000,-38861000,-514000,-466000,None,-1321000,-15421000,-15330000,-13079000,-4134000,376000,None,48000,None,None,6405000,4000,None,None,-15330000,2.12,2.49
2,2019-12-31,USD,0,31509000,None,None,-31719000,-31719000,8723000,None,-31719000,None,3296000,-210000,-31509000,58000,-86000,0,-290000,-86000,None,19432000,None,None,-19556000,None,-31719000,-31719000,None,USD,136203000,11111000,None,2306000,34505000,101698000,11111000,None,52000,-207892000,266000,0,11111000,49804000,10880000,2000000,2000000,-17000,352000,124067000,None,101698000,71957000,1617000,23112000,None,8880000,None,None,52000,None,-207892000,None,None,11784000,None,12136000,440000,23112000,513000,23625000,None,None,None,309555000,136203000,121761000,None,50790441,USD,35502000,139000,16751000,-18741000,1000,25248000,None,736000,-31719000,32053000,-9946000,384000,388000,None,25247000,None,None,20822000,10000,None,None,32053000,4.48,2.12
3,2019-09-30,USD,0,12442000,None,None,-12403000,-12403000,9575000,None,-12403000,None,2811000,39000,-12442000,56000,-86000,0,-15000,5000,None,None,None,None,34000,None,-12403000,-12403000,None,USD,140628000,10806000,None,2065000,33825000,106803000,10806000,136000,42000,-176173000,267000,19432000,11657000,17785000,8291000,None,None,-236000,393000,108346000,None,87371000,88496000,1405000,24962000,None,8291000,None,None,42000,None,-176173000,None,None,12457000,None,32282000,564000,24962000,572000,25534000,None,None,None,283170000,140628000,106281000,None,41208261,USD,18602000,-76000,6590000,-12006000,1000,5708000,None,369000,-12403000,885000,-11413000,-336000,373000,None,5708000,None,None,1029000,6000,None,None,885000,2.65,4.48
4,2019-06-30,USD,0,22154000,None,None,-21939000,-21939000,10464000,None,-21939000,None,4211000,215000,-22154000,59000,-86000,0,100000,31000,None,7420000,None,None,-7236000,None,-21939000,-21939000,None,USD,147330000,11274000,None,2436000,34531000,112799000,11274000,41000,40000,-163770000,300000,19432000,12276000,16830000,9052000,None,None,212000,454000,114168000,None,93367000,94902000,1717000,24822000,None,9052000,None,None,40000,None,-163770000,None,None,13276000,None,33162000,689000,24822000,657000,25479000,None,None,None,276317000,147330000,111732000,None,38903830,USD,77313000,90000,-14921000,-92198000,-42000,19056000,None,251000,-21939000,-8770000,-12905000,-21000,377000,None,19098000,None,None,8588000,36000,None,None,-8770000,2.37,2.65
5,2019-03-31,USD,0,12920000,None,None,-12112000,-12112000,10019000,None,-12112000,None,2763000,808000,-12920000,138000,-20000,0,-156000,-20000,None,None,None,None,828000,None,-12112000,-12112000,None,USD,148263000,11135000,None,2339000,46459000,101804000,11135000,85000,36000,-141831000,12362000,26849000,1087000,25671000,8920000,709000,709000,1000,474000,107518000,None,74955000,79508000,1547000,24677000,None,8920000,None,None,36000,None,-141831000,None,None,13422000,None,40745000,None,24677000,12862000,37539000,None,None,None,243598000,148263000,105179000,None,35830240,USD,7416000,-193000,7320000,7416000,-42000,4896000,None,-1077000,-12112000,1357000,-10859000,-200000,454000,None,4896000,None,None,1192000,96000,None,None,1357000,7.37,2.37
6,2018-12-31,USD,0,13247000,-27316000,27316000,-13158000,-10513000,9857000,0,-13158000,0,3251000,89000,-13247000,139000,-20000,None,None,None,0,0,0,-2645000,-46000,0,-10513000,-10513000,None,USD,152287000,11372000,None,2514000,44068000,108219000,11372000,276000,36000,-129719000,12284000,26918000,11503000,24301000,7254000,41000,None,200000,522000,113344000,None,81301000,86529000,1684000,24530000,None,7213000,None,None,36000,None,-129719000,None,None,11503000,None,38943000,None,24530000,12284000,36814000,None,None,None,237702000,152287000,110830000,None,35146096,USD,929000,155000,869000,-13478000,9076000,9096000,None,-46000,-10514000,-528000,-10493000,3546000,275000,None,20000,None,None,-2409000,60000,None,None,-528000,7.57,7.37
7,2018-09-30,USD,0,12784000,9509000,-9509000,-12670000,-12560000,9509000,0,-12670000,0,3148000,114000,-12784000,127000,-20000,None,None,None,0,0,0,-110000,114000,0,-12560000,-12560000,None,USD,155124000,38482000,None,2697000,37270000,117854000,2534000,3912000,36000,-119205000,14693000,26962000,12812000,24946000,11220000,4068000,3750000,364000,605000,114745000,None,90892000,87102000,1183000,11357000,0,7152000,0,0,36000,0,-119205000,0,None,12812000,None,40379000,None,11357000,12159000,26050000,None,None,None,236659000,155124000,112048000,None,35120540,USD,-35696000,1835000,-35712000,0,1000,45810000,None,3000,-12560000,1336000,-8762000,-431000,236000,0,45809000,0,0,2158000,16000,None,None,1344000,11.16,7.57
8,2018-06-30,USD,0,11907000,9268000,-9268000,-11871000,-11594000,9268000,0,-11871000,0,2486000,36000,-11907000,153000,-113000,None,None,None,0,-21692000,0,-277000,-64000,0,-11594000,-11594000,None,USD,117941000,38595000,None,2680000,35232000,82709000,2554000,20000,32000,-106645000,14589000,26987000,12799000,23604000,7520000,2193000,1875000,456000,720000,77435000,None,55722000,51151000,1135000,13123000,0,5327000,0,0,32000,0,-106645000,0,None,12799000,None,40506000,None,13123000,12035000,27712000,None,None,None,188866000,117941000,74755000,None,30836774,USD,37180000,110000,11834000,0,-15000,16000,1000,23000,-11593000,1501000,-10349000,-515000,267000,0,30000,0,0,1382000,46000,None,-19000,1482000,11.32,11.16
9,2018-03-31,USD,0,32107000,8539000,-8539000,-32328000,-26849000,8539000,0,-32328000,0,1769000,-221000,-32107000,107000,-104000,None,None,None,0,21692000,0,-5479000,-21779000,0,-26849000,-26849000,None,USD,128872000,39409000,None,2586000,35169000,93703000,2692000,56000,32000,-95052000,14602000,27171000,13294000,22122000,5386000,21000,15202000,1275000,837000,87570000,None,66532000,62862000,1028000,14884000,0,5365000,0,0,32000,0,-95052000,0,None,13294000,None,41302000,297000,15181000,11910000,29783000,None,None,None,187448000,128872000,84984000,None,30604366,USD,-15891000,-554000,9390000,25300000,-243000,271000,18000,920000,-26849000,-10000,-9671000,5000,216000,0,496000,0,0,17511000,19000,None,11000,1000,9.2,11.32
10,2017-12-31,USD,0,8279000,18512000,-18512000,-8832000,-5607000,7939000,0,-8654000,0,170000,-459000,-8373000,170000,123000,None,None,None,0,43384000,0,-3047000,-7915000,0,-5607000,-5631000,24000,USD,159628000,60708000,None,3551000,40319000,119309000,7181000,2966000,32000,-68203000,12051000,27082000,60839000,22121000,6015000,265000,15337000,958000,925000,97864000,None,92227000,72192000,1030000,14775000,0,5750000,0,0,32000,0,-68203000,0,None,33757000,None,61764000,297000,15072000,12051000,34304000,None,None,None,186522000,159628000,94313000,None,30509522,USD,-43419000,16000,-39053000,4800000,14436000,50756000,None,-2136000,-6504000,2233000,-9470000,-621000,191000,0,50756000,0,400000,-2552000,434000,None,75000,2308000,14.84,9.2
11,2017-09-30,USD,94000,6543000,0,0,-6934000,-6817000,4966000,0,-6934000,0,1486000,-391000,-6543000,91000,277000,None,None,None,0,-65076000,0,-117000,0,0,-6817000,-6817000,None,USD,118888000,61781000,None,2235000,44243000,74645000,11263000,4147000,26000,-61699000,11931000,28332000,62785000,19813000,6077000,265000,15237000,747000,582000,55521000,None,46313000,33473000,471000,14675000,0,5812000,0,0,26000,0,-61699000,0,None,34453000,None,63367000,297000,14972000,11931000,38166000,None,None,None,135571000,118888000,53286000,None,24389105,USD,-33941000,-1704000,-33444000,0,-455000,435000,-1000,-462000,-6816000,-41258000,-8249000,-228000,188000,0,891000,0,0,311000,1000,None,-62000,-41320000,9.35,14.84
12,2017-06-30,USD,188000,9343000,0,0,-11974000,-11504000,4164000,0,-11974000,0,5088000,-2631000,-9343000,91000,516000,None,None,None,0,21692000,0,-470000,0,0,-11504000,-12462000,554000,USD,125770000,0,None,2541000,46001000,79769000,11180000,11000,26000,-54883000,22987000,28222000,131000,61133000,8138000,719000,15595000,404000,672000,63674000,None,51547000,0,1194000,14579000,0,7419000,0,0,26000,0,-54883000,0,None,33202000,None,62096000,297000,14876000,11807000,37863000,None,None,None,134222000,125770000,61133000,None,24203464,USD,-33443000,248000,553000,1111000,15312000,55319000,385000,-790000,-10608000,48536000,-7336000,-1368000,270000,0,39622000,0,0,4122000,60000,None,-5000,48531000,5.88,9.35
13,2017-03-31,USD,94000,5791000,0,94000,-5691000,-5869000,1443000,0,-5869000,0,4337000,6000,-5697000,11000,178000,None,None,None,0,0,0,0,0,0,-5869000,-5869000,None,USD,13885000,0,None,388000,9535000,4350000,995000,None,255000,-316942000,None,3007000,131000,7771000,6593000,1580000,1580000,None,88000,8159000,None,1343000,0,None,1933000,0,5013000,0,0,255000,0,-316942000,0,None,2631000,None,5726000,14000,1947000,None,2942000,None,None,None,321037000,13885000,7771000,None,3639241,USD,498000,1599000,2829000,2331000,-421000,-421000,None,515000,-5869000,-771000,-3179000,515000,115000,0,0,0,0,461000,0,None,None,-771000,0.1235,5.88
14,2016-12-31,USD,83000,8375000,8182000,83000,-8291000,-6035000,78000,0,-8444000,0,2235000,1000,-8292000,13000,153000,None,None,None,0,6049000,0,-2409000,-332000,0,-6035000,-6035000,None,USD,17922000,0,None,903000,8163000,9759000,995000,47000,255000,-311073000,13163000,3007000,10477000,8542000,4866000,1548000,4469000,1000,99000,12185000,None,6752000,2740000,868000,2285000,0,3318000,0,0,255000,0,-311073000,0,None,2631000,None,5737000,17000,2302000,None,3297000,None,None,None,320576000,17922000,11282000,None,254746933,USD,3686000,-6062000,3686000,0,-10361000,-8336000,None,-275000,-6035000,-11979000,-7329000,325000,75000,0,2433000,0,-400000,4368000,8000,None,None,-11979000,0.0868,0.1235
15,2016-09-30,USD,45000,7246000,0,45000,-7204000,-8152000,5088000,0,-8152000,0,2134000,-3000,-7201000,24000,948000,None,None,None,0,6049000,0,0,0,0,-8152000,-8152000,None,USD,40118000,0,None,1333000,26931000,13187000,3404000,None,233000,-305038000,None,3007000,131000,20521000,20893000,11593000,11593000,4000,148000,28283000,0,10180000,6429000,None,2615000,0,9300000,0,0,233000,0,-305038000,0,None,8680000,None,11835000,19000,2634000,None,6038000,None,None,None,317988000,40118000,26950000,None,232892110,USD,4150000,-3563000,4149000,0,-1372000,2851000,408000,-300000,-8152000,-3969000,-10969000,-539000,640000,0,3815000,0,0,645000,1000,None,None,-3969000,0.11,0.0868
16,2016-06-30,USD,0,10221000,0,0,-10194000,-10706000,7752000,0,-10706000,0,2439000,27000,-10221000,30000,512000,None,None,None,0,0,0,0,0,0,-10706000,-10706000,None,USD,47676000,0,None,746000,31250000,16426000,3404000,None,208000,-296886000,None,3007000,131000,24490000,25363000,12512000,None,7000,171000,35818000,0,13419000,10582000,None,2462000,0,12851000,0,0,208000,0,-296886000,0,None,8680000,None,11858000,21000,2483000,None,5887000,None,None,None,313097000,47676000,35072000,None,208341530,USD,2988000,1802000,2986000,0,-11000,5624000,None,None,-10706000,969000,-7641000,424000,192000,0,5635000,0,0,647000,2000,None,None,969000,0.47,0.11
17,2016-03-31,USD,0,10742000,0,0,-10688000,-11207000,7875000,0,-11207000,0,2835000,54000,-10742000,32000,519000,None,None,None,0,0,0,0,0,0,-11207000,-11207000,None,USD,50145000,0,None,1160000,29465000,20680000,3404000,None,193000,-286180000,None,3007000,141000,23521000,22669000,11447000,None,5000,199000,38249000,None,17673000,13568000,None,3368000,0,11222000,0,0,193000,0,-286180000,0,None,8690000,None,11896000,24000,3392000,None,6796000,None,None,None,306662000,50145000,37089000,None,192836367,USD,4383000,-1134000,4378000,0,-40000,7419000,None,None,-11207000,469000,-11328000,153000,201000,0,7459000,0,0,659000,5000,None,None,469000,0.2728,0.47
18,2015-12-31,USD,54000,9714000,4321000,-4267000,-9662000,-10163000,7158000,0,-10163000,0,2515000,52000,-9714000,41000,501000,None,None,None,0,6049000,0,0,-3076000,0,-10163000,-10163000,None,USD,54217000,0,None,1271000,30328000,23889000,3404000,None,164000,-274973000,6000,3007000,183000,23052000,23173000,10991000,1102000,-17000,226000,42252000,2700000,20882000,17929000,None,3726000,0,12182000,0,0,164000,0,-274973000,0,None,8732000,None,11965000,25000,3751000,None,7155000,None,None,None,298715000,54217000,40981000,None,163614297,USD,-498000,332000,-296000,249000,-35000,-48000,None,220000,-10163000,-9155000,-8811000,264000,197000,0,-13000,0,961000,559000,47000,None,None,-9155000,0.4203,0.2728
19,2015-09-30,USD,0,9828000,0,0,-9811000,-9912000,7330000,0,-9912000,0,2460000,17000,-9828000,38000,101000,None,None,None,0,0,0,0,0,0,-9912000,-9912000,None,USD,63438000,0,None,1536000,29899000,33539000,3404000,None,164000,-264810000,None,3007000,183000,32207000,13520000,1537000,None,9000,250000,51449000,2900000,30532000,17706000,None,12951000,0,11983000,0,0,164000,0,-264810000,0,None,8732000,None,11989000,24000,12975000,None,16379000,None,None,None,298176000,63438000,49913000,None,159458376,USD,4458000,1172000,4431000,0,14838000,14818000,None,None,-9912000,10993000,-8256000,-127000,67000,0,-20000,0,0,544000,27000,None,None,10993000,0.58,0.4203
