,fiscalDateEnding,reportedCurrency_x,totalRevenue,totalOperatingExpense,costOfRevenue,grossProfit,ebit,netIncome_x,researchAndDevelopment,effectOfAccountingCharges,incomeBeforeTax,minorityInterest,sellingGeneralAdministrative,otherNonOperatingIncome,operatingIncome,otherOperatingExpense,interestExpense,taxProvision,interestIncome,netInterestIncome,extraordinaryItems,nonRecurring,otherItems,incomeTaxExpense,totalOtherIncomeExpense,discontinuedOperations,netIncomeFromContinuingOperations,netIncomeApplicableToCommonShares,preferredStockAndOtherAdjustments,reportedCurrency_y,totalAssets,intangibleAssets,earningAssets,otherCurrentAssets,totalLiabilities,totalShareholderEquity,deferredLongTermLiabilities,otherCurrentLiabilities,commonStock,retainedEarnings,otherLiabilities,goodwill,otherAssets,cash,totalCurrentLiabilities,shortTermDebt,currentLongTermDebt,otherShareholderEquity,propertyPlantEquipment,totalCurrentAssets,longTermInvestments,netTangibleAssets,shortTermInvestments,netReceivables,longTermDebt,inventory,accountsPayable,totalPermanentEquity,additionalPaidInCapital,commonStockTotalEquity,preferredStockTotalEquity,retainedEarningsTotalEquity,treasuryStock,accumulatedAmortization,otherNonCurrrentAssets,deferredLongTermAssetCharges,totalNonCurrentAssets,capitalLeaseObligations,totalLongTermDebt,otherNonCurrentLiabilities,totalNonCurrentLiabilities,negativeGoodwill,warrants,preferredStockRedeemable,capitalSurplus,liabilitiesAndShareholderEquity,cashAndShortTermInvestments,accumulatedDepreciation,commonStockSharesOutstanding,reportedCurrency,investments,changeInLiabilities,cashflowFromInvestment,otherCashflowFromInvestment,netBorrowings,cashflowFromFinancing,otherCashflowFromFinancing,changeInOperatingActivities,netIncome_y,changeInCash,operatingCashflow,otherOperatingCashflow,depreciation,dividendPayout,stockSaleAndPurchase,changeInInventory,changeInAccountReceivables,changeInNetIncome,capitalExpenditures,changeInReceivables,changeInExchangeRate,changeInCashAndCashEquivalents,clossingVal,nextClossingVal
0,2020-06-30,USD,144062000,161462000,98192000,45870000,-8862000,-15607000,22680000,None,-14576000,None,35260000,None,-17400000,None,None,1031000,None,None,None,None,None,1031000,2824000,None,-15607000,-15607000,None,USD,629791000,78842000,None,None,282450000,347341000,None,None,437608000,-117882000,54054000,216231000,11620000,60111000,207165000,None,15000000,-13764000,63628000,259470000,None,52268000,None,105260000,None,66326000,98985000,None,None,None,None,None,None,None,9512000,None,370321000,26935000,None,4721000,75285000,None,None,None,None,None,None,None,None,USD,-6439000,3338000,-6439000,None,-10000000,-10327000,-83000,-4858000,-15607000,-10311000,5689000,None,8538000,None,-194000,-2881000,18730000,-1571000,6471000,None,None,None,8.98,
1,2020-03-31,USD,157576000,178442000,113989000,43587000,-12381000,-22663000,22149000,None,-24641000,None,36905000,None,-20866000,None,None,-1978000,-2969000,None,None,None,None,-1978000,-3775000,None,-22663000,-22663000,None,USD,645410000,79587000,None,12295000,289813000,355597000,None,None,437459000,-102275000,53162000,211585000,11488000,70334000,214507000,25000000,25000000,-18082000,63293000,279457000,None,64425000,None,122920000,None,63247000,87774000,None,None,None,None,None,-48000,None,9475000,None,365953000,28173000,122000,4651000,75306000,None,None,None,38543000,None,70334000,None,36000000,USD,-22926000,1479000,-22926000,-18199000,25000000,24294000,-104000,-801000,-22663000,-6315000,-6442000,None,8485000,None,-26000,-8674000,7558000,8174000,4727000,None,None,None,5.68,8.98
2,2019-12-31,USD,174301000,183226000,122933000,51368000,-31697000,-10918000,21015000,None,-10828000,None,33909000,None,-8925000,None,-71000,90000,1666000,None,None,None,None,90000,-2069000,None,-10918000,-10918000,None,USD,639340000,70072000,None,12158000,258015000,381325000,None,71353000,435532000,-78833000,48487000,207595000,12078000,75454000,184166000,None,None,-13216000,63406000,284062000,None,101531000,2231000,115179000,None,54291000,75057000,None,None,None,None,None,-370000,None,9982000,None,355278000,31674000,208000,4500000,73849000,None,None,None,38212000,None,75454000,None,36000000,USD,-2178000,-11453000,-2178000,3901000,25000000,-403000,-130000,-1111000,-10918000,-8038000,-6292000,None,8573000,None,-348000,6264000,156000,2197000,5492000,None,None,None,9.55,5.68
3,2019-09-30,USD,174025000,180019000,118982000,55043000,2121000,-20221000,20550000,None,-15644000,None,35460000,None,-5994000,None,-121000,4577000,-2964000,None,None,None,None,4577000,-9650000,None,-20221000,-20221000,None,USD,651574000,72493000,None,9972000,264036000,387538000,None,67950000,434925000,-67915000,47839000,203806000,16437000,86900000,195453000,None,None,-16393000,62978000,295860000,None,111239000,2529000,130349000,None,60230000,85431000,None,None,None,None,None,-114000,None,13536000,None,355714000,29270000,300000,4194000,68583000,None,None,None,37035000,None,86900000,None,36000000,USD,-5254000,-5141000,-5254000,587000,25000000,-200000,-191000,-1982000,-20221000,2131000,7978000,None,8115000,None,-59000,-4357000,19811000,11753000,5257000,None,None,None,10.7,9.55
4,2019-06-30,USD,191374000,196151000,132425000,58949000,3341000,-28176000,22111000,None,-22519000,None,36648000,None,-4777000,None,-102000,5657000,854000,None,None,None,None,5657000,-17742000,None,-28176000,-28176000,None,USD,681097000,77545000,None,9857000,273471000,407626000,None,74175000,434316000,-47694000,45677000,208752000,20185000,84769000,203810000,None,None,-12666000,65603000,309012000,None,121329000,2381000,151219000,None,56327000,86806000,None,None,None,None,None,-229000,None,13383000,None,372085000,32082000,438000,4212000,69661000,None,None,None,33899000,None,84769000,None,36000000,USD,-5151000,24112000,-5151000,584000,-73000,-342000,-73000,2129000,-28176000,10626000,15794000,None,8118000,None,-267000,1116000,1184000,7311000,5178000,None,None,None,12.08,10.7
5,2019-03-31,USD,173813000,182120000,119183000,54630000,64000,-11223000,22797000,None,-10627000,None,34896000,None,-9806000,None,-102000,596000,-852000,None,None,None,None,596000,-2320000,None,-11223000,-11223000,None,USD,682508000,80741000,None,8833000,250634000,431874000,None,52920000,434054000,-19518000,46566000,207895000,25069000,74143000,178931000,7818000,7818000,-12761000,66798000,302005000,None,143238000,1911000,151686000,24657000,57317000,85525000,None,None,None,None,None,-118000,None,13311000,None,380503000,33448000,480000,6095000,71703000,None,None,None,30217000,None,74143000,None,36000000,USD,-3789000,-13795000,-3789000,557000,-73000,-717000,-670000,-7647000,-11223000,-14933000,-10618000,None,8371000,None,94000,-6735000,16814000,3597000,4346000,None,None,None,12.37,12.08
6,2018-12-31,USD,201395000,200565000,135495000,65900000,830000,-3826000,22230000,0,-6594000,0,36869000,None,830000,0,-156000,None,None,None,0,0,0,-2768000,-7424000,0,-3826000,-3826000,None,USD,683916000,86783000,None,9157000,239786000,444130000,None,57201000,432552000,-8295000,49353000,211074000,24606000,89076000,190433000,None,None,-9146000,37949000,323504000,None,146273000,1921000,171725000,None,50779000,94067000,None,None,None,None,None,-1965000,None,None,None,None,None,None,None,None,None,None,None,30984000,None,89076000,None,36000000,USD,None,13013000,-501000,5093000,-73000,-1828000,-116000,797000,-3826000,21616000,22426000,None,9308000,None,-3292000,183000,1236000,1715000,4378000,None,None,None,13.43,12.37
7,2018-09-30,USD,203426000,201776000,136159000,67267000,1650000,-1037000,22621000,0,701000,0,36741000,None,1650000,0,-156000,None,None,None,0,0,0,1738000,-949000,0,-1037000,-1037000,None,USD,674300000,91743000,None,9752000,227624000,446676000,None,52826000,432211000,-4469000,47637000,213663000,21842000,67460000,179987000,None,None,-9395000,42451000,304601000,None,141270000,1975000,173285000,None,51430000,87570000,None,None,None,None,None,-754000,None,None,None,None,None,None,None,None,None,None,None,None,None,None,None,36000000,USD,None,-9208000,-5082000,None,-73000,-3350000,-68000,1396000,-1037000,-5951000,2627000,None,9483000,None,None,2114000,-5070000,4949000,4789000,None,None,None,20.1,13.43
8,2018-06-30,USD,201903000,204992000,132594000,69309000,-3089000,-11384000,24391000,0,-9095000,0,41870000,None,-3089000,0,-156000,None,None,None,0,0,0,2289000,-6006000,0,-11384000,-11384000,None,USD,686172000,96380000,None,10665000,238765000,447407000,None,54815000,431993000,-2245000,45425000,213108000,23205000,73411000,193340000,None,None,-9717000,42425000,311054000,None,137919000,2200000,170235000,None,53570000,101270000,None,None,None,None,None,-537000,None,None,None,None,None,None,None,None,None,None,None,None,None,None,None,36000000,USD,None,13802000,-5531000,None,None,-557000,-374000,-154000,-11384000,2823000,11321000,None,9651000,None,None,-7413000,-4449000,11268000,4935000,None,None,None,16.0,20.1
9,2018-03-31,USD,186878000,191398000,124778000,62100000,-4520000,-8363000,24465000,0,-8706000,0,34689000,None,-4520000,0,-156000,None,None,None,0,0,0,-343000,-4186000,0,-8363000,-8363000,None,USD,688034000,103045000,None,11511000,226823000,461211000,None,57038000,430090000,9139000,45192000,219384000,25165000,70588000,181631000,None,None,-3243000,42484000,297956000,None,138782000,1896000,166892000,None,46742000,89464000,None,None,None,None,None,-1054000,None,None,None,None,None,None,None,None,None,None,None,None,None,None,None,36000000,USD,None,2935000,-4892000,None,None,-192000,-199000,-5564000,-8363000,5585000,10856000,None,10708000,None,672000,6624000,2757000,1759000,4064000,None,None,None,16.5,16.0
10,2017-12-31,USD,183533000,61623000,121719000,22297000,6985000,2781000,21828000,0,5169000,0,50972000,None,2078000,20508000,477000,None,None,None,0,12939000,0,1876000,22672000,0,24121000,2781000,None,USD,689106000,327115000,None,8006000,222189000,466917000,7702000,79005000,427748000,14423000,36637000,218516000,351370000,65003000,177850000,None,None,-2476000,42977000,294759000,None,137289000,221000,168503000,36637000,53026000,94775000,None,None,None,None,None,-3216000,None,None,None,None,None,None,None,None,None,None,None,None,None,None,None,33000000,USD,None,-19496000,-37641000,-23541000,-436000,-271000,-1833000,-4875000,4135000,-37548000,-928000,None,30503000,None,5708000,-6806000,-10584000,6195000,14100000,None,None,None,20.45,16.5
11,2017-09-30,USD,172560000,1084499000,115266000,375597000,12632000,1354000,21044000,0,2089000,0,47080000,None,2666000,0,-1113000,None,None,None,0,0,0,735000,-43901000,0,-27479000,1354000,None,USD,584089000,234360000,None,6463000,194096000,389993000,None,69715000,349598000,17865000,34035000,167062000,261733000,74206000,148568000,None,None,-2564000,36566000,285790000,None,155633000,1687000,148134000,None,56987000,75603000,None,None,None,None,None,-3256000,None,None,None,None,None,None,None,None,None,None,None,None,None,None,None,33000000,USD,None,-17320000,-3227000,None,None,89000,-267000,-215000,1354000,-14806000,-12044000,None,7548000,None,363000,9047000,749000,488000,10879000,None,None,None,21.5,20.45
12,2017-06-30,USD,173416000,-625413000,113780000,-218608000,-10042000,6770000,20470000,0,7499000,0,47272000,None,5170000,0,636000,None,None,None,0,0,0,729000,19291000,0,7704000,6770000,None,USD,591491000,232825000,None,6601000,209672000,381819000,None,64233000,349057000,12816000,34018000,163363000,259504000,89012000,164491000,None,None,-6386000,36716000,295271000,None,148994000,1707000,133791000,None,65867000,96742000,None,None,None,None,None,-3396000,None,None,None,None,None,None,None,None,None,None,None,None,None,None,None,33000000,USD,None,10362000,-5276000,None,None,-175000,-476000,-2630000,6770000,-3533000,3422000,None,7194000,None,301000,-16615000,13568000,1941000,7940000,None,None,None,28.1,21.5
13,2017-03-31,USD,161218000,158788000,105723000,55661000,3005000,-211000,19311000,0,-379000,0,45075000,None,3423000,0,-159000,None,None,None,0,0,0,-168000,-3384000,0,-211000,-211000,None,USD,561643000,226976000,None,6134000,195747000,365896000,None,61385000,348528000,12553000,33470000,157971000,250600000,92545000,151686000,None,None,-12844000,34254000,276789000,None,138920000,1544000,129782000,None,48328000,85578000,None,None,None,None,None,-3493000,None,None,None,None,None,None,None,None,None,None,None,None,None,None,None,32000000,USD,None,-20244000,-6879000,None,None,-241000,-2083000,-1908000,-211000,-10227000,-2122000,None,6997000,None,4621000,-6625000,14925000,4944000,2887000,None,None,None,26.55,28.1
14,2016-12-31,USD,163021000,606461000,107270000,204698000,9146000,15718000,18047000,0,15700000,0,42132000,None,6576000,17277000,-71000,None,None,None,0,843000,0,1981000,10549000,0,15385000,15718000,None,USD,578459000,228977000,None,6530000,216875000,361584000,11458000,58605000,342450000,13718000,32654000,154114000,250266000,102772000,172763000,None,None,-14426000,34180000,294013000,None,130252000,1667000,143798000,32654000,40913000,109236000,None,None,None,None,None,-5134000,None,None,None,None,None,None,None,None,None,None,None,None,None,None,None,32000000,USD,None,38601000,-26636000,-9679000,-395000,-13689000,-411000,6970000,15718000,8836000,47367000,None,25894000,None,2048000,-5785000,-26475000,-9288000,16957000,None,None,None,15.7,26.55
15,2016-09-30,USD,153560000,0,104192000,0,0,-718000,18015000,0,560000,0,42810000,None,-1570000,0,0,None,None,None,0,0,0,2329000,0,0,0,-718000,None,USD,562811000,238192000,None,9678000,208797000,354014000,None,54062000,344400000,None,49344000,159138000,258886000,112054000,146659000,None,None,None,34075000,None,None,None,None,None,None,24683000,90223000,None,None,None,None,None,-5134000,None,None,None,None,None,None,None,None,None,None,None,None,None,None,None,32000000,USD,None,13462000,None,None,None,None,None,None,None,None,48747000,None,None,None,None,10964000,None,None,12810000,None,None,None,14.41,15.7
16,2016-06-30,USD,156229000,0,105365000,0,0,718000,18237000,0,2372000,0,42588000,None,1570000,0,0,None,None,None,0,0,0,1654000,0,0,0,718000,None,USD,549830000,236486000,None,13217000,194856000,354974000,None,50079000,344230000,None,46703000,157600000,257064000,98433000,136469000,None,None,None,32541000,None,None,None,None,None,None,20033000,83813000,None,None,None,None,None,-5134000,None,None,None,None,None,None,None,None,None,None,None,None,None,None,None,32000000,USD,None,5549000,None,None,None,None,None,None,718000,None,24122000,None,None,None,None,13177000,None,None,8270000,None,None,None,16.96,14.41
17,2016-03-31,USD,142797000,0,97882000,0,0,718000,18778000,0,1063000,0,42528000,None,0,0,0,None,None,None,0,0,0,345000,0,0,0,718000,None,USD,539438000,245361000,None,12856000,183439000,355999000,None,46973000,342444000,None,45440000,160998000,265830000,86120000,125859000,None,None,None,29746000,None,None,None,None,None,None,26529000,75637000,None,None,None,None,None,-5671000,None,None,None,None,None,None,None,None,None,None,None,None,None,None,None,33000000,USD,None,None,None,None,None,None,None,None,718000,None,7600000,None,None,None,None,7080000,None,None,2843000,None,None,None,14.54,16.96
18,2015-12-31,USD,144846000,594788000,99783000,193855000,13010000,-5960000,18539000,0,-5727000,0,40388000,None,8326000,12360000,-154000,None,None,None,0,2896000,0,233000,-14624000,0,-2674000,-5960000,None,USD,546332000,240738000,None,18914000,188036000,358296000,11667000,47636000,346453000,-160000,44353000,156488000,255460000,93936000,132016000,None,None,-7978000,28947000,257190000,None,115276000,None,116246000,44353000,32829000,81879000,None,None,None,None,None,-4017000,None,None,None,None,None,None,None,None,None,None,None,None,None,None,None,32000000,USD,None,16342000,-127969000,-113966000,-226000,-5317000,-226000,-5748000,-2674000,-113126000,14533000,None,20216000,None,3837000,-16262000,-8437000,11547000,14003000,None,None,None,15.74,14.54
19,2015-09-30,USD,154581000,0,105572000,0,0,3286000,17987000,0,4113000,0,39456000,None,4684000,0,0,None,None,None,0,0,0,827000,0,0,0,3286000,None,USD,544770000,245198000,None,14723000,182430000,362340000,None,51824000,345523000,None,39614000,162585000,257653000,88369000,136387000,None,None,None,25579000,None,None,None,None,None,None,37508000,81709000,None,None,None,None,None,-94000,None,None,None,None,None,None,None,None,None,None,None,None,None,None,None,33000000,USD,None,13677000,None,None,None,514000,None,None,3286000,None,1432000,None,None,None,None,None,None,None,9214000,None,None,None,21.16,15.74
