,fiscalDateEnding,reportedCurrency_x,totalRevenue,totalOperatingExpense,costOfRevenue,grossProfit,ebit,netIncome_x,researchAndDevelopment,effectOfAccountingCharges,incomeBeforeTax,minorityInterest,sellingGeneralAdministrative,otherNonOperatingIncome,operatingIncome,otherOperatingExpense,interestExpense,taxProvision,interestIncome,netInterestIncome,extraordinaryItems,nonRecurring,otherItems,incomeTaxExpense,totalOtherIncomeExpense,discontinuedOperations,netIncomeFromContinuingOperations,netIncomeApplicableToCommonShares,preferredStockAndOtherAdjustments,reportedCurrency_y,totalAssets,intangibleAssets,earningAssets,otherCurrentAssets,totalLiabilities,totalShareholderEquity,deferredLongTermLiabilities,otherCurrentLiabilities,commonStock,retainedEarnings,otherLiabilities,goodwill,otherAssets,cash,totalCurrentLiabilities,shortTermDebt,currentLongTermDebt,otherShareholderEquity,propertyPlantEquipment,totalCurrentAssets,longTermInvestments,netTangibleAssets,shortTermInvestments,netReceivables,longTermDebt,inventory,accountsPayable,totalPermanentEquity,additionalPaidInCapital,commonStockTotalEquity,preferredStockTotalEquity,retainedEarningsTotalEquity,treasuryStock,accumulatedAmortization,otherNonCurrrentAssets,deferredLongTermAssetCharges,totalNonCurrentAssets,capitalLeaseObligations,totalLongTermDebt,otherNonCurrentLiabilities,totalNonCurrentLiabilities,negativeGoodwill,warrants,preferredStockRedeemable,capitalSurplus,liabilitiesAndShareholderEquity,cashAndShortTermInvestments,accumulatedDepreciation,commonStockSharesOutstanding,reportedCurrency,investments,changeInLiabilities,cashflowFromInvestment,otherCashflowFromInvestment,netBorrowings,cashflowFromFinancing,otherCashflowFromFinancing,changeInOperatingActivities,netIncome_y,changeInCash,operatingCashflow,otherOperatingCashflow,depreciation,dividendPayout,stockSaleAndPurchase,changeInInventory,changeInAccountReceivables,changeInNetIncome,capitalExpenditures,changeInReceivables,changeInExchangeRate,changeInCashAndCashEquivalents,clossingVal,nextClossingVal
0,2020-06-30,USD,736800000,186600000,402700000,334100000,144000000,129700000,117000000,None,144000000,None,55000000,-3500000,147500000,2800000,None,14300000,None,None,None,-11800000,None,14300000,-15300000,None,129700000,129700000,None,USD,5072400000,62900000,None,154800000,890000000,4182400000,None,105600000,41800000,4657000000,333100000,1189800000,78600000,791300000,401100000,None,None,-7600000,1206900000,2337400000,24100000,2929700000,347000000,346100000,None,698200000,295500000,None,None,41800000,None,4657000000,-3860300000,None,208700000,None,42600000,155800000,None,488900000,488900000,None,None,None,3351500000,5072400000,1138300000,None,167100000,USD,-175500000,15900000,-254500000,-7400000,None,-125300000,-2200000,-10000000,129800000,-121100000,258700000,None,90600000,-73500000,-49600000,-46500000,None,35600000,71600000,21500000,None,-121100000,127.86,
1,2020-04-30,USD,736800000,577500000,402700000,334100000,249900000,129700000,117000000,None,144000000,None,55000000,None,159300000,None,None,14300000,None,None,None,None,None,14300000,-15300000,None,129700000,129700000,None,USD,None,None,None,None,None,None,None,None,41800000,4657000000,333100000,None,78600000,None,None,None,None,-7600000,1379600000,None,None,2929700000,None,None,None,None,None,None,None,None,None,None,None,None,None,None,None,None,None,None,None,None,None,None,None,None,None,None,None,USD,-254500000,25900000,-254500000,None,None,-125300000,None,-10000000,129700000,-121100000,258700000,None,90600000,-73500000,-60700000,-46500000,None,47400000,79000000,None,None,None,103.88,127.86
2,2020-03-31,USD,766100000,176100000,390500000,375600000,203000000,181100000,113200000,None,203000000,None,58600000,3500000,199500000,3100000,None,21900000,None,None,None,1200000,None,21900000,2300000,None,181100000,181100000,None,USD,4981900000,85400000,None,130400000,839100000,4142800000,None,114300000,41900000,4600800000,325000000,1189800000,72600000,912400000,362200000,None,None,-7500000,1207900000,2220800000,34100000,2867600000,161500000,367600000,None,648900000,247900000,None,None,41900000,None,4600800000,-3799600000,None,204300000,None,39600000,151900000,None,476900000,476900000,None,None,None,3307200000,4981900000,1073900000,None,167500000,USD,104900000,-49200000,44000000,-200000,None,-340200000,-2100000,-42700000,181000000,-15800000,280400000,None,91800000,-74900000,-263200000,-44900000,None,42500000,60700000,59200000,None,-15800000,89.38,103.88
3,2020-01-31,USD,766100000,565400000,390500000,375600000,292500000,181100000,113200000,None,203000000,None,58600000,None,200700000,None,None,21900000,None,None,None,None,None,21900000,2300000,None,181100000,181100000,None,USD,None,None,None,None,None,None,None,None,41900000,4600800000,325000000,None,72600000,None,None,None,None,-7500000,1379200000,None,None,2867600000,None,None,None,None,None,None,None,None,None,None,None,None,None,None,None,None,None,None,None,None,None,None,None,None,None,None,None,USD,44000000,-6500000,44000000,None,None,-340200000,None,-42700000,181100000,-15800000,280400000,None,91800000,-74900000,-285900000,-44900000,None,42500000,60900000,None,None,None,113.15,89.38
4,2019-12-31,USD,896100000,167000000,451800000,444300000,278700000,257100000,107700000,None,278700000,None,55400000,1400000,277300000,3100000,None,21600000,None,None,None,800000,None,21600000,600000,None,257100000,257100000,None,USD,5091800000,96500000,None,124900000,824500000,4267300000,None,114800000,42600000,4494600000,340400000,1189800000,70900000,928200000,333200000,None,None,-8000000,1190800000,2346500000,38200000,2981000000,262200000,426800000,None,604400000,218400000,None,None,42600000,None,4494600000,-3513800000,None,190100000,39900000,2745300000,150900000,None,491300000,491300000,None,None,None,3251900000,5091800000,1190400000,None,170500000,USD,-69300000,-30800000,-180500000,-69300000,None,-141000000,-26600000,-24100000,257100000,76900000,398400000,None,91200000,-75100000,-39300000,7900000,38500000,34500000,111200000,38500000,None,76900000,120.88,113.15
5,2019-10-31,USD,896100000,618000000,451800000,444300000,369300000,257100000,107700000,None,278700000,None,55400000,None,278100000,None,None,21600000,None,None,None,None,None,21600000,600000,None,257100000,257100000,None,USD,None,None,None,None,None,None,None,None,42600000,4494600000,340400000,None,70900000,None,None,None,None,-8000000,1349900000,None,None,2981000000,None,None,None,None,None,None,None,None,None,None,None,None,None,None,None,None,None,None,None,None,None,None,None,None,None,None,None,USD,-180500000,-6700000,-180500000,None,None,-141000000,None,-24100000,257100000,76900000,398400000,None,91200000,-75100000,-100800000,7900000,None,34500000,111200000,None,None,None,91.06,120.88
6,2019-09-30,USD,827400000,588000000,421400000,406000000,332300000,210600000,106800000,None,234000000,None,55800000,100000,239400000,4000000,None,23400000,None,None,-8100000,5500000,None,23400000,-5400000,None,210600000,210600000,None,USD,4839600000,107900000,None,105000000,717300000,4122300000,None,107500000,42500000,4312600000,343300000,1189800000,74100000,851300000,374000000,None,None,-7900000,1205600000,2234600000,27600000,2824600000,203300000,465300000,None,609700000,190500000,None,None,42500000,None,4312600000,-3412900000,None,33300000,40800000,2605000000,None,None,30900000,343300000,None,None,None,3188000000,4839600000,1054600000,None,175000000,USD,-101800000,-8500000,-101800000,-13200000,None,-206800000,-1200000,15200000,210600000,108500000,417000000,27400000,92900000,-75100000,-147500000,-29900000,92500000,44200000,97600000,92500000,None,108500000,79.25,91.06
7,2019-07-31,USD,827400000,588000000,421400000,406000000,332300000,210600000,106800000,None,234000000,None,55800000,None,239400000,None,None,23400000,None,None,None,None,None,23400000,-5400000,None,210600000,210600000,None,USD,None,None,None,None,None,None,None,None,42500000,4312600000,343300000,None,74100000,None,None,None,None,-7900000,1205600000,None,None,2824600000,None,None,None,None,None,None,None,None,None,None,None,None,None,None,None,None,None,None,None,None,None,None,None,None,None,None,None,USD,-101800000,-8500000,-101800000,None,None,-206800000,None,15200000,210600000,108500000,417000000,None,92900000,-75100000,-147500000,-29900000,None,44200000,97600000,None,None,None,85.28,79.25
8,2019-06-30,USD,767000000,152900000,454500000,312500000,161900000,144100000,100600000,None,161900000,None,46800000,2300000,159600000,5500000,None,17800000,None,None,None,None,None,17800000,2300000,None,144100000,144100000,None,USD,4842300000,114100000,None,132700000,742400000,4099900000,None,92400000,42900000,4177100000,345900000,1189800000,66900000,742800000,396500000,None,None,-7800000,1230100000,2206300000,35100000,2796000000,192200000,557800000,None,580800000,304100000,None,None,42900000,None,4177100000,-3265600000,None,33200000,33700000,2636000000,None,None,345900000,345900000,None,None,None,3153300000,4842300000,935000000,None,171600000,USD,-51800000,9700000,-138500000,1100000,None,-144300000,-11900000,-18900000,144200000,-73500000,209300000,-29200000,93700000,-65700000,-66700000,-22800000,-14000000,27700000,87800000,-14000000,None,-73500000,77.27,85.28
9,2019-03-31,USD,810400000,162600000,410200000,400200000,241300000,214000000,107500000,None,241300000,None,47900000,3700000,237600000,5700000,None,27300000,None,None,None,1500000,None,27300000,2200000,None,214000000,214000000,None,USD,4765500000,129900000,None,103900000,684600000,4080900000,None,100100000,43200000,4098700000,346300000,1189800000,82000000,816300000,338300000,None,None,-8100000,1169800000,2160100000,33900000,2761200000,141100000,543800000,None,555000000,238200000,None,None,43200000,None,4098700000,-3179100000,None,32800000,49200000,2605400000,None,None,346300000,346300000,None,None,None,3126200000,4765500000,957400000,None,172700000,USD,-158500000,-12400000,-268100000,-12900000,None,-193400000,9700000,-23000000,213900000,-269400000,192100000,-12300000,92000000,-66000000,-137100000,-61900000,-19400000,-7800000,96700000,-19400000,None,-269400000,82.48,77.27
10,2018-12-31,USD,972000000,164200000,486900000,485100000,323800000,284900000,109200000,None,323800000,None,47800000,2900000,320900000,7400000,0,None,None,None,None,-200000,None,38900000,3100000,None,284900000,284900000,None,USD,4738900000,130100000,None,91900000,700600000,4038300000,None,130000000,43500000,3950700000,343300000,1189800000,67200000,1085700000,357300000,None,None,-8200000,1140600000,2208500000,2700000,2718400000,13400000,524400000,None,493100000,227300000,None,None,43500000,None,3950700000,-3036100000,None,32500000,34700000,2530400000,None,None,343300000,343300000,None,None,None,3088400000,4738900000,1099100000,None,174100000,USD,301000000,23700000,171500000,301000000,None,-368100000,-19400000,43300000,284900000,352400000,549000000,-2600000,93000000,-67100000,-281600000,-5000000,131400000,23600000,129500000,131400000,None,352400000,67.02,82.48
11,2018-09-30,USD,1008400000,163500000,504800000,503600000,343400000,285500000,103000000,0,343400000,0,54400000,3300000,340100000,6300000,0,None,None,None,0,-200000,0,57900000,7600000,0,285500000,285500000,None,USD,4828900000,143700000,None,88800000,731900000,4097000000,0,74600000,44400000,3732900000,342200000,1189800000,69500000,733300000,389700000,None,None,-8800000,1140900000,2262200000,22800000,2763500000,294100000,655800000,0,490200000,315100000,0,0,44400000,0,3732900000,-2732500000,None,33000000,36500000,2566700000,None,None,342200000,342200000,None,None,None,3061000000,4828900000,1027400000,None,177400000,USD,175100000,-45400000,-341200000,-404000000,None,-291200000,7800000,57900000,285500000,-424800000,207600000,33600000,83800000,-68000000,-231000000,22100000,-180100000,8100000,112300000,-180100000,None,-424800000,90.71,67.02
12,2018-06-30,USD,894300000,145300000,442700000,451600000,310800000,286500000,96800000,0,310800000,0,44600000,4500000,306300000,3900000,0,None,None,None,0,2000000,0,24300000,4500000,0,286500000,286500000,None,USD,4783300000,59900000,None,117700000,700400000,4082900000,0,49000000,44900000,3515400000,342100000,883000000,68100000,1158100000,358300000,None,None,-8800000,1034600000,2631400000,106300000,3140000000,384400000,468400000,0,502800000,309300000,0,0,44900000,0,3515400000,-2496900000,None,37200000,30900000,2151900000,None,None,342100000,342100000,None,None,None,3028300000,4783300000,1542500000,None,179700000,USD,-490600000,31200000,-684700000,-2600000,None,-296500000,-1000000,-13400000,286500000,-723200000,258000000,-18700000,74700000,-57700000,-237800000,-36500000,-101200000,22000000,191500000,-101200000,None,-723200000,96.65,90.71
13,2018-03-31,USD,913400000,169300000,454700000,458700000,292300000,276000000,106700000,0,292300000,0,57500000,2900000,289400000,4100000,0,None,None,None,0,1000000,0,16300000,1900000,0,276000000,276000000,None,USD,4745100000,62700000,None,96000000,674900000,4070200000,0,53600000,45500000,3286800000,356400000,883000000,81400000,1881300000,318500000,None,None,-8800000,907100000,2810900000,None,3124500000,0,367200000,0,466400000,264900000,0,0,45500000,0,3286800000,-2255700000,None,40200000,41200000,1934200000,None,None,356400000,356400000,None,None,None,3002400000,4745100000,1881300000,None,182100000,USD,-490600000,-35500000,-90300000,0,None,-144100000,8100000,-65200000,276000000,199800000,434200000,-6500000,71600000,-58400000,-93800000,-8200000,91600000,45200000,90300000,91600000,None,199800000,100.26,96.65
14,2017-12-31,USD,1051900000,153300000,515100000,536800000,385600000,70400000,98000000,0,385600000,0,51300000,2100000,383500000,4000000,0,None,None,None,0,1000000,0,315200000,2100000,0,70400000,70400000,None,USD,4594300000,68200000,None,87700000,693800000,3900500000,0,96000000,45600000,3069300000,372300000,883000000,1038600000,1681500000,321500000,None,None,-8500000,869100000,2686600000,None,2949300000,0,458800000,0,458600000,225500000,0,0,45600000,0,3069300000,-2142200000,None,42100000,45300000,1907700000,None,None,372300000,372300000,None,None,None,2936300000,4594300000,1681500000,None,182400000,USD,-490600000,164300000,-34200000,-6000000,None,-261900000,-44700000,249100000,70400000,64700000,360800000,-20600000,69100000,-59100000,-158100000,34500000,-4100000,47200000,28200000,-4100000,None,64700000,94.95,100.26
15,2017-09-30,USD,984600000,153000000,485700000,498900000,347700000,281300000,91800000,0,347700000,0,56400000,1800000,345900000,5000000,0,None,None,None,0,-200000,0,66400000,3900000,0,281300000,281300000,None,USD,4573600000,67800000,None,68700000,507900000,4065700000,0,61400000,45800000,3059600000,110800000,883000000,1057600000,1616800000,387900000,None,None,-8500000,882300000,2633700000,None,3114900000,0,454700000,0,493500000,326500000,0,0,45800000,0,3059600000,-1925000000,None,40300000,66500000,1939900000,None,None,120000000,120000000,None,None,None,2893800000,4573600000,1616800000,None,183100000,USD,3200000,107600000,-97400000,-12100000,-5500000,-155200000,3000000,100900000,281300000,172800000,425400000,20400000,65400000,-58900000,-93800000,-10500000,-37100000,18500000,85300000,-57300000,None,172800000,101.9,94.95
16,2017-06-30,USD,900800000,148800000,447200000,453600000,306800000,246200000,92000000,0,306800000,0,49500000,2000000,304800000,7100000,0,None,None,None,0,200000,0,60600000,0,0,246200000,246200000,None,USD,4310200000,60800000,None,88100000,412400000,3897800000,0,54400000,45900000,2837200000,111600000,881800000,1040500000,1444000000,300800000,None,None,-9200000,857700000,2412000000,None,2955200000,0,397400000,0,482500000,246400000,0,0,45900000,0,2837200000,-1822200000,None,46500000,51400000,1898200000,None,None,111600000,111600000,None,None,None,2846100000,4310200000,1444000000,None,183700000,USD,None,47100000,-113000000,0,None,-164000000,2500000,41000000,246200000,37100000,314100000,8800000,62700000,-51600000,-114900000,-37400000,20200000,15300000,113000000,-28600000,None,37100000,95.95,101.9
17,2017-03-31,USD,851700000,144200000,426300000,425400000,281400000,224900000,89400000,0,281400000,0,47800000,200000,281200000,7000000,0,None,None,None,0,-2800000,0,56500000,0,0,224900000,224900000,None,USD,4166800000,67900000,None,87900000,375000000,3791800000,0,52200000,46100000,2642600000,108100000,881800000,1058300000,1406900000,266900000,None,None,-9300000,800400000,2308100000,None,2842100000,0,368800000,0,444500000,214700000,0,0,46100000,0,2642600000,-1689800000,None,55400000,53200000,1858700000,None,None,108100000,108100000,None,None,None,2802200000,4166800000,1406900000,None,184500000,USD,None,-21400000,-54900000,0,None,-124600000,5300000,-30400000,224900000,56400000,235900000,-23200000,62900000,-51900000,-78000000,-21900000,48800000,15100000,54900000,-500000,None,56400000,97.98,95.95
18,2016-12-31,USD,914300000,142000000,450400000,463900000,321100000,257800000,82000000,0,321100000,0,50900000,-800000,321900000,8500000,0,None,None,None,0,600000,0,63300000,0,0,257800000,257800000,None,USD,4065700000,74900000,None,56800000,405400000,3660300000,0,84800000,46200000,2469500000,102000000,880400000,1065700000,1350500000,303400000,None,None,-9000000,801500000,2198500000,None,2705000000,0,368400000,0,422800000,218600000,0,0,46200000,0,2469500000,-1594400000,None,56000000,54400000,1867200000,None,None,102000000,102000000,None,None,None,2748000000,4065700000,1350500000,None,184800000,USD,3200000,110800000,-60600000,-13700000,None,-168600000,-24600000,12300000,257800000,266700000,495900000,12300000,63800000,-52200000,-91800000,600000,49300000,1300000,50100000,49300000,None,266700000,74.66,97.98
