,fiscalDateEnding,reportedCurrency_x,totalRevenue,totalOperatingExpense,costOfRevenue,grossProfit,ebit,netIncome_x,researchAndDevelopment,effectOfAccountingCharges,incomeBeforeTax,minorityInterest,sellingGeneralAdministrative,otherNonOperatingIncome,operatingIncome,otherOperatingExpense,interestExpense,taxProvision,interestIncome,netInterestIncome,extraordinaryItems,nonRecurring,otherItems,incomeTaxExpense,totalOtherIncomeExpense,discontinuedOperations,netIncomeFromContinuingOperations,netIncomeApplicableToCommonShares,preferredStockAndOtherAdjustments,reportedCurrency_y,totalAssets,intangibleAssets,earningAssets,otherCurrentAssets,totalLiabilities,totalShareholderEquity,deferredLongTermLiabilities,otherCurrentLiabilities,commonStock,retainedEarnings,otherLiabilities,goodwill,otherAssets,cash,totalCurrentLiabilities,shortTermDebt,currentLongTermDebt,otherShareholderEquity,propertyPlantEquipment,totalCurrentAssets,longTermInvestments,netTangibleAssets,shortTermInvestments,netReceivables,longTermDebt,inventory,accountsPayable,totalPermanentEquity,additionalPaidInCapital,commonStockTotalEquity,preferredStockTotalEquity,retainedEarningsTotalEquity,treasuryStock,accumulatedAmortization,otherNonCurrrentAssets,deferredLongTermAssetCharges,totalNonCurrentAssets,capitalLeaseObligations,totalLongTermDebt,otherNonCurrentLiabilities,totalNonCurrentLiabilities,negativeGoodwill,warrants,preferredStockRedeemable,capitalSurplus,liabilitiesAndShareholderEquity,cashAndShortTermInvestments,accumulatedDepreciation,commonStockSharesOutstanding,reportedCurrency,investments,changeInLiabilities,cashflowFromInvestment,otherCashflowFromInvestment,netBorrowings,cashflowFromFinancing,otherCashflowFromFinancing,changeInOperatingActivities,netIncome_y,changeInCash,operatingCashflow,otherOperatingCashflow,depreciation,dividendPayout,stockSaleAndPurchase,changeInInventory,changeInAccountReceivables,changeInNetIncome,capitalExpenditures,changeInReceivables,changeInExchangeRate,changeInCashAndCashEquivalents,clossingVal,nextClossingVal
0,2020-03-31,USD,74697000,75624000,67546000,7151000,-1839000,-1178000,None,None,-2558000,None,4000,-912000,-927000,75316000,719000,-1380000,-804000,-719000,None,304000,None,-1380000,-1220000,None,-1178000,-1178000,None,USD,262504000,14905000,None,14880000,157920000,104584000,2109000,1232000,10300000,68924000,4771000,17558000,308000,22000,42424000,4000000,4000000,37035000,75458000,154275000,None,72121000,None,42221000,73755000,97152000,37192000,None,None,10300000,None,68924000,-11675000,None,75766000,None,108229000,38202000,73755000,39632000,115496000,None,None,None,37035000,262504000,22000,None,9000000,USD,-587000,2930000,-587000,None,2137000,625000,-877000,-1083000,-1178000,-604000,-642000,-7167000,2936000,None,-635000,676000,-7737000,1885000,587000,None,None,-604000,8.73,
1,2019-12-31,USD,67946281,-235418826,60982747,6963534,-119468,-893328,None,None,-959844,None,33522982,1683425,-1802893,-269105198,840376,-66516,-836490,-840376,None,163390,None,-66516,624052,None,-893328,-893328,None,USD,257197000,15714000,None,13229000,116627000,106511000,790000,3815000,10300000,70552000,4495000,17558000,348000,626000,40578000,4000000,4000000,None,40690000,147115000,None,107298000,4300000,35074000,71554000,98186000,32763000,None,None,10300000,None,70552000,-11748000,None,36120000,None,110082000,37913000,71554000,3705000,76049000,None,None,None,37407000,257197000,626000,None,9000000,USD,-92,-7582268,-1695809,352,-7558628,-8644057,-1130429,-844195,-893328,372676,10712542,-16966815,2833146,None,45000,19962000,6916931,649807,1696069,9696000,None,372676,12.91,8.73
2,2019-09-30,USD,73639911,73561264,66351871,7288040,-122124,-953412,None,None,-1066010,None,-1241697,-200771,78647,74713371,943886,-112598,-964680,-943886,None,89590,None,-112598,951336,None,-953412,-953412,None,USD,272134319,16585935,None,12400987,165105949,107028370,991657,3796762,10300000,71445238,5599824,17557620,388075,253596,46057731,4000000,4000000,37472995,40729347,160771102,None,72884815,2580000,41912336,79108499,106204183,38260969,None,None,10300000,None,71445238,-12189863,None,36490315,None,111363217,38136657,79108499,38948062,119048218,None,None,None,37473000,272134319,253596,None,9000000,USD,-767366,-3119472,-767366,189057,-2553822,-3704854,-1151032,352055,-953412,229836,4702056,6661883,3029715,None,None,3619197,1928997,-916658,956423,None,None,229836,15.95,12.91
3,2019-06-30,USD,78777976,78205786,70940204,7837772,605430,-262738,None,None,-404367,None,-417808,33240,572190,78603521,1009797,-141629,-1086330,-1009797,None,20073,None,-141629,430975,None,-262738,-262738,None,USD,281065671,17457328,None,13298733,173991587,107074084,1388985,3774600,10300000,72398650,7611895,17557620,428037,23760,50111503,4000000,4000000,36565297,41769975,167423960,None,72059136,2760000,43685225,81670402,110416242,42336903,None,None,10300000,None,72398650,-12189863,None,36856788,None,113641711,38372387,81670402,40820697,123880084,None,None,None,36565300,281065671,23760,None,9000000,USD,241819,-2667609,-678449,-21347320,-5920379,-7028404,-1108025,263313,-262738,-580826,7126027,7386019,2952765,None,None,3360266,3243455,-282410,920268,None,None,-580826,15.62,15.95
4,2019-03-31,USD,84803832,85359776,76120180,8683654,-308838,-926522,None,None,-1332779,None,16523,247106,-555944,85015306,1023941,-406260,-1071500,-1023941,None,327947,None,-406257,-97364,None,-926522,-926522,None,USD,287597343,18772361,None,10341214,180801541,106795802,1508084,3709610,10300000,72661388,8982266,16843526,468000,604586,49432763,4000000,4000000,36304159,42792288,171962104,None,71179915,2901423,46858362,87481287,114157942,41723153,None,None,10300000,None,72661388,-12469745,None,37227064,None,115635239,38614835,87481287,42379407,131368778,None,None,None,36304160,287597343,604586,None,9000000,USD,306273,3615349,-22553376,-21895409,15075829,14838315,-237514,-2909173,-926522,-1615686,6099375,-338087,2990374,None,None,5189552,-2393383,758261,964240,None,None,-1615686,15.2,15.62
5,2018-12-31,USD,72674176,69172282,62674732,10259232,-1090230,549436,548464,0,464646,0,-761893,-2130466,1040236,69593266,906782,None,None,None,0,340909,0,-84790,-1722202,0,549436,549436,None,USD,228398846,9696112,None,9983416,115613121,102484086,252988,3456633,10300000,68965410,11626763,9799992,507962,2220272,37237384,None,None,36520840,40924455,167470325,None,93289621,2935000,41065251,76405458,114201386,37237384,None,None,10300000,None,68965410,-13302164,None,507962,None,60928521,None,76405458,1717291,78375737,None,None,None,36520840,228398846,2220272,None,9000000,USD,306273,-21679629,-2872311,-1,13035493,10157869,-642217,805771,549436,347912,-6937646,26023033,2654546,-2215215,-20192,995724,8241568,-1387603,2872310,None,None,347912,16.59,15.2
6,2018-09-30,USD,77792878,70260507,63548757,14028366,7046448,5035558,0,0,6460560,0,-269083,-485923,7532371,70348919,585888,None,None,None,0,180671,0,1425002,-1199154,0,5035558,5035558,None,USD,240363137,10546951,None,12692661,138599442,101763695,1349745,2358013,10300000,68450319,13936601,9548992,237001,1872360,61880278,None,None,36413908,39880040,180150153,None,81667752,4985000,49555481,62782563,116029651,61880278,0,0,10300000,0,68450319,-13400532,None,237001,None,60212984,None,62782563,12586856,76719164,None,None,None,None,240363137,1872360,None,9000000,USD,-4633519,18795069,-5734021,10378281,8822800,9179676,-737308,496292,5035559,1853410,-1592245,-27804114,2445923,-2215215,1094184,-22960583,-5886952,-64682,1100502,None,None,1853410,22.85,16.59
7,2018-06-30,USD,71893763,66914008,56146341,15716322,7365720,3677272,0,0,4654270,0,2307598,78367,7287353,63916193,403852,None,None,None,0,690217,0,976998,-3354400,0,3677272,3677272,None,USD,202281673,9738474,None,18707741,104457910,97823763,1260805,240037,10300000,65630953,12141428,6003525,265441,18950,38382538,53933944,53933944,35496900,35605480,150668753,None,82081764,845000,41370921,53933944,90571141,38382538,0,0,10300000,0,65630953,-13604090,None,265441,None,51612920,None,53933944,10880623,66075372,None,None,None,None,202281673,18950,None,9000000,USD,-145888,-2070603,-12050787,-10378281,19575480,19134736,-491124,495952,3677271,201,-7083748,-13707931,2141781,-2215215,50380,-8084658,-6698433,2875734,1526618,None,None,201,19.95,22.85
8,2018-03-31,USD,58480602,53257363,47247183,11233419,5362207,3835163,0,0,4894163,0,154060,-15092,5377299,53103303,313984,None,None,None,0,0,0,1059000,-170136,0,3835163,3835163,None,USD,175989856,10309498,None,6253721,73530486,93727709,794630,882772,10300000,61953682,10834098,6003525,235210,18749,37153915,34274134,34274134,35170363,35532103,123909520,None,86146347,640000,34788248,34274134,82848802,37153915,0,0,10300000,0,61953682,-13696336,None,235210,None,52080336,None,34274134,1307807,36376571,None,None,None,None,175989856,18749,None,9000000,USD,-191063,6060371,-2046370,-10378281,8339211,7658270,-680941,-1228231,3835163,4043,-5607857,-17933219,2110187,-2215215,0,-11108262,-6069663,319641,1855307,None,None,4043,14.6,19.95
9,2017-12-31,USD,52837134,52041438,44201000,7662824,1807995,982298,556000,0,994437,0,629110,23186,1784809,51290445,184448,None,None,None,0,121883,0,644139,-1727860,0,350298,982298,None,USD,159874150,10880521,None,6802072,64240374,89700426,635910,8993454,10300000,58129382,10176000,6003525,17148000,14706,33250266,25913557,25913557,35182288,35080009,107646440,None,78749730,537000,28704481,25913557,72125181,24256812,0,0,10300000,0,58129382,-13911244,None,None,None,263655,None,25913557,4440641,30990108,None,None,None,None,159874150,14706,None,9000000,USD,-551344,1905822,-2065640,71741,-18152555,-2191717,17109351,1805404,1016000,-704,4256653,848185,2106383,-1148513,0,-7088100,-10877176,-279070,1586037,None,None,-704,13.4,14.6
10,2017-09-30,USD,54595924,56363733,48238000,4836620,-1380350,-1206752,0,0,-1722752,0,62804,324655,-1705005,56347095,279598,None,None,None,0,-46166,0,-516000,0,0,-1206752,-1206752,None,USD,162433665,11490767,None,9048905,63605456,89691435,1576515,9780000,10300000,58261200,9894000,6003525,17584000,15410,34549175,26722960,26722960,35069410,34967728,109882956,None,81333917,0,30312586,26722960,70506055,34549175,0,0,10300000,0,58261200,-13939175,None,88689,None,52550709,None,26722960,756806,29056281,None,None,None,None,162433665,15410,None,9000000,USD,4141564,1144294,3282017,1048,-6346695,-6865151,-518456,638021,-1206752,-37297,3545837,1135060,2102125,0,0,0,0,371110,860595,None,None,-37297,12.5,13.4
11,2017-06-30,USD,51511045,49998234,41707000,8177927,1492493,829879,0,0,1154879,0,-3391,-16927,1509420,49615106,341005,None,None,None,0,386519,0,325000,0,0,829879,829879,None,USD,178021654,12101013,None,18359983,77325634,91108031,1348261,20340000,10300000,59467952,10387000,6003525,18213000,52707,42133579,33045350,33045350,35279254,35481396,124327722,None,82591482,4387500,30241313,33045350,71286219,42133579,0,0,10300000,0,59467952,-13939175,None,107998,None,53693932,None,33045350,798444,35192055,None,None,None,None,178021654,4440207,None,9000000,USD,-3831521,4341108,-4621670,877199,3026390,3026390,-518456,1133186,795482,-265833,1329447,-5865889,2189936,0,0,0,0,-131190,1667348,None,None,-265833,11.31,12.5
12,2017-03-31,USD,42203579,41047152,33626000,7403579,1232252,735937,0,0,1051937,0,5973000,75825,1156427,40688675,180315,None,None,None,0,358477,0,-316000,0,0,1367937,735937,None,USD,164861745,12711258,None,17246165,69230094,89447597,1480756,17216000,10300000,58672470,10129000,4944072,17783000,318540,33830804,None,None,34751284,35079797,111999310,None,77976321,0,26042656,29972946,68391949,33830804,0,0,10300000,0,58672470,-14276157,None,127308,None,52862435,None,29972946,3945588,35399290,None,None,None,None,164861745,318540,None,9000000,USD,-3831521,207281,-13995340,-12830712,21147494,21147494,-518456,404156,735937,255667,-6896487,-9451938,1796968,0,0,0,0,-184735,1164628,None,None,255667,12.25,11.31
13,2016-12-31,USD,33049871,34866943,28452000,3684290,-1630418,-1435564,603000,0,-1740564,0,5467000,263515,-1893933,34997237,932572,None,None,None,0,-130294,0,-3967000,-3588574,397336,2226436,-1435564,None,USD,138638063,12308838,None,18612457,43777885,88592555,1609492,16087434,10300000,57936533,6806000,1354730,13810000,62873,32771942,8804206,8804206,34714206,27324092,97503785,None,81196610,0,18028946,8804206,60799509,16684508,0,0,10300000,0,57936533,-14358184,None,None,None,146618,None,8804206,592245,11005943,None,None,None,None,138638063,62873,None,9000000,USD,-241301,3959307,-3928834,-6044411,-6292408,636232,6928640,-2185363,-7093301,-194944,3097658,-7526323,1643074,-1148513,0,2033000,-37676,-636340,5159988,None,None,-194944,10.95,12.25
14,2016-09-30,USD,34297231,38063848,28751000,4504419,-3651289,-2608276,0,0,-3924276,0,5712000,115328,-3766617,35607467,158000,None,None,None,0,2456381,0,1316000,0,-894006,-5240276,-2608276,None,USD,126577657,12918085,None,5298723,30367190,89859275,2038825,132530,10300000,59371737,6947000,1354730,14439000,257817,19436642,None,None,34642130,27296861,84842054,None,81937652,0,20128605,8441723,59156909,19304112,0,0,10300000,0,59371737,-14454592,None,165927,None,41735603,None,8441723,450000,10930548,None,None,None,None,126577657,257817,None,9000000,USD,-3831521,21672,21739970,22114999,-20313534,-20313534,None,-562736,-2608276,-1892379,-3318815,1417448,1688056,0,0,4198000,0,-3837715,375029,None,None,-1892379,9.51,10.95
15,2016-06-30,USD,34906668,36638733,29737000,3997594,-1830252,-1682729,0,0,-2098395,0,5655000,-98187,-1732065,36563733,366000,None,None,None,0,75000,0,515000,0,496670,-2613395,-1682729,None,USD,147514451,13527332,None,6359146,55148905,92365546,4784897,122458,10300000,61980013,596000,1354730,14922000,2150196,25999638,4533908,4533908,34540125,45732667,86859654,None,77483484,0,18809710,23914370,59540602,21343272,0,0,10300000,0,61980013,-14454592,None,40068,None,60654797,None,23914370,450000,29149267,None,None,None,None,147514451,2150196,None,9000000,USD,None,2884755,526960,1547183,-2497290,-2497290,None,-590002,-1682729,1894402,3864732,902296,1797769,0,0,4047000,0,-37359,1020223,None,None,1894402,7.66,9.51
16,2016-03-31,USD,36312012,37165795,30486000,4718176,-1147436,-1366732,0,0,-1428732,0,5572000,-293653,-853783,37165738,575000,None,None,None,0,57,0,-62000,0,-99334,-1366732,-1366732,None,USD,148861506,14136578,None,4726771,55233912,93627594,4784896,112325,10300000,63662742,596000,1354730,17057000,255794,23587149,4533908,4533908,34524497,45964944,85840705,None,78136286,0,20411483,26411867,60446657,18940916,0,0,10300000,0,63662742,-14859645,None,1564549,None,63020801,None,26411867,450000,31646763,None,None,None,None,148861506,255794,None,9000000,USD,None,-3741713,-664862,55463,2969038,2715149,None,220414,-1366732,-135630,-2185917,-566858,1739811,0,-253889,3520000,0,1749575,720325,None,None,-135630,7.92,7.66
17,2015-12-31,USD,35565461,54104810,-189366,3423917,-18604740,-18968550,548000,0,-18416492,0,-923470,188713,-18793453,37824470,1232285,None,None,None,0,17203810,0,-699000,-11851065,-1251058,-17717492,-18968550,None,USD,149021417,14745825,None,2943236,53867123,95154294,3163211,9834880,10300000,65029474,596000,1355000,17789000,391424,26634718,4533908,4780053,34476240,46294271,84938426,None,79053469,0,17788131,23545801,63815635,12265930,0,0,10300000,0,65029474,-14651420,None,1500781,None,187384,None,23545801,523393,27232405,None,None,None,None,149021417,391424,None,9000000,USD,-241301,3492438,-2749751,-10188969,-1146831,-7541920,-3079619,-2712723,-11520336,181994,10473665,-3035887,1469574,-2617513,-697957,4173000,11380000,15995754,18344448,None,None,181994,6.88,7.92
18,2015-09-30,USD,38083284,36383208,-576658,4537170,-384510,1355190,0,0,1709190,0,-2414115,-247129,-137381,38788169,588000,None,None,None,0,9154,0,354000,0,0,1355190,1355190,None,USD,177167846,15309750,None,5178995,59847811,117320035,7323486,159058,10300000,86615537,661000,18512979,35791000,209430,24104429,4533908,None,34455003,43348323,98029196,None,83497306,0,24677549,27758896,67963222,19411463,0,0,10300000,0,86615537,-14050505,None,1967598,None,79138650,None,27758896,661000,35743382,None,None,None,None,177167846,209430,None,None,USD,None,149493,-3410084,1232805,-1133475,-1311627,-55649,None,1355190,-21842,4699869,2689383,1716895,0,-122503,398000,7341000,-1211092,4642889,None,None,-21842,9.04,6.88
19,2015-06-30,USD,50163448,47496672,-480000,8416069,2984596,2455285,0,0,3167285,0,5722000,317820,2666776,47491902,138000,None,None,None,0,4770,0,712000,0,0,2455285,2455285,None,USD,180807495,15873675,None,5349371,64850196,115957299,6438146,144868,10300000,85260347,3228000,18512979,36353000,231272,25816070,4533908,None,34324954,40345939,104108895,None,81570645,0,28275939,29368224,70252313,21137294,0,0,10300000,0,85260347,-13928002,None,1966007,None,76698600,None,29368224,3227756,39034126,None,None,None,None,180807495,231272,None,None,USD,None,-2072794,-880183,0,-1133476,-11176133,-10050959,None,2455285,29683,12085999,10390710,1786092,0,8302,0,4301000,-473294,880183,None,None,29683,13.7,9.04
