,fiscalDateEnding,reportedCurrency_x,totalRevenue,totalOperatingExpense,costOfRevenue,grossProfit,ebit,netIncome_x,researchAndDevelopment,effectOfAccountingCharges,incomeBeforeTax,minorityInterest,sellingGeneralAdministrative,otherNonOperatingIncome,operatingIncome,otherOperatingExpense,interestExpense,taxProvision,interestIncome,netInterestIncome,extraordinaryItems,nonRecurring,otherItems,incomeTaxExpense,totalOtherIncomeExpense,discontinuedOperations,netIncomeFromContinuingOperations,netIncomeApplicableToCommonShares,preferredStockAndOtherAdjustments,reportedCurrency_y,totalAssets,intangibleAssets,earningAssets,otherCurrentAssets,totalLiabilities,totalShareholderEquity,deferredLongTermLiabilities,otherCurrentLiabilities,commonStock,retainedEarnings,otherLiabilities,goodwill,otherAssets,cash,totalCurrentLiabilities,shortTermDebt,currentLongTermDebt,otherShareholderEquity,propertyPlantEquipment,totalCurrentAssets,longTermInvestments,netTangibleAssets,shortTermInvestments,netReceivables,longTermDebt,inventory,accountsPayable,totalPermanentEquity,additionalPaidInCapital,commonStockTotalEquity,preferredStockTotalEquity,retainedEarningsTotalEquity,treasuryStock,accumulatedAmortization,otherNonCurrrentAssets,deferredLongTermAssetCharges,totalNonCurrentAssets,capitalLeaseObligations,totalLongTermDebt,otherNonCurrentLiabilities,totalNonCurrentLiabilities,negativeGoodwill,warrants,preferredStockRedeemable,capitalSurplus,liabilitiesAndShareholderEquity,cashAndShortTermInvestments,accumulatedDepreciation,commonStockSharesOutstanding,reportedCurrency,investments,changeInLiabilities,cashflowFromInvestment,otherCashflowFromInvestment,netBorrowings,cashflowFromFinancing,otherCashflowFromFinancing,changeInOperatingActivities,netIncome_y,changeInCash,operatingCashflow,otherOperatingCashflow,depreciation,dividendPayout,stockSaleAndPurchase,changeInInventory,changeInAccountReceivables,changeInNetIncome,capitalExpenditures,changeInReceivables,changeInExchangeRate,changeInCashAndCashEquivalents,clossingVal,nextClossingVal
0,2020-06-30,USD,104570000,99930000,100864000,3706000,3706000,-576000,None,None,2425000,None,9432000,None,3706000,None,1281000,3001000,None,-1281000,None,None,None,3001000,-934000,None,-576000,-576000,None,USD,757844000,218943000,None,3271000,556196000,201648000,59148000,20865000,4000,-134268000,75168000,108979000,4705000,10749000,80383000,None,None,None,150245000,21792000,None,-126274000,None,5301000,144368000,2471000,59518000,None,None,4000,None,-134268000,None,None,257885000,None,736052000,278576000,None,416665000,475813000,None,None,None,335912000,757844000,10749000,None,37122976,USD,-6209000,3193000,-6209000,-398000,-30082000,-30082000,None,-3068000,-576000,-27389000,8902000,-503000,6352000,None,0,566000,None,1640000,5811000,-1770000,None,-27389000,5.93,
1,2020-03-31,USD,109810000,108681000,216761000,-106951000,-106951000,-102468000,None,None,-108459000,None,9866000,None,-106951000,None,1508000,-5991000,None,-1508000,None,None,None,-5991000,-108080000,None,-102468000,-102468000,None,USD,793384000,219398000,None,260425000,592580000,200804000,59369000,21319000,4000,-133692000,75373000,108979000,4600000,38138000,81070000,None,None,-7000,156553000,45281000,None,-127573000,None,6854000,173793000,3037000,59751000,None,None,4000,None,-133692000,None,None,4600000,None,484930000,285123000,174356000,452141000,511510000,None,None,None,334499000,793384000,38138000,None,37080960,USD,-5708000,5145000,-5708000,2275000,29971000,29866000,-105000,4255000,-102468000,36717000,12559000,3511000,6260000,None,0,86000,None,98699000,7983000,1326000,None,36717000,3.43,5.93
2,2019-12-31,USD,157096000,-118250000,268865000,-111769000,-111606000,-114133000,None,None,-113672000,None,12142000,163000,-111769000,None,2066000,461000,-2066000,-2066000,None,-118250000,None,415000,-122046000,None,-114087000,-114133000,None,USD,862457000,231127000,None,10700000,560350000,302107000,69510000,18068000,4000,-31224000,86111000,192739000,1668000,1421000,72297000,58000,58000,-52000,156921000,18824000,None,-121759000,None,3580000,144581000,3123000,54229000,None,None,4000,None,-31224000,None,None,262846000,None,843633000,276652000,144581000,418543000,488053000,None,None,None,333379000,862457000,1421000,None,37059202,USD,-11169000,-1564000,-11169000,-988000,-5246000,-6260000,-1014000,-8616000,-114133000,-7147000,10282000,None,14622000,None,0,-246000,-743000,120788000,15256000,None,None,None,7.905,3.43
3,2019-09-30,USD,120198000,113747000,123648000,-3450000,-3450000,-7669000,None,None,-5113000,None,10421000,None,-3450000,None,1663000,2556000,None,-1663000,None,None,None,2556000,-9901000,None,-7669000,-7669000,None,USD,960236000,231349000,None,17717000,545722000,414514000,71290000,19163000,4000,82909000,85921000,310989000,3894000,8568000,78198000,56000,56000,-86000,148903000,32142000,24000,-127824000,None,2980000,150601000,2877000,59035000,None,None,4000,None,82909000,None,None,236853000,None,928094000,250165000,150601000,396234000,467524000,None,None,None,331687000,960236000,8568000,None,37059202,USD,-11099000,750000,-11099000,-275000,3878000,1449000,-1014000,-2609000,-7669000,3318000,12968000,None,10912000,None,0,-46000,-510000,12071000,10545000,None,None,None,10.225,7.905
4,2019-06-30,USD,121460000,112165000,116943000,4517000,4614000,2092000,None,None,2892000,None,10849000,97000,4517000,None,1722000,800000,None,-1722000,None,None,None,800000,-4681000,None,2092000,2092000,None,USD,955355000,231670000,None,2960000,532047000,423308000,69958000,20284000,4000,90578000,85294000,324100000,3994000,5250000,75066000,54000,54000,-43000,153498000,13310000,100000,-132462000,None,2269000,146587000,2831000,54782000,None,None,4000,None,90578000,None,None,232757000,None,942025000,245384000,146587000,387023000,456981000,None,None,None,332769000,955355000,5250000,None,36795532,USD,-8493000,2448000,-8493000,2395000,-8121000,-11173000,-84000,-5376000,2092000,-3774000,15892000,-1012000,10765000,None,-3067000,-158000,952000,5631000,10888000,952000,None,-3774000,12.82,10.225
5,2019-03-31,USD,114197000,109608000,110538000,3659000,3763000,1425000,None,None,1979000,None,10465000,104000,3659000,None,1784000,554000,None,-1784000,None,None,None,600000,-826000,None,1379000,1425000,None,USD,953506000,231991000,None,5234000,530810000,422696000,70332000,20627000,4000,88486000,85728000,324100000,4158000,9024000,72542000,481000,481000,62000,149549000,20146000,300000,-133395000,None,3215000,154573000,2673000,51915000,None,None,4000,None,88486000,None,None,227700000,None,933340000,238594000,154573000,387936000,458268000,None,None,None,334144000,953506000,9024000,None,37000000,USD,1488000,-2486000,1488000,8495000,-5146000,-9520000,-84000,-3585000,1425000,1871000,9903000,2547000,6025000,None,-4290000,259000,-48000,2181000,7007000,-48000,None,1871000,10.06,12.82
6,2018-12-31,USD,157293000,144386000,146597000,10696000,10833000,5646000,0,0,7742000,0,32417000,137000,10696000,0,3091000,None,None,None,291000,0,0,2060000,-5165000,0,5682000,5646000,None,USD,758956000,238807000,None,19729000,336682000,422274000,69471000,1033000,4000,85149000,102323000,321531000,1409000,7153000,55695000,None,None,180000,161429000,32981000,499000,-138064000,None,3167000,158386000,2932000,54662000,None,None,4000,None,85149000,None,None,4208000,None,725975000,None,178664000,211516000,280987000,None,None,None,336941000,758956000,7153000,None,None,USD,None,-647000,-17824000,-367000,9296000,825000,-2378000,129000,5646000,525000,17524000,None,6713000,None,-16094000,-336000,353000,4218000,17457000,None,None,None,9.99,10.06
7,2018-09-30,USD,117830000,107383000,108635000,9195000,9718000,5874000,0,0,7656000,0,10368000,523000,9195000,0,2062000,None,None,None,0,0,0,1800000,-2791000,0,5856000,5874000,None,USD,755519000,239750000,None,4793000,332243000,423276000,69137000,1109000,4000,79503000,101082000,321531000,3792000,6628000,61987000,170283000,170283000,357000,172094000,17582000,770000,-138005000,0,3565000,169174000,2596000,60878000,0,0,4000,0,79503000,0,None,4562000,None,737937000,None,None,201119000,270256000,None,None,None,343412000,755519000,6628000,None,39000000,USD,None,3516000,-14526000,-364000,-1324000,-6577000,None,-2307000,5874000,-6518000,14585000,None,5503000,0,0,114000,-1009000,2791000,13071000,None,None,None,11.81,9.99
8,2018-06-30,USD,117813000,108285000,110009000,7804000,7804000,4210000,0,0,5792000,0,10972000,None,7804000,-5914000,2012000,None,None,None,0,-429000,0,1600000,-3736000,0,4192000,4210000,None,USD,749117000,240306000,None,2667000,327945000,421172000,68896000,1194000,4000,73629000,101500000,320600000,3764000,13146000,56121000,171518000,171518000,319000,161883000,21792000,734000,-139734000,0,3269000,170324000,2710000,54927000,0,0,4000,0,73629000,0,None,4498000,None,727287000,None,None,202928000,271824000,None,None,None,347220000,749117000,13146000,None,39000000,USD,None,3146000,-8179000,-269000,-1352000,-6036000,None,3928000,4210000,3108000,17323000,524000,5814000,0,-4684000,29000,255000,3345000,7910000,255000,None,3108000,14.18,11.81
9,2018-03-31,USD,112554000,106036000,106216000,6338000,6338000,3229000,0,0,4428000,0,11067000,None,6338000,5914000,1910000,None,None,None,0,429000,0,1199000,-2090000,0,3229000,3229000,None,USD,743134000,241011000,None,3216000,322974000,420160000,68644000,1309000,4000,69419000,101206000,320600000,3753000,10038000,50296000,172781000,172781000,194000,157643000,19517000,572000,-141451000,0,3524000,171472000,2739000,48987000,0,0,4000,0,69419000,0,None,4325000,None,723579000,None,None,204034000,272678000,None,None,None,350543000,743134000,10038000,None,39000000,USD,None,-2928000,-9495000,99000,638000,574000,-79000,3233000,3229000,3479000,12400000,3552000,5891000,0,15000,-27000,1017000,1666000,9594000,1017000,None,3479000,10.36,14.18
10,2017-12-31,USD,146542000,621582000,113478000,126328000,38790000,35202000,0,0,10423000,0,12229000,None,13376000,18365000,2402000,None,None,None,0,1810000,0,-18628000,-6838000,0,48046000,35202000,None,USD,742324000,241798000,None,6784000,326075000,416249000,68574000,1415000,4000,66897000,31431000,320638000,566317000,6559000,55431000,172054000,172054000,14000,156124000,19883000,332000,-146187000,0,3828000,170639000,2712000,54016000,0,0,4000,0,66897000,0,None,3881000,None,722441000,None,None,202070000,270644000,None,None,None,349334000,742324000,6559000,None,None,USD,None,806000,-40689000,31000,-3662000,-19335000,-1923000,-1412000,35202000,-2236000,57788000,None,21453000,0,0,6000,313000,-16264000,50627000,None,None,None,12.12,10.36
11,2017-09-30,USD,110988000,-290598000,101455000,9533000,9533000,5101000,0,0,7905000,0,9155000,None,9533000,15028000,1628000,None,None,None,0,-80000,0,2804000,-1000,0,5101000,5101000,None,USD,729821000,242823000,None,4273000,347348000,382473000,93700000,1497000,4000,31695000,31058000,319778000,566223000,7022000,60622000,163465000,163465000,-99000,146308000,17290000,None,-180128000,0,3353000,161968000,2642000,59125000,0,0,4000,0,31695000,0,None,3622000,None,712531000,None,None,193026000,286726000,None,None,None,350873000,729821000,7022000,None,40000000,USD,None,5952000,-20902000,1487000,1626000,-24731000,-1864000,-1168000,5101000,2097000,43860000,None,0,0,0,76000,788000,3279000,30122000,None,None,None,15.34,12.12
12,2017-06-30,USD,108581000,97959000,98305000,10276000,10276000,5330000,0,0,8649000,0,9212000,None,10276000,-15134000,1627000,None,None,None,0,17000,0,3319000,-84000,0,5330000,5330000,None,USD,715911000,243576000,None,3129000,336665000,379246000,91908000,1546000,4000,26594000,30142000,319800000,567012000,4925000,54411000,161750000,161750000,-64000,135142000,13757000,None,-184130000,0,3118000,160204000,2585000,52865000,0,0,4000,0,26594000,0,None,3658000,None,702176000,None,None,190346000,282254000,None,None,None,352712000,715911000,4925000,None,40000000,USD,None,380000,-1700000,7464000,-13380000,-14877000,-1864000,-938000,5330000,-4391000,12186000,-881000,5222000,0,-1497000,45000,1023000,2061000,9164000,29000,None,-4391000,13.75,15.34
13,2017-03-31,USD,105345000,0,96732000,8613000,8613000,4238000,0,0,7070000,0,9340000,None,8613000,5103000,1543000,None,None,None,0,35000,0,2832000,-1543000,0,4238000,4238000,None,USD,723398000,244330000,None,2290000,348915000,374483000,91408000,1575000,4000,21264000,30011000,319778000,567933000,9316000,54030000,1575000,1575000,84000,138082000,17383000,None,-189625000,0,3147000,173466000,2630000,52455000,0,0,4000,0,21264000,0,None,3825000,None,706015000,None,None,203477000,294885000,None,None,None,353131000,723398000,9316000,None,40000000,USD,None,-889000,-3659000,1991000,-379000,-8448000,-59000,1896000,4238000,521000,12628000,1896000,5045000,0,-8010000,88000,994000,1256000,5650000,994000,None,521000,13.26,13.75
14,2016-12-31,USD,150235000,408036000,114020000,124534000,62350000,8039000,0,0,13839000,0,13213000,None,16048000,34568000,2038000,None,None,None,0,812000,0,5800000,-7805000,0,30556000,8039000,None,USD,727157000,245082000,None,4204000,349824000,377333000,91273000,1588000,4000,17026000,30140000,320025000,568979000,8795000,54668000,175331000,175331000,172000,138320000,19858000,598000,-187774000,0,4141000,173743000,2718000,53080000,0,0,4000,0,17026000,0,None,3872000,None,707299000,None,None,203883000,295156000,None,None,None,360131000,727157000,8795000,None,None,USD,None,3329000,-47654000,-1333000,5246000,-11291000,-312000,-372000,8039000,-1399000,57546000,None,21622000,0,0,88000,-921000,15328000,45853000,None,None,None,14.12,13.26
15,2016-09-30,USD,104419000,0,93492000,10927000,10427000,4949000,0,0,9025000,0,8527000,-500000,10927000,-16971000,1412000,None,None,None,0,485000,0,4100000,0,0,4925000,4949000,None,USD,714570000,246203000,None,5244000,343896000,370674000,86323000,1639000,4000,8987000,33400000,319526000,569037000,11603000,55066000,1639000,1639000,-122000,122982000,22551000,None,-195055000,0,3194000,169107000,2510000,53427000,0,0,4000,0,8987000,0,None,3308000,None,692019000,None,None,202507000,288830000,None,None,None,361805000,714570000,11603000,None,39000000,USD,None,3676000,0,0,1603000,0,-916000,-2070000,4949000,4305000,38696000,None,0,0,0,296000,26000,3756000,23143000,None,None,None,11.92,14.12
16,2016-06-30,USD,100026000,0,76643000,0,9580000,4864000,0,0,8175000,0,8083000,None,9768000,5532000,1405000,None,None,None,0,-131000,0,3311000,0,0,4864000,4864000,None,USD,703817000,566048000,None,3174000,332829000,370988000,0,27687000,4000,4038000,33835000,319056000,569098000,7298000,48252000,1667000,1667000,-122000,119459000,0,None,-195060000,0,2361000,167387000,2427000,17266000,0,0,0,0,0,0,None,None,None,None,None,None,None,None,None,None,None,None,None,None,None,38000000,USD,None,-915000,0,0,-396000,0,-916000,-655000,4864000,-6106000,21053000,None,0,0,0,379000,859000,2683000,15546000,None,None,None,9.1,11.92
17,2016-03-31,USD,97403000,0,76539000,0,0,3061000,0,0,5203000,0,8563000,None,6815000,0,1472000,None,None,None,0,0,0,2142000,0,0,0,3061000,None,USD,704158000,566881000,None,2519000,332999000,371159000,0,30456000,4000,0,34709000,319100000,569746000,13404000,49184000,None,None,None,113332000,0,None,None,0,None,167677000,2526000,15977000,0,0,0,0,0,0,None,None,None,None,None,None,None,None,None,None,None,None,None,None,None,39000000,USD,None,None,0,0,None,0,None,None,3061000,None,9226000,None,0,0,0,280000,589000,None,4357000,None,None,None,10.33,9.1
18,2015-12-31,USD,133415000,739994000,101645000,220607000,123037000,4839000,0,0,8083000,0,13998000,None,10786000,44284000,1927000,None,None,None,0,3861000,0,3244000,-45001000,0,1814000,4839000,None,USD,703572000,248673000,None,3545000,335195000,368377000,79523000,1725000,4000,-3887000,36251000,318275000,569777000,10194000,51453000,169693000,169693000,172000,114030000,19765000,None,-198571000,0,3220000,167968000,2806000,49728000,0,0,4000,0,-3887000,0,None,2829000,None,683807000,None,None,204219000,283742000,None,None,None,372260000,703572000,10194000,None,46000000,USD,1586000,913000,27282000,148887000,-160013000,-47637000,-6327000,-1761000,4839000,6813000,27168000,None,18364000,0,0,-120000,162000,2990000,33406000,None,None,None,10.65,10.33
19,2015-09-30,USD,98567000,-1436576000,76456000,-212770000,-204860000,230000,0,0,671000,0,6916000,None,10241000,-33008000,2389000,None,None,None,0,-1480000,0,251000,14916000,0,28604000,230000,None,USD,700420000,249821000,None,4058000,338234000,362186000,77078000,1665000,4000,-8726000,36306000,317174000,571785000,7174000,50130000,None,None,None,110341000,18294000,None,-204809000,0,4304000,174720000,2758000,48465000,0,0,4000,0,-8726000,0,None,4790000,None,682126000,None,None,211026000,288104000,None,None,None,370908000,700420000,7174000,None,39000000,USD,None,None,36858000,149179000,None,0,None,None,230000,None,8244000,None,0,0,0,0,1092000,None,22536000,None,None,None,14.0,10.65
