,fiscalDateEnding,reportedCurrency_x,totalRevenue,totalOperatingExpense,costOfRevenue,grossProfit,ebit,netIncome_x,researchAndDevelopment,effectOfAccountingCharges,incomeBeforeTax,minorityInterest,sellingGeneralAdministrative,otherNonOperatingIncome,operatingIncome,otherOperatingExpense,interestExpense,taxProvision,interestIncome,netInterestIncome,extraordinaryItems,nonRecurring,otherItems,incomeTaxExpense,totalOtherIncomeExpense,discontinuedOperations,netIncomeFromContinuingOperations,netIncomeApplicableToCommonShares,preferredStockAndOtherAdjustments,reportedCurrency_y,totalAssets,intangibleAssets,earningAssets,otherCurrentAssets,totalLiabilities,totalShareholderEquity,deferredLongTermLiabilities,otherCurrentLiabilities,commonStock,retainedEarnings,otherLiabilities,goodwill,otherAssets,cash,totalCurrentLiabilities,shortTermDebt,currentLongTermDebt,otherShareholderEquity,propertyPlantEquipment,totalCurrentAssets,longTermInvestments,netTangibleAssets,shortTermInvestments,netReceivables,longTermDebt,inventory,accountsPayable,totalPermanentEquity,additionalPaidInCapital,commonStockTotalEquity,preferredStockTotalEquity,retainedEarningsTotalEquity,treasuryStock,accumulatedAmortization,otherNonCurrrentAssets,deferredLongTermAssetCharges,totalNonCurrentAssets,capitalLeaseObligations,totalLongTermDebt,otherNonCurrentLiabilities,totalNonCurrentLiabilities,negativeGoodwill,warrants,preferredStockRedeemable,capitalSurplus,liabilitiesAndShareholderEquity,cashAndShortTermInvestments,accumulatedDepreciation,commonStockSharesOutstanding,reportedCurrency,investments,changeInLiabilities,cashflowFromInvestment,otherCashflowFromInvestment,netBorrowings,cashflowFromFinancing,otherCashflowFromFinancing,changeInOperatingActivities,netIncome_y,changeInCash,operatingCashflow,otherOperatingCashflow,depreciation,dividendPayout,stockSaleAndPurchase,changeInInventory,changeInAccountReceivables,changeInNetIncome,capitalExpenditures,changeInReceivables,changeInExchangeRate,changeInCashAndCashEquivalents,clossingVal,nextClossingVal
0,2019-12-31,USD,28280000,None,26782150,1497850,None,-7022100,None,None,-11032160,4346216,2427000,None,-10804660,None,None,-181860,-192960,None,460280,None,None,-90929,None,230142,None,-3511050,None,USD,115450777,12959017,None,205520,20918516,90186045,None,None,28853,52058681,1784875,0,7746116,12440457,19133641,7353930,7066728,-7590943,2700034,68161627,23883983,77227028,None,39352408,None,595627,1650851,None,None,None,None,None,None,None,None,None,47289150,None,None,None,1784875,None,None,None,39310180,None,12440460,None,None,USD,None,2833851,-2920621,-526,220025,-5460130,None,145183,-9958700,2776180,1665691,None,462640,None,None,None,None,9876310,92370,None,None,None,1.81,
1,2019-09-30,USD,None,None,None,None,None,None,None,None,None,4346216,None,None,None,None,None,None,None,None,None,None,None,-90929,None,230142,None,-3511050,None,USD,None,None,None,None,None,None,None,None,28853,58437957,1784875,None,7746116,None,None,None,None,-7590943,2700034,None,None,77227028,None,None,None,None,None,None,None,None,None,None,None,None,None,None,None,None,None,None,None,None,None,None,None,None,None,None,None,USD,None,2833851,-2920621,-526,220025,None,None,145183,None,None,1665691,None,None,None,None,None,None,9876310,0,None,None,None,1.56,1.81
2,2019-06-30,USD,20950580,9527498,16470920,4479660,947790,665130,17876,None,1736540,7699693,2548330,None,1895580,None,-114428,545520,-197250,None,-759700,None,None,272760,-79521,-379848,595509,332566,None,USD,125631865,14480835,None,7727870,19273999,98658173,None,4021821,28853,58998267,1977506,8533379,15662126,14798017,17296493,7271040,6979642,-6140913,2981874,66489651,17484000,75643959,None,33516818,None,1762397,2130695,None,None,None,None,None,None,None,7802731,None,59142214,None,None,None,1977506,None,None,None,39310180,None,14798020,None,None,USD,None,-117115,-44536,-235,-2950088,-5900180,None,601839,431320,4946320,5682765,None,237040,None,None,4128259,-1125073,1574041,104820,None,None,None,1.48,1.56
3,2019-03-31,USD,10475288,9527498,8235460,2239828,947790,332566,17876,None,868269,7699693,1274163,None,947790,None,-114428,None,None,None,None,None,None,272760,-79521,-379848,595509,332566,None,USD,125631865,14480835,None,15587038,19273999,98658173,None,6716261,28853,65460055,1977506,8533379,15662126,14798017,17296493,None,None,-6140913,2981874,66489651,17484000,75643959,None,33516818,None,1762397,2130695,None,None,None,None,None,None,None,None,None,None,None,None,None,None,None,None,None,None,None,None,None,None,USD,None,-117115,-44536,-235,-2950088,-2950088,None,601839,332566,2473160,5682765,None,230874,None,None,4128259,-1125073,1574041,52408,None,None,None,1.5,1.48
4,2018-12-31,USD,13575190,5910369,8168720,5406470,877224,386790,132125,None,1525610,7918096,3452810,None,1754450,None,-147175,658180,-275730,None,-1377410,None,None,329089,-114417,-688706,433717,386790,None,USD,134194010,15268060,None,10634530,32126420,102067590,None,3983026,28850,64794920,2053512,8861360,8558520,7748420,22154820,13057640,None,-2066360,3240620,70313940,18156000,77938168,None,32495360,None,1957060,2524462,None,None,None,None,None,None,None,None,None,None,None,None,None,None,None,None,None,39310180,None,7748420,None,None,USD,702000,-212721,-17995510,-17433890,280784,-810000,-585,589240,1080000,-3749640,14664880,None,628140,None,None,-6564707,-107471,962936,561620,None,None,None,1.74,1.5
5,2018-09-30,USD,6787593,5910369,4084360,2703232,877224,-8281,132125,None,762806,7918096,1693884,None,877224,None,-147175,None,None,None,None,None,None,329089,-114417,-688706,433717,-8281,None,USD,134194014,15268062,None,27158747,24208327,102067591,None,3983026,28853,64794924,2053512,8861361,18354027,7748416,22154815,None,None,-2066364,3240620,70313944,18156000,77938168,None,32495361,None,1957058,2524462,None,None,None,None,None,None,None,None,None,None,None,None,None,None,None,None,None,None,None,None,None,None,USD,702000,-212721,832186,381423,280784,280199,-585,589240,-8281,-1762452,-4156728,None,363462,None,None,-6564707,-107471,962936,278385,None,None,None,1.64,1.74
6,2018-06-30,USD,14927450,7695246,10340110,4587340,297861,1993330,61189,None,2466900,8411512,1904520,None,2560450,None,-165997,372980,-293720,None,-503950,None,None,186490,-46773,730390,64599,1993330,None,USD,131273380,15434780,None,9889960,32398340,98875040,None,7599543,28700,64811490,2050797,8849650,9378640,12243570,21936030,10009170,None,-5032480,3404510,66961480,18132000,74590607,1170000,33989210,None,2570560,2971819,None,None,None,None,None,None,None,None,None,None,None,None,None,None,None,None,None,39067330,None,12243570,None,None,USD,-9426000,-1155778,-19659880,-19654820,-693056,-1370400,7855,276409,1589980,-224740,22978340,None,59870,None,None,4713039,5243924,1725493,5060,None,None,None,2.8,1.64
7,2018-03-31,USD,7993107,7695246,6681800,1311308,297861,996665,61189,None,251089,8411512,952258,None,297861,None,-165997,None,None,None,None,None,None,186490,-46773,730390,64599,996665,None,USD,131273377,15434782,None,17222878,23986829,98875036,None,7599543,28703,64811486,2050797,8849647,18490958,12243565,21936032,None,None,-5032481,3404506,66961484,18132000,74590607,None,34924486,None,2570555,2971819,None,None,None,None,None,None,None,None,None,None,None,None,None,None,None,None,None,None,None,None,None,None,USD,-9426000,-1155778,-9829941,-401411,-693056,-685201,7855,276409,996665,-112369,11489168,None,172269,None,None,4713039,5243924,1725493,1134,None,None,None,2.795,2.8
8,2017-12-31,USD,29852550,12958171,21292770,8559780,2361499,3456460,275857,0,4663720,8799460,3320640,None,4687430,0,-231715,1105420,-450350,None,-855930,0,0,552711,-12020,-445582,1796768,3456460,None,USD,138487730,15976140,None,16233560,37674810,100812920,2086086,4745499,28700,62818160,2086086,9001920,11620780,9717910,26789260,12893280,12893283,-1101270,3374880,89244880,12880641,74334564,3902000,44848320,None,2572560,7186805,None,None,None,None,None,None,None,None,None,None,None,None,None,None,None,None,None,39067330,None,9717910,None,None,USD,-9426000,-1586336,-3493250,-2190530,1930511,8336390,-2100905,-3017632,3013130,7418450,2151010,None,576950,None,5968210,2265433,-1848810,126049,1302720,None,None,None,2.58,2.795
9,2017-09-30,USD,15319670,12958171,10978452,4341217,2361499,1728228,275857,0,2349478,8799460,1703863,None,2361499,0,-231715,None,None,None,0,0,0,552711,-12020,-445582,1796768,1728228,None,USD,138487726,17476430,None,24582857,28875348,100812918,None,4745499,28703,62818157,2086086,9001924,12880641,9941040,26789262,12893283,12893283,-1101270,9883846,89244885,None,74334564,None,51958972,None,2762016,7186805,None,None,None,None,None,None,None,None,None,None,None,None,None,None,None,None,None,None,None,None,None,None,USD,-9426000,-1586336,457148,552772,1930511,2813712,-2100905,-3017632,1728228,456679,-3053911,None,122443,None,2984104,2265433,-1848810,126049,41132,None,None,None,2.66,2.58
10,2017-06-30,USD,12445000,-6280304,9879000,-998038,57775,311000,76000,0,94070,-8799460,2111000,None,57775,0,88000,422580,None,None,921480,0,0,423000,36296,-460741,305361,-155380,None,USD,97929000,1742000,None,14871000,15910000,82019000,None,3559000,24000,55391000,None,None,26194000,9028000,15910000,8469550,8469550,-3970877,8398000,63337172,None,80276296,None,37360286,None,2078000,3874000,None,None,None,None,None,None,None,None,None,None,None,None,None,None,None,None,None,26603510,None,9027680,None,None,USD,None,919841,-2203774,552772,-507638,-341820,332000,414736,311000,1542420,8412000,None,285029,None,2984104,221071,2216000,1258418,41132,None,None,None,2.37,2.66
11,2017-03-31,USD,6222529,6280304,5224492,998038,-57775,155380,37932,0,-94070,8799460,1017880,None,-57775,0,-44058,None,None,None,0,0,0,211291,-36296,460741,-305361,155380,None,USD,97928596,1742351,None,14871034,15909949,82018647,None,1258864,24312,59361701,None,None,24450883,9027681,15909949,8469550,8469550,-3970877,8398190,63337172,None,80276296,None,37360286,None,2078171,3873948,None,None,None,None,None,None,None,None,None,None,None,None,None,None,None,None,None,None,None,None,None,None,USD,None,919841,-2203774,552772,-507638,-341820,165819,414736,155380,1542420,4205929,None,285029,None,2984104,221071,1159652,1258418,41132,None,None,None,1.48,2.37
12,2016-12-31,USD,21292000,21408709,13405000,9284489,6685301,2512000,48000,0,5700000,446000,1761000,None,5937000,0,145000,None,None,None,0,0,0,660000,-201066,-2774218,5447430,4594000,None,USD,94303000,1788000,None,15476000,14097000,80206000,None,3286000,24000,53578000,None,None,21376000,5943000,14097000,9269141,9269141,-5472696,9270000,63656829,8638260,78417891,328000,40711575,None,1199000,1948000,None,None,None,None,None,None,None,None,None,None,None,None,None,None,None,None,None,None,None,None,None,None,USD,None,-819661,-1877974,1506000,1442829,9056000,-343316,335533,2512000,-330547,-7033052,None,573911,None,7957100,-11536074,-3192557,3219370,11000,None,None,None,2.0199,1.48
13,2016-09-30,USD,6802416,10516969,-4830452,3772036,1921616,-403954,14395,0,-783796,0,-941975,None,-748384,0,-401141,None,None,None,0,0,0,-376536,-117411,460741,1473740,-635954,None,USD,94302667,1788178,None,15803662,14096598,80206069,None,1240594,24312,59050942,None,None,19587826,5942842,14096598,9269141,9269141,-5472696,9269834,63656829,None,78417891,None,40711575,None,1198750,1947558,None,None,None,None,None,None,None,None,None,None,None,None,None,None,None,None,None,None,None,None,None,None,USD,None,-558604,-49835,-12100,-11594,-8835,2759,457758,1383046,626515,956415,None,352103,None,None,1740087,-3111917,546136,3640,None,None,None,2.02,2.0199
14,2016-06-30,USD,19241000,0,13497000,0,0,1787000,89000,0,2588000,0,2689000,None,2670000,0,326000,None,None,None,0,0,0,707000,0,0,0,2019000,None,USD,96231000,1961000,None,20669000,15297000,77434000,None,3109000,23000,54321000,None,None,22670000,4690000,15297000,None,None,None,10306000,None,None,None,343000,None,None,815000,2616000,None,None,None,None,None,None,None,None,None,None,None,None,None,None,None,None,None,None,None,None,None,None,USD,None,None,None,1530000,None,9074000,None,None,1787000,None,None,None,None,None,None,260000,2729000,None,4000,None,None,None,4.25,2.02
15,2015-12-31,USD,28435000,38748062,20533000,14731843,8066474,3559000,380000,0,4985000,199000,2604000,None,4508000,0,252000,None,None,None,0,0,0,1227000,1086460,1889734,7037019,3559000,None,USD,87075000,2103000,None,15597000,13986000,69645000,None,1781000,22000,54488000,None,None,12274000,6273000,13986000,8444680,8444680,-262900,11118000,63683250,None,67542636,None,40605532,None,1097000,3072000,None,None,None,None,None,None,None,None,None,None,None,None,None,None,None,None,None,None,None,None,None,None,USD,None,-409863,-7153860,1086000,-353320,8842000,3533000,678832,3559000,5858114,4451000,None,556339,None,5663122,20000,-212550,2657625,243000,None,None,None,5.26,4.25
16,2015-06-30,USD,30395000,0,19975000,0,0,4880000,705000,0,6319000,289000,4064000,None,5705000,0,160000,None,None,None,0,0,0,1150000,0,0,0,4880000,None,USD,86116000,2334000,None,12060000,12411000,70242000,None,1435000,22000,55085000,None,None,5131000,9991000,12411000,None,None,None,12353000,None,None,None,1146000,None,None,2276000,2484000,None,None,None,None,None,None,None,None,None,None,None,None,None,None,None,None,None,None,None,None,None,None,USD,None,None,856000,927000,None,5629000,2449000,None,4880000,None,3002000,None,None,None,None,None,None,None,71000,None,None,None,18.85,5.26
17,2014-12-31,USD,38258000,48319364,25367000,20640112,17173742,8602000,434000,0,10582000,453000,1746000,None,10219000,0,145000,None,None,None,0,0,0,1527000,397631,1889734,14716884,8602000,None,USD,78709000,2423000,None,10774000,16232000,59322000,None,1662000,20000,49828000,None,None,6157000,415000,16232000,9285300,9285300,3515420,12803000,59749430,None,56899095,3584000,43636547,None,1339000,3741000,None,None,None,None,None,None,None,None,None,None,None,None,None,None,None,None,None,None,None,None,None,None,USD,1753248,602000,533000,2117000,-4228085,-4228085,3533200,33974,8602000,-1243784,2460000,None,1506943,None,5663122,42000,-13868300,-145877,1594000,None,None,None,nan,18.85
