,fiscalDateEnding,reportedCurrency_x,totalRevenue,totalOperatingExpense,costOfRevenue,grossProfit,ebit,netIncome_x,researchAndDevelopment,effectOfAccountingCharges,incomeBeforeTax,minorityInterest,sellingGeneralAdministrative,otherNonOperatingIncome,operatingIncome,otherOperatingExpense,interestExpense,taxProvision,interestIncome,netInterestIncome,extraordinaryItems,nonRecurring,otherItems,incomeTaxExpense,totalOtherIncomeExpense,discontinuedOperations,netIncomeFromContinuingOperations,netIncomeApplicableToCommonShares,preferredStockAndOtherAdjustments,reportedCurrency_y,totalAssets,intangibleAssets,earningAssets,otherCurrentAssets,totalLiabilities,totalShareholderEquity,deferredLongTermLiabilities,otherCurrentLiabilities,commonStock,retainedEarnings,otherLiabilities,goodwill,otherAssets,cash,totalCurrentLiabilities,shortTermDebt,currentLongTermDebt,otherShareholderEquity,propertyPlantEquipment,totalCurrentAssets,longTermInvestments,netTangibleAssets,shortTermInvestments,netReceivables,longTermDebt,inventory,accountsPayable,totalPermanentEquity,additionalPaidInCapital,commonStockTotalEquity,preferredStockTotalEquity,retainedEarningsTotalEquity,treasuryStock,accumulatedAmortization,otherNonCurrrentAssets,deferredLongTermAssetCharges,totalNonCurrentAssets,capitalLeaseObligations,totalLongTermDebt,otherNonCurrentLiabilities,totalNonCurrentLiabilities,negativeGoodwill,warrants,preferredStockRedeemable,capitalSurplus,liabilitiesAndShareholderEquity,cashAndShortTermInvestments,accumulatedDepreciation,commonStockSharesOutstanding,reportedCurrency,investments,changeInLiabilities,cashflowFromInvestment,otherCashflowFromInvestment,netBorrowings,cashflowFromFinancing,otherCashflowFromFinancing,changeInOperatingActivities,netIncome_y,changeInCash,operatingCashflow,otherOperatingCashflow,depreciation,dividendPayout,stockSaleAndPurchase,changeInInventory,changeInAccountReceivables,changeInNetIncome,capitalExpenditures,changeInReceivables,changeInExchangeRate,changeInCashAndCashEquivalents,clossingVal,nextClossingVal
0,2020-06-30,USD,0,7265875,None,None,-7265875,-7140030,2469720,None,-7140030,None,4796155,None,-7265875,None,-125845,None,None,125845,None,None,None,None,None,None,-7140030,-7140030,None,USD,63255962,None,None,2878556,3825429,59430533,None,29287,5843,-29981947,None,29367213,None,29970617,3446544,926983,926983,None,655495,32849173,None,30063316,None,None,None,None,2490274,None,None,5843,4,-29981947,None,None,384081,None,30406789,408172,None,378885,378885,None,None,None,89406633,63255962,29970617,None,5843203,USD,5806,-1154917,5806,None,-370794,-370794,None,1298344,-7140030,-6098119,-5733131,738611,-5517,None,None,None,None,1828722,5806,None,None,-6098119,29.32,
1,2020-03-31,USD,0,10159625,None,None,-10159625,-10060257,3064793,None,-10060257,None,7094832,None,-10159625,None,-99368,None,99370,99368,None,None,None,None,None,None,-10060257,-10060257,None,USD,70096073,None,None,3612822,5354232,64741841,None,24727,5843,-22841917,None,29367213,None,36068736,4967694,1297777,1297777,None,655783,39681558,None,35374624,None,None,None,None,3645190,None,None,5843,4,-22841917,None,None,391519,None,30414515,411265,None,386538,386538,None,None,None,87577911,70096073,36068736,None,5843203,USD,3471741,123862,3471741,3718742,-370793,39228830,12413337,-1887012,-10060257,35554612,-7145959,-57179,49808,None,27186286,None,None,2797807,247001,None,None,35554612,23.0,29.32
2,2019-12-31,USD,None,1640000,None,None,-1610000,-1610000,64000,None,-1610000,None,1576000,30000,-1640000,None,None,None,31000,None,None,None,None,None,30000,None,-1610000,-1610000,None,USD,6975000,None,None,794000,583000,6392000,None,None,None,-225462000,None,None,None,6181000,583000,None,None,3000,None,6975000,None,-12071000,0,None,None,None,583000,None,None,None,18463000,-225462000,None,None,0,None,0,None,None,None,0,None,None,None,213388000,6975000,6181000,None,557631,USD,None,-1032000,2484000,2500000,None,None,None,None,-1610000,-3140000,-3140000,-474000,279000,None,None,None,None,-31000,16000,7000,None,-3140000,0.41,23.0
3,2019-09-30,USD,None,1591000,None,None,-1536000,-1536000,206000,None,-1536000,None,1385000,55000,-1591000,None,None,None,53000,None,None,None,None,None,None,None,-1536000,-1536000,None,USD,9648000,300000,None,299000,1613000,8035000,None,None,19000,-223852000,None,9966000,None,9349000,1613000,None,None,2000,None,9648000,None,-13148000,None,None,None,None,1613000,None,None,19000,21183000,-223852000,None,None,10695000,None,10695000,None,None,None,0,None,None,None,210683000,9648000,9349000,None,19585394,USD,None,-442000,2484000,2500000,None,None,None,None,-1536000,-1464000,-1464000,332000,83000,None,None,None,None,94000,16000,5000,None,-1464000,0.26,0.41
4,2019-06-30,USD,0,5386000,None,None,-5315000,-5315000,2120000,None,-5315000,None,3266000,71000,-5386000,None,None,None,73000,0,None,None,None,None,None,None,-5315000,-5315000,None,USD,11600000,None,None,704000,2123000,9477000,None,68000,19000,-222316000,None,None,22000,10813000,2123000,None,None,4000,83000,11495000,None,-11706000,None,None,None,None,2055000,None,None,19000,21183000,-222316000,None,None,None,None,83000,None,None,None,None,None,None,None,210587000,11600000,10813000,None,19585394,USD,None,-1178000,-76625,2500000,-370793,None,None,-44976,-5315000,-5950000,-5950000,401000,22000,None,None,None,None,100000,16000,20000,None,-5950000,0.416,0.26
5,2019-03-31,USD,None,6637000,None,None,-6531000,-6531000,4048000,None,-6531000,None,2589000,106000,-6637000,None,None,None,105000,None,None,None,None,None,None,None,-6531000,-6531000,None,USD,18060000,None,None,1170000,3370000,14690000,None,135000,19000,-217001000,None,None,22000,16763000,3370000,None,None,3000,105000,17933000,None,-6493000,None,None,None,None,3235000,None,None,19000,21183000,-217001000,None,None,22000,None,127000,None,None,None,None,None,None,None,210486000,18060000,16763000,None,19585394,USD,2500000,155000,2484000,2500000,-370793,None,None,191864,-6531000,-2608000,-5092000,349000,170000,None,None,None,None,780000,16000,-15000,None,-2608000,0.503,0.416
6,2018-12-31,USD,None,5385000,None,None,-5259000,-5259000,2663000,None,-5259000,None,2722000,126000,-5385000,None,None,None,None,None,None,None,None,None,None,None,-5259000,-5259000,None,USD,23521000,None,None,1391000,3078000,20443000,None,None,19000,-210470000,None,None,22000,19371000,3078000,None,None,5000,263000,23236000,None,-1080000,2496000,None,None,None,3078000,None,None,19000,21523000,-210470000,None,None,None,None,263000,None,None,None,None,None,None,None,209366000,23521000,21867000,None,19243651,USD,5508000,544000,5413000,18546000,-370793,48000,48000,348895,-5259000,1148000,-4313000,-448000,16000,None,2985000,None,None,782000,95000,52000,None,1148000,2.27,0.503
7,2018-09-30,USD,None,4622000,None,None,-4510000,-4510000,2354000,None,-4510000,None,2268000,112000,-4622000,None,None,None,None,None,None,None,None,None,None,None,-4510000,-4510000,None,USD,27405000,None,None,893000,2534000,24871000,None,None,19000,-205211000,None,None,None,18225000,2534000,None,None,4000,200000,27083000,None,3348000,7987000,100000,None,None,2534000,None,None,19000,21523000,-205211000,None,None,None,None,200000,None,None,None,None,None,None,None,208536000,27405000,26212000,None,19221292,USD,6006000,303000,6003000,None,None,2853000,None,None,-4510000,5740000,-3116000,193000,1000,None,2853000,None,None,904000,3000,-7000,None,5740000,1.95,2.27
8,2018-06-30,USD,None,5000000,None,None,-4879000,-4879000,2760000,None,-4879000,None,2240000,121000,-5000000,None,None,None,None,None,None,None,None,None,None,None,-4879000,-4879000,None,USD,27852000,None,None,1057000,2231000,25621000,None,None,18000,-200701000,None,None,None,12485000,2231000,None,None,1000,219000,27511000,None,4098000,13969000,None,None,None,2231000,None,None,18000,21523000,-200701000,None,None,122000,None,341000,None,None,None,None,None,None,None,204780000,27852000,26454000,None,17726713,USD,-2482000,-6789000,-2494000,None,None,84000,84000,None,-4879000,-12758000,-10348000,271000,12000,None,None,None,None,1033000,12000,4000,None,-12758000,2.45,1.95
9,2018-03-31,USD,None,6365000,None,None,-6081000,-6081000,4071000,None,-6081000,None,2294000,284000,-6365000,None,None,None,None,None,None,None,None,None,None,None,-6081000,-6081000,None,USD,38509000,None,None,1215000,9020000,29489000,None,None,18000,-195822000,None,None,None,25356000,9020000,None,None,-4000,236000,38033000,None,7966000,11462000,None,None,None,9020000,None,None,18000,21523000,-195822000,None,None,240000,None,476000,None,None,None,None,None,None,None,203774000,38509000,36818000,None,17674729,USD,9514000,-220000,9505000,None,None,None,None,None,-6081000,4049000,-5456000,125000,35000,None,None,None,None,685000,9000,None,None,4049000,2.5,2.45
10,2017-12-31,USD,None,5590000,None,None,-5551000,-5551000,3213000,None,-5551000,None,2377000,39000,-5590000,None,None,None,None,None,None,None,None,None,None,None,-5551000,-5551000,6747000,USD,43979000,None,None,1339000,9240000,34739000,None,None,18000,-189741000,None,None,None,21170000,9240000,None,None,-14000,259000,43480000,None,13216000,20971000,None,None,None,9240000,None,None,18000,21523000,-189741000,None,None,240000,None,499000,None,None,None,None,None,None,None,202953000,43979000,42141000,None,17674729,USD,6459000,146000,6447000,None,None,59000,21595000,None,-5551000,808000,-5698000,-752000,33000,None,-21536000,None,None,399000,12000,27000,376000,1184000,1.9,2.5
11,2017-09-30,USD,None,12306000,None,None,-12307000,-12307000,10336000,None,-12307000,None,1970000,-1000,-12306000,None,None,None,None,None,None,None,None,None,None,None,-12307000,-19054000,None,USD,48564000,None,None,554000,9094000,39470000,None,None,18000,-184190000,None,None,None,19986000,9094000,None,None,-7000,280000,47984000,None,17934000,27444000,300000,None,None,9094000,None,None,18000,21536000,-184190000,None,None,None,None,280000,None,None,None,None,None,None,None,202113000,48564000,47430000,None,17619418,USD,-14083000,4957000,-14092000,None,None,21536000,None,None,-12307000,1518000,-5926000,786000,35000,None,21536000,None,None,664000,9000,-61000,83000,1601000,2.0,1.9
12,2017-06-30,USD,None,5986000,None,None,-5608000,-5608000,3891000,None,-5608000,None,2095000,378000,-5986000,None,None,None,None,None,None,None,None,None,None,None,-5608000,-5608000,None,USD,33631000,None,None,1280000,4137000,29494000,None,None,18000,-171883000,None,None,None,18385000,4137000,None,None,-7000,309000,33022000,None,29494000,13357000,300000,None,None,4137000,None,None,18000,None,-171883000,None,None,None,None,309000,None,None,None,None,None,None,None,201366000,33631000,31742000,None,17619418,USD,-13360000,1114000,-13368000,None,None,1241000,58000,None,-5608000,-15409000,-3282000,-30000,34000,None,1183000,None,None,1205000,8000,3000,-338000,-15747000,1.525,2.0
13,2017-03-31,USD,None,6480000,None,None,-6498000,-6498000,4246000,None,-6498000,None,2234000,-18000,-6480000,None,None,None,None,None,None,None,None,None,None,None,-6498000,-6498000,None,USD,36024000,None,None,1255000,3023000,33001000,None,None,17000,-166275000,None,None,None,34132000,3023000,None,None,None,338000,35387000,None,33001000,None,None,None,None,3023000,None,None,17000,None,-166275000,None,None,299000,None,637000,None,None,None,None,None,None,None,199259000,36024000,34132000,None,16771072,USD,4920000,-2056000,4914000,None,None,213000,None,None,-6498000,-2319000,-7446000,293000,44000,None,213000,None,None,786000,6000,-15000,59000,-2260000,1.75,1.525
14,2016-12-31,USD,None,6866000,None,None,-7015000,-6962000,4437000,None,-7015000,None,2429000,-149000,-6866000,None,None,None,None,None,None,None,None,None,None,None,-7015000,-6962000,None,USD,43520000,None,None,1438000,5079000,38441000,None,None,17000,-159777000,None,None,None,36392000,5079000,None,None,None,372000,42755000,None,38441000,4925000,None,None,None,5079000,None,None,17000,None,-159777000,None,None,393000,None,765000,None,None,None,None,None,None,None,198201000,43520000,41317000,None,16603559,USD,15340000,204000,15328000,None,None,47000,6000,None,-6962000,9796000,-5579000,266000,59000,None,41000,None,None,926000,12000,-72000,-82000,9714000,1.9,1.75
15,2016-09-30,USD,None,7166000,None,None,-7109000,-7107000,4842000,None,-7109000,None,2324000,57000,-7166000,None,None,None,None,None,None,None,None,None,None,None,-7109000,-7107000,None,USD,49395000,None,None,1749000,4942000,44453000,None,98000,17000,-152815000,None,None,None,26678000,4942000,None,None,8000,396000,48723000,None,44453000,20296000,276000,None,None,4777000,None,None,17000,None,-152815000,None,None,None,None,396000,None,None,None,None,None,None,None,197310000,49395000,46974000,None,16582999,USD,-849000,139000,-906000,None,None,17000,None,None,-7107000,-7535000,-6646000,-480000,72000,None,17000,None,None,658000,57000,72000,27000,-7508000,9.33,1.9
16,2016-06-30,USD,None,7854000,None,None,-7968000,-7905000,5241000,None,-7968000,None,2613000,-114000,-7854000,None,None,None,None,None,None,None,None,None,None,None,-7968000,-7905000,None,USD,55663000,None,None,1234000,4738000,50925000,None,241000,16000,-145708000,None,None,None,34186000,4738000,None,None,10000,374000,54906000,None,50925000,19486000,383000,None,None,4497000,None,None,16000,None,-145708000,None,None,None,None,374000,None,None,None,None,None,None,None,196607000,55663000,53672000,None,16574682,USD,15803000,1097000,15609000,None,None,132000,5000,None,-7905000,10173000,-5568000,129000,63000,None,127000,None,None,1048000,194000,None,-49000,10124000,8.03,9.33
17,2016-03-31,USD,None,6819000,None,None,-6368000,-6552000,4349000,None,-6368000,None,2470000,451000,-6819000,None,None,None,None,None,None,None,None,None,None,None,-6368000,-6552000,None,USD,61342000,None,None,1053000,3588000,57754000,None,319000,16000,-137803000,None,None,None,24062000,3588000,None,None,12000,208000,60441000,None,57754000,35326000,693000,None,None,3269000,None,None,16000,None,-137803000,None,None,None,None,208000,None,None,None,None,None,None,None,195529000,61342000,59388000,None,16507894,USD,-10107000,-367000,-10115000,None,None,12000,None,None,-6552000,-15997000,-5894000,331000,60000,None,12000,None,None,660000,8000,-26000,28000,-15969000,7.74,8.03
18,2015-12-31,USD,None,6187000,None,None,-6491000,-6342000,3580000,None,-6491000,None,2607000,-304000,-6187000,None,None,None,None,None,None,None,None,None,None,None,-6491000,-6342000,None,USD,67538000,None,None,1345000,4133000,63405000,None,537000,16000,-131251000,None,None,None,40031000,4133000,None,None,-11000,224000,66608000,None,63405000,25232000,706000,None,None,3596000,None,None,16000,None,-131251000,None,None,None,None,224000,None,None,None,None,None,None,None,194651000,67538000,65263000,None,16501500,USD,9245000,770000,9218000,None,None,62000,75000,None,-6342000,4094000,-5186000,-718000,95000,None,-13000,None,None,827000,27000,182000,-46000,4048000,15.51,7.74
19,2015-09-30,USD,None,5082000,None,None,-5697000,-5383000,3078000,None,-5697000,None,2004000,-615000,-5082000,None,None,None,None,None,None,None,None,None,None,None,-5697000,-5383000,None,USD,72284000,None,None,829000,3252000,69032000,None,342000,16000,-124909000,None,None,None,35983000,3168000,None,None,6000,221000,71377000,None,69032000,34565000,None,None,None,2826000,None,None,16000,None,-124909000,None,None,686000,None,907000,None,None,84000,84000,None,None,None,193919000,72284000,70548000,None,16479508,USD,23192000,122000,23057000,None,None,42000,None,None,-5383000,19189000,-3910000,238000,181000,None,42000,None,None,948000,135000,-16000,-23000,19166000,13.91,15.51
