,fiscalDateEnding,reportedCurrency_x,totalRevenue,totalOperatingExpense,costOfRevenue,grossProfit,ebit,netIncome_x,researchAndDevelopment,effectOfAccountingCharges,incomeBeforeTax,minorityInterest,sellingGeneralAdministrative,otherNonOperatingIncome,operatingIncome,otherOperatingExpense,interestExpense,taxProvision,interestIncome,netInterestIncome,extraordinaryItems,nonRecurring,otherItems,incomeTaxExpense,totalOtherIncomeExpense,discontinuedOperations,netIncomeFromContinuingOperations,netIncomeApplicableToCommonShares,preferredStockAndOtherAdjustments,reportedCurrency_y,totalAssets,intangibleAssets,earningAssets,otherCurrentAssets,totalLiabilities,totalShareholderEquity,deferredLongTermLiabilities,otherCurrentLiabilities,commonStock,retainedEarnings,otherLiabilities,goodwill,otherAssets,cash,totalCurrentLiabilities,shortTermDebt,currentLongTermDebt,otherShareholderEquity,propertyPlantEquipment,totalCurrentAssets,longTermInvestments,netTangibleAssets,shortTermInvestments,netReceivables,longTermDebt,inventory,accountsPayable,totalPermanentEquity,additionalPaidInCapital,commonStockTotalEquity,preferredStockTotalEquity,retainedEarningsTotalEquity,treasuryStock,accumulatedAmortization,otherNonCurrrentAssets,deferredLongTermAssetCharges,totalNonCurrentAssets,capitalLeaseObligations,totalLongTermDebt,otherNonCurrentLiabilities,totalNonCurrentLiabilities,negativeGoodwill,warrants,preferredStockRedeemable,capitalSurplus,liabilitiesAndShareholderEquity,cashAndShortTermInvestments,accumulatedDepreciation,commonStockSharesOutstanding,reportedCurrency,investments,changeInLiabilities,cashflowFromInvestment,otherCashflowFromInvestment,netBorrowings,cashflowFromFinancing,otherCashflowFromFinancing,changeInOperatingActivities,netIncome_y,changeInCash,operatingCashflow,otherOperatingCashflow,depreciation,dividendPayout,stockSaleAndPurchase,changeInInventory,changeInAccountReceivables,changeInNetIncome,capitalExpenditures,changeInReceivables,changeInExchangeRate,changeInCashAndCashEquivalents,clossingVal,nextClossingVal
0,2020-06-30,USD,598730,1081291,243766,354964,-477314,-482478,332167,None,-482478,None,505358,None,-482561,1000,None,None,83,83,None,None,None,None,None,None,-482478,-482478,None,USD,2912379,None,None,148424,1975371,937008,None,15455,185041,-3479149,None,None,None,960549,1530254,None,None,None,617092,2295287,None,937008,None,49619,None,1136695,90196,None,None,None,None,None,None,None,None,None,617092,595946,None,None,445117,None,None,None,None,None,None,None,None,USD,None,308494,None,None,474400,None,None,-40063,-482478,None,-121007,None,5247,None,None,-105211,178078,14926,0,None,None,None,3.33,
1,2020-04-30,USD,598730,1081291,243766,354964,-477314,-482478,332167,None,-482478,None,505358,None,-482561,None,None,None,83,83,None,None,None,None,None,None,-482478,-482478,None,USD,2912379,None,None,148424,1975371,937008,None,15455,185041,-3479149,None,None,None,960549,1530254,None,None,None,617092,2295287,None,937008,None,49619,None,1136695,90196,None,None,None,None,None,None,None,None,None,617092,595946,None,None,445117,None,None,None,None,None,None,None,None,USD,None,308494,None,None,474400,None,None,-40063,None,None,-121007,None,None,None,None,None,None,14926,0,None,None,None,2.35,3.33
2,2020-03-31,USD,722751,670212,413958,308793,-361266,-361266,156991,None,-361266,None,513221,153,-361419,-722751,None,None,153,153,None,None,None,None,None,None,-361266,-361266,None,USD,2633870,None,None,108361,1229310,1404560,None,958648,185041,-2996671,None,None,None,607156,745955,1569,None,None,26393,1974698,None,1404560,None,227697,None,1031484,269093,None,None,185041,None,-2996671,None,None,632779,None,659172,632779,None,None,483355,None,None,None,4216190,2633870,607156,None,1850403,USD,None,-29213,None,None,474400,None,None,-114487,-361266,-140675,-140675,191332,5246,None,None,-3278,42528,13976,0,42528,None,-140675,2.086,2.35
3,2020-01-31,USD,722751,1084170,413958,308793,-356173,-361266,156991,None,-361266,None,513221,None,-361419,None,None,None,153,153,None,None,None,None,None,None,-361266,-361266,None,USD,2633870,None,None,108361,1229310,1404560,None,18004,185041,-2996671,None,None,None,607156,745955,None,None,None,659172,1974698,None,1404560,None,227697,None,1031484,47801,None,None,None,None,None,None,None,None,None,659172,632779,None,None,483355,None,None,None,None,None,None,None,None,USD,None,276606,None,None,474400,None,None,-114487,None,None,-140675,None,None,None,None,None,None,13976,0,None,None,None,4.38,2.086
4,2019-12-31,USD,665925,789544,357074,308851,-480474,-480474,205394,None,-480474,None,584150,219,-480693,-665925,None,None,219,219,None,None,None,None,219,None,-480474,-480474,None,USD,2847483,None,None,100313,1095633,1751850,None,795056,185041,-2635405,None,None,None,747831,574396,34463,None,None,31639,2146575,None,1751850,None,270225,None,1028206,266114,None,None,185041,None,-2635405,None,None,669269,None,700908,669269,None,None,521237,None,None,None,4202214,2847483,747831,None,1850403,USD,None,-377787,None,None,474400,None,None,124376,-480474,-845564,-845564,124376,5842,None,None,14006,-144302,12775,0,-144302,None,-845564,5.05,4.38
5,2019-10-31,USD,665925,1146618,357074,308851,-474851,-480474,205394,None,-480474,None,584150,None,-480693,None,None,None,219,219,None,None,None,None,None,None,-480474,-480474,None,USD,2847483,None,None,100313,1095633,1751850,None,17302,185041,-2635405,None,None,None,747831,574396,None,None,None,700908,2146575,None,1751850,None,270225,None,1028206,95116,None,None,None,None,None,None,None,None,None,700908,669269,None,None,521237,None,None,None,None,None,None,None,None,USD,None,-377787,None,None,474400,None,None,124376,None,None,-845564,None,None,None,None,None,None,12775,0,None,None,None,2.31,5.05
6,2019-09-30,USD,2748648,2690955,1824303,2159007,-528254,-528254,189010,None,-528254,None,1267282,3694,-531948,-2748647,None,None,None,None,None,None,None,None,152,None,-528254,-528254,None,USD,2917261,None,None,118250,697712,2219549,None,19579,185041,-2154931,None,None,None,1593395,697712,84804,None,None,37481,2879780,None,2219549,None,125923,None,1042212,593329,None,None,185041,None,-2154931,None,None,37481,None,37481,None,None,None,0,None,None,None,4189439,2917261,1593395,None,1850403,USD,1,171653,1,None,474400,None,None,-29018,1032373,828609,828608,-352411,6444,None,None,40126,-81565,11988,1,-81565,None,828609,2.5,2.31
7,2019-07-31,USD,2748648,1716427,1034953,1713695,1038665,1032373,145919,None,1032373,None,535555,None,1032221,None,None,None,None,None,None,None,None,None,None,None,1032373,1032373,None,USD,2917261,None,None,118250,697712,2219549,None,102337,185041,-2154931,None,None,None,1593395,697712,None,None,None,37481,2879780,None,2219549,None,125923,None,1042212,355158,None,None,None,None,None,None,None,None,None,37481,None,None,None,0,None,None,None,None,None,None,None,None,USD,None,-151740,1,None,474400,None,None,-29018,None,None,828608,None,None,None,None,None,None,11988,0,None,None,None,2.56,2.5
8,2019-06-30,USD,1234662,-1234663,789350,445312,1234663,1234663,43092,None,1234663,None,731728,None,1234663,-1234663,None,None,3543,3543,None,None,None,None,3543,None,1234663,1234663,None,USD,2058222,None,None,122814,883034,1175188,None,373442,185041,-3187304,None,None,None,764786,883034,None,None,None,43926,2014296,None,1175188,None,44358,None,1082338,509592,None,None,185041,None,-3187304,None,None,43926,None,43926,None,None,None,0,None,None,None,4177451,2058222,764786,None,1850403,USD,-16221,-13899,-16221,None,None,None,None,13907,-325964,-1000566,-984345,-876386,5723,None,None,-39758,240443,25496,16221,240443,None,-1000566,4.01,2.56
9,2019-03-31,USD,1928468,631597,1129236,799232,172607,172607,36326,None,172607,None,595271,4972,167635,-1928468,None,None,4972,4972,None,None,None,None,4972,None,172607,172607,None,USD,3262882,None,None,136721,1787225,1475657,None,1286921,185041,-2861339,None,None,None,1765352,1787225,None,None,None,33428,3229454,None,1475657,None,201844,None,1042580,500305,None,None,185041,None,-2861339,None,None,33428,None,33428,None,None,None,0,None,None,None,4151955,3262882,1765352,-4545073,1850403,USD,0,105300,-16221,None,None,None,None,-40949,172607,17225,17225,-523983,6947,None,None,330527,-82957,8784,16221,-82957,None,17225,3.48,4.01
10,2018-12-31,USD,1112345,652029,712921,399424,-247591,-247591,107368,None,-247591,None,544661,5014,-252605,-1112345,None,None,None,None,None,None,None,None,5014,None,-247591,-247591,None,USD,3459225,None,None,95772,2164960,1294265,None,1815798,185041,-3033947,None,None,None,1748127,2164960,None,None,None,40375,3418850,None,1294265,None,201844,None,1373107,349162,None,None,185041,None,-3033947,None,None,None,None,40375,None,None,None,None,None,None,None,4143171,3459225,1748127,-4538126,1850403,USD,None,5705,-16221,None,None,None,None,21620,-247591,-234307,-234307,-363287,8828,None,None,-4411,357649,8800,16221,357649,None,-234307,2.6501,3.48
11,2018-09-30,USD,1137267,506316,894264,243003,-258888,-258888,78193,0,-258888,0,428123,4425,-263313,0,0,None,None,None,0,0,0,0,4425,0,-258888,-258888,None,USD,4102105,None,None,142279,2569049,1533056,None,2160547,185041,-2786356,None,None,None,1982434,2569049,None,None,None,49203,4052902,None,1533056,None,559493,None,1368696,408502,None,None,185041,None,-2786356,None,None,None,None,49203,None,None,None,None,None,None,None,4134371,4102105,1982434,None,1850403,USD,-50000,1373299,-55483,None,None,None,None,12167,-656677,153875,209358,-26404,3748,None,None,-33911,38414,199799,5483,-650496,None,153875,4.55,2.6501
12,2018-06-30,USD,907177,646331,712719,194458,-449755,-449755,124234,0,-449755,0,522097,2118,-451873,0,0,None,None,None,0,0,0,0,2118,0,-449755,-449755,None,USD,3788407,0,None,171909,2008339,1780068,0,1663607,184903,-2527468,None,0,0,1460438,2008339,None,None,None,59032,3729375,None,1780068,0,597907,0,1499121,344732,0,0,184903,0,-2527468,0,None,None,None,59032,None,None,None,None,None,None,None,4122633,3788407,1460438,-4519469,1849025,USD,100000,689215,94517,-1200,None,0,None,-28271,-449755,19803,-74714,-32256,9802,0,0,-24416,-281808,10519,5483,-281808,None,18603,4.4,4.55
13,2018-03-31,USD,803966,683708,560885,243081,-438926,-438926,152727,0,-438926,0,530981,1701,-440627,0,0,None,None,None,0,0,0,0,1701,0,-438926,-438926,None,USD,3536926,0,None,139653,1315139,2221787,0,1009250,184903,-2077713,None,0,0,1440635,1315139,None,None,None,63351,3473575,None,2221787,102483,316099,0,1474705,305889,0,0,184903,0,-2077713,0,None,None,None,63351,None,None,None,None,None,None,None,4114597,3536926,1543118,-4509667,1849025,USD,100000,235873,63021,1200,None,0,None,12724,-438926,-242692,-305713,-61608,17986,0,0,-72217,6976,6203,38179,6976,None,-243892,5.25,4.4
14,2017-12-31,USD,836529,625483,544858,291671,-332030,-332030,165509,0,-332030,0,459974,1782,-333812,0,0,None,None,None,0,0,0,0,1782,0,-332030,-332030,None,USD,3767646,0,None,111915,1079266,2688380,0,824383,183988,-1638787,None,0,0,1684527,1079266,None,None,None,40960,3726686,None,2688380,204681,323075,0,1402488,254883,0,0,183988,0,-1638787,0,None,None,None,40960,None,None,None,None,None,None,None,4143179,3767646,1889208,None,1839877,USD,150000,160675,150000,1200,None,0,None,-21464,-332030,387924,237924,23778,18366,0,0,-44144,407102,4177,38179,407102,None,387924,11.45,5.25
15,2017-09-30,USD,1124634,681560,962681,161953,-517578,-517578,206321,0,-517578,0,475239,2029,-519607,0,0,None,None,None,0,0,0,0,8499,0,-517578,-517578,None,USD,3934824,0,None,135693,434470,3500354,0,109262,183988,-822636,None,0,0,1296603,434470,None,None,None,53754,3881070,None,3500354,360253,730177,0,1358344,325208,0,0,183988,0,-822636,0,None,None,None,53754,None,None,None,None,None,None,None,4139002,3934824,1656856,-4481085,1839877,USD,50000,70563,50000,14662,None,0,None,-62560,-517578,-246197,-296197,21336,20782,0,0,-47885,-618328,465190,4000,-308605,None,-246197,5.35,11.45
16,2017-06-30,USD,1067786,885760,528322,539464,-344490,-344490,407106,0,-344490,0,478654,1806,-346296,0,0,None,None,None,0,0,0,0,0,0,-344490,-344490,None,USD,4377652,0,None,157029,363907,4013745,0,59664,183988,-305058,None,0,0,1542800,363907,None,None,None,69363,4308289,None,4013745,415426,421572,0,1771462,304243,0,0,183988,0,-305058,0,None,None,None,69363,None,None,None,None,None,None,None,4134815,4377652,1958226,-4465476,1839877,USD,200000,-41158,200000,0,None,0,None,19705,-344490,401710,201710,22529,23709,0,0,62549,0,4169,4000,474402,None,401710,5.2,5.35
17,2017-03-31,USD,1385086,1021403,238290,1146796,127650,127650,476507,0,127650,0,544896,2257,125393,0,0,None,None,None,0,0,0,0,0,0,127650,127650,None,USD,4759131,0,None,179558,405065,4354066,0,55542,183988,39432,None,0,0,1141090,405065,None,None,None,85896,4673235,None,4354066,622602,895974,0,1834011,349523,0,0,183988,0,39432,0,None,None,None,85896,None,None,None,None,None,None,None,4130646,4759131,1763692,-4448943,1839877,USD,175817,-120663,190479,14662,None,0,None,-85871,127650,-277352,-467831,-85871,31961,0,0,-57509,0,3628,4000,-367027,None,-277352,2.589,5.2
