,fiscalDateEnding,reportedCurrency_x,totalRevenue,totalOperatingExpense,costOfRevenue,grossProfit,ebit,netIncome_x,researchAndDevelopment,effectOfAccountingCharges,incomeBeforeTax,minorityInterest,sellingGeneralAdministrative,otherNonOperatingIncome,operatingIncome,otherOperatingExpense,interestExpense,taxProvision,interestIncome,netInterestIncome,extraordinaryItems,nonRecurring,otherItems,incomeTaxExpense,totalOtherIncomeExpense,discontinuedOperations,netIncomeFromContinuingOperations,netIncomeApplicableToCommonShares,preferredStockAndOtherAdjustments,reportedCurrency_y,totalAssets,intangibleAssets,earningAssets,otherCurrentAssets,totalLiabilities,totalShareholderEquity,deferredLongTermLiabilities,otherCurrentLiabilities,commonStock,retainedEarnings,otherLiabilities,goodwill,otherAssets,cash,totalCurrentLiabilities,shortTermDebt,currentLongTermDebt,otherShareholderEquity,propertyPlantEquipment,totalCurrentAssets,longTermInvestments,netTangibleAssets,shortTermInvestments,netReceivables,longTermDebt,inventory,accountsPayable,totalPermanentEquity,additionalPaidInCapital,commonStockTotalEquity,preferredStockTotalEquity,retainedEarningsTotalEquity,treasuryStock,accumulatedAmortization,otherNonCurrrentAssets,deferredLongTermAssetCharges,totalNonCurrentAssets,capitalLeaseObligations,totalLongTermDebt,otherNonCurrentLiabilities,totalNonCurrentLiabilities,negativeGoodwill,warrants,preferredStockRedeemable,capitalSurplus,liabilitiesAndShareholderEquity,cashAndShortTermInvestments,accumulatedDepreciation,commonStockSharesOutstanding,reportedCurrency,investments,changeInLiabilities,cashflowFromInvestment,otherCashflowFromInvestment,netBorrowings,cashflowFromFinancing,otherCashflowFromFinancing,changeInOperatingActivities,netIncome_y,changeInCash,operatingCashflow,otherOperatingCashflow,depreciation,dividendPayout,stockSaleAndPurchase,changeInInventory,changeInAccountReceivables,changeInNetIncome,capitalExpenditures,changeInReceivables,changeInExchangeRate,changeInCashAndCashEquivalents,clossingVal,nextClossingVal
0,2020-06-30,USD,13983000,9397000,None,13983000,4586000,3450000,None,None,4586000,None,9397000,None,4586000,671000,2414000,1136000,17638000,15224000,None,None,None,1136000,None,None,3450000,3450000,None,USD,2093756000,1810000,287220000,29456000,1904314000,189442000,None,1670364000,59000,89781000,126801000,10835000,1649975000,116965000,1689881000,5000000,131801000,3915000,20972000,153194000,1839118000,178607000,234982000,6773000,79336000,None,14517000,None,None,59000,None,89781000,None,None,62642000,None,6565000,8296000,79336000,135097000,214433000,None,None,None,95687000,2093756000,116965000,None,None,USD,-148378000,502000,-146862000,1578000,104784000,261851000,157775000,360000,3450000,120579000,5590000,101000,600000,-708000,0,None,-1696000,2633000,62000,-1696000,None,120579000,24.4,
1,2020-03-31,USD,12374000,9683000,None,12374000,2691000,2748000,None,None,2691000,None,9683000,None,2691000,745000,3686000,-57000,18039000,14353000,None,None,None,-57000,None,None,2748000,2748000,None,USD,1826621000,1961000,235111000,None,1641354000,185267000,None,1512589000,59000,87070000,None,10835000,1521809000,25842000,1553604000,27000000,27000000,2557000,21735000,30919000,1691250000,174432000,214163000,5077000,79353000,None,14015000,None,None,59000,None,87070000,None,None,65461000,None,6421000,8397000,79353000,8397000,87750000,None,None,None,95581000,1826621000,25842000,None,6000000,USD,-41299000,-1325000,-40645000,700000,25983000,26033000,752000,2011000,2748000,-6627000,7985000,3438000,350000,-702000,0,None,-58000,2832000,46000,-58000,None,-6627000,22.1,24.4
2,2019-12-31,USD,15121000,9488000,None,15121000,5632000,4075000,None,None,5633000,None,9488000,-1000,5633000,1066000,4566000,1558000,18279000,13713000,None,None,None,-9772000,-372000,None,15405000,4075000,None,USD,1797536000,2118000,223916000,11449000,1616042000,181494000,None,1511837000,59000,85059000,None,10835000,1492336000,32469000,1532177000,5000000,5000000,902000,22092000,245675000,1445109000,170659000,208187000,5019000,75370000,7773000,15340000,None,None,59000,None,85059000,None,None,67657000,None,6168000,8495000,75370000,8500000,83870000,None,None,None,95474000,1797536000,240656000,None,6000000,USD,-27197000,971000,-24804000,2588000,-25051000,-63017000,-47968000,-1597000,4075000,-84222000,3599000,-2373000,388000,-664000,10632000,None,194000,344000,195000,194000,None,-84222000,35.57,22.1
3,2019-09-30,USD,14314000,9224000,None,14314000,5090000,3693000,None,None,5090000,None,9224000,None,5090000,896000,4734000,1397000,18259000,13525000,None,None,None,1397000,-434000,None,3693000,3693000,None,USD,1855732000,2281000,308094000,42205000,1688323000,167409000,None,1559960000,56000,81682000,None,10835000,1450350000,74486000,1589329000,15000000,15000000,958000,22320000,253192000,1405856000,156574000,131288000,5213000,90387000,10195000,14369000,None,None,56000,None,81682000,None,None,157529000,None,5979000,8607000,90387000,8600000,98987000,None,None,None,84713000,1855732000,205774000,None,6000000,USD,-22562000,1208000,-22709000,-1275000,29984000,94838000,65517000,1828000,3693000,78345000,6216000,892000,234000,-663000,0,None,218000,-29000,147000,218000,None,78345000,33.47,35.57
4,2019-06-30,USD,14137000,9116000,None,14137000,5021000,3627000,None,None,5021000,None,9116000,None,5021000,926000,4859000,1394000,18118000,13259000,None,None,None,1394000,-767000,None,3627000,3627000,None,USD,1756448000,2450000,245369000,8350000,1592803000,163645000,None,1494442000,56000,78689000,None,10835000,5915000,29996000,1517603000,10000000,10000000,287000,22575000,173977000,1377631000,152810000,130200000,5431000,65403000,10742000,13161000,None,None,56000,None,78689000,None,None,165503000,None,5915000,9797000,65403000,9797000,75200000,None,None,None,84613000,1756448000,160196000,None,6000000,USD,-23369000,-40000,-23142000,278000,-15016000,39589000,55275000,-1628000,3627000,18638000,2191000,-1721000,437000,-670000,0,None,-100000,-12000,51000,-100000,None,18638000,33.73,33.47
5,2019-03-31,USD,13598000,8405000,None,13598000,5193000,3877000,None,None,5193000,None,8405000,None,5193000,771000,4760000,1316000,17797000,13037000,None,None,None,1316000,-412000,None,3877000,3877000,None,USD,1711947000,2625000,235486000,5331000,1552867000,159080000,None,1439167000,56000,75757000,None,10835000,1397044000,19708000,1487368000,35000000,35000000,-1230000,22922000,153439000,1353591000,148245000,128400000,5331000,55419000,10949000,13201000,None,None,56000,None,75757000,None,None,164928000,None,6232000,10080000,55419000,10080000,65499000,None,None,None,84497000,1711947000,148108000,None,6000000,USD,-25438000,-1479000,-25807000,46000,-17000,8795000,9500000,-649000,3877000,-13328000,3684000,889000,474000,-671000,-17000,None,-374000,297000,415000,-374000,None,-13328000,28.37,33.73
6,2018-12-31,USD,13434000,8249000,4682000,13434000,5185000,3814000,0,0,5185000,0,8249000,None,5185000,718000,4217000,None,None,None,0,0,0,1371000,-491000,0,3814000,3814000,None,USD,1689227000,2824000,None,5700000,1534745000,154482000,None,1429629000,56000,72594000,14680000,10835000,1381837000,27336000,1479309000,35000000,None,-2565000,22922000,157969000,1337129000,143647000,119976000,4957000,55436000,8111000,14680000,None,None,56000,None,72594000,None,None,153679000,None,6693000,None,55436000,None,55436000,None,None,None,84397000,1689227000,147312000,None,6000000,USD,-50621000,1243000,-51681000,-149000,29984000,6798000,-22643000,1751000,3814000,-38559000,6324000,889000,343000,-540000,-3000,None,None,-35000,911000,70000,None,-38559000,29.24,28.37
7,2018-09-30,USD,13791000,8492000,3763000,13791000,5299000,3858000,0,0,5299000,0,8492000,None,5299000,779000,3723000,None,None,None,0,0,0,1441000,-554000,0,3858000,3858000,None,USD,1676409000,2993000,None,36099000,1526261000,150148000,0,1452371000,56000,69295000,13439000,10708000,1343107000,35496000,1470810000,5000000,None,-3449000,22433000,184589000,1297915000,139440000,107962000,5032000,55451000,8207000,13439000,0,0,56000,0,69295000,0,None,153765000,None,6999000,None,55451000,None,55451000,None,None,None,84246000,1676409000,143458000,None,6000000,USD,-41474000,231000,-41365000,495000,-41516000,86392000,128445000,2105000,3858000,51210000,6183000,1748000,873000,-537000,0,0,0,-280000,386000,-247000,None,51210000,33.43,29.24
8,2018-06-30,USD,12904000,9741000,3743000,12904000,3163000,2335000,0,0,3163000,0,9741000,None,3163000,891000,3343000,None,None,None,0,-2868000,0,828000,-1282000,0,2335000,2335000,None,USD,1586288000,3186000,None,5386000,1439042000,147246000,0,1323868000,56000,66021000,13207000,10603000,1327156000,20385000,1373575000,36500000,101967000,-2937000,22472000,104197000,1280812000,136643000,79026000,4786000,65467000,8305000,13207000,0,0,56000,0,66021000,0,None,161580000,None,6624000,None,65467000,None,65467000,None,None,None,84106000,1586288000,99411000,None,6000000,USD,9502000,-213000,-23413000,-32521000,-30016000,7311000,37934000,-1790000,2335000,-14070000,2032000,-1405000,688000,-543000,-64000,0,143000,671000,394000,-44000,None,-14070000,35.36,33.43
9,2018-03-31,USD,13421000,11667000,3503000,13421000,1754000,1221000,0,0,1754000,0,11667000,None,1754000,937000,3003000,None,None,None,0,2868000,0,533000,-3385000,0,1221000,1221000,None,USD,1576996000,13662000,None,730000,1431339000,145657000,0,1285936000,56000,64307000,13420000,10277000,238050000,33725000,1350856000,51500000,131983000,-2653000,22496000,110228000,1270302000,135380000,71024000,4749000,80483000,11693000,13420000,0,0,56000,0,64307000,0,None,163693000,None,1466768000,None,80483000,None,80483000,None,None,None,83947000,1576996000,104749000,None,6000000,USD,13149000,99000,80269000,67206000,-46016000,-66092000,-19530000,2502000,1221000,19038000,4861000,2342000,678000,-543000,-3000,0,187000,334000,86000,187000,None,19038000,37.22,35.36
10,2017-12-31,USD,11743000,7746000,2830000,11743000,3997000,-459000,0,0,3997000,0,7746000,None,3997000,2687000,7510000,None,None,None,0,-2538000,0,4456000,-2170000,0,-459000,-459000,None,USD,1405961000,54000,None,5426000,1296004000,109957000,0,1106237000,46000,63648000,11769000,0,219197000,15417000,1205506000,87500000,35000000,-1946000,21391000,88213000,1140615000,109957000,68285000,4511000,90498000,9341000,11769000,0,0,46000,0,63648000,0,None,155742000,None,1317748000,None,90498000,None,90498000,None,None,None,48209000,1405961000,83702000,None,5000000,USD,-6830000,497000,-6470000,397000,-4016000,4006000,8473000,-1822000,-459000,-1787000,677000,-2353000,405000,-451000,0,294000,0,2604000,37000,-17000,None,-1787000,38.3,37.22
11,2017-09-30,USD,11941000,7442000,2896000,11941000,4499000,2782000,0,0,4499000,0,7442000,None,4499000,1170000,210000,None,None,None,0,5871000,0,1717000,0,0,2782000,2782000,None,USD,1402172000,0,None,4494000,1291287000,110885000,0,1098001000,46000,64375000,11272000,0,217472000,17204000,1200773000,91500000,182014000,-1530000,21751000,83074000,1136004000,110885000,61376000,4494000,90514000,9741000,11272000,0,0,46000,0,64375000,0,None,161343000,None,1319098000,None,90514000,None,90514000,None,None,None,47994000,1402172000,78580000,None,5000000,USD,-9160000,4712000,-9264000,1290000,-7015000,1923000,9372000,5047000,2782000,884000,8225000,710000,348000,-452000,18000,294000,0,-45000,104000,-282000,None,884000,35.37,38.3
12,2017-06-30,USD,11609000,7530000,2838000,11609000,4079000,2543000,0,0,4079000,0,7530000,None,4079000,-1597000,214000,None,None,None,0,-3333000,0,1536000,0,0,2543000,2543000,None,USD,1392688000,0,None,4212000,1283395000,109293000,0,1087806000,46000,62058000,6560000,0,212743000,16320000,1182866000,88500000,189029000,-658000,22042000,74820000,1132429000,109293000,54288000,4212000,100529000,9154000,6560000,0,0,46000,0,62058000,0,None,163397000,None,1317868000,None,100529000,None,100529000,None,None,None,47847000,1392688000,70608000,None,5000000,USD,-29037000,-3114000,-28596000,644000,985000,36688000,36017000,-5555000,2543000,5532000,-2560000,-1463000,-276000,-451000,137000,0,0,-61000,203000,-189000,None,5532000,38.5,35.37
13,2017-03-31,USD,11169000,7379000,2628000,11169000,3790000,2342000,0,0,3790000,0,7379000,None,3790000,579000,2248000,None,None,None,0,829000,0,1448000,0,0,2342000,2342000,None,USD,1356073000,0,None,None,1249507000,106566000,0,1051789000,46000,59979000,9674000,0,211578000,10788000,1158963000,97500000,97500000,-970000,22246000,71853000,1104369000,106566000,57042000,4023000,90544000,7092000,9674000,0,0,46000,0,59979000,0,None,157605000,None,1284220000,None,90544000,None,90544000,None,None,None,47511000,1356073000,67830000,None,5000000,USD,-25445000,-1773000,-25234000,646000,8485000,20999000,12964000,2277000,2342000,-475000,3760000,2491000,825000,-450000,0,0,0,-81000,435000,-44000,None,-475000,36.0,38.5
14,2016-12-31,USD,10694000,7316000,2781000,10694000,3378000,2022000,0,0,3378000,0,7316000,None,3378000,4063000,6063000,None,None,None,0,829000,0,1356000,-2036000,0,2022000,2022000,None,USD,1334257000,128000,None,5424000,1229831000,104426000,0,1038825000,46000,58100000,11447000,0,213162000,11263000,1129272000,79000000,20000000,-1097000,22205000,68275000,1079519000,104426000,53033000,3979000,100559000,7763000,11447000,0,0,46000,0,58100000,0,None,164258000,None,1265982000,None,100559000,None,100559000,None,None,None,47377000,1334257000,64296000,None,5000000,USD,-56801000,1204000,-56332000,682000,23486000,49902000,27396000,1606000,2022000,-3100000,3330000,-864000,758000,-452000,-528000,0,0,585000,213000,-375000,None,-3100000,29.0,36.0
15,2016-09-30,USD,10288000,7311000,2777000,10288000,2977000,1963000,0,0,2977000,0,7311000,None,2977000,-2176000,46000,None,None,None,0,0,0,1014000,0,0,1963000,1963000,None,USD,1281874000,0,None,None,1177891000,103983000,0,1011575000,47000,57070000,10243000,0,193857000,14363000,1077318000,55500000,55500000,-241000,22758000,61852000,1041910000,103983000,43885000,3604000,100573000,8986000,10243000,0,0,47000,0,57070000,0,None,155354000,None,1220022000,None,100573000,None,100573000,None,None,None,47107000,1281874000,58248000,None,5000000,USD,-48593000,1271000,-48802000,140000,27485000,45130000,18100000,691000,1963000,1340000,5012000,492000,1128000,-454000,-1000,0,0,276000,349000,-118000,None,1340000,23.06,29.0
16,2016-06-30,USD,10108000,7292000,2597000,10108000,2816000,1738000,0,0,2816000,0,7292000,None,2816000,770000,114000,None,None,None,0,0,0,1078000,0,0,1738000,1738000,None,USD,1233401000,0,None,90000,1131035000,102366000,0,993475000,47000,55574000,8972000,0,193334000,12933000,1030447000,28000000,28000000,-262000,22807000,56346000,995515000,102366000,39837000,3486000,100588000,8722000,8972000,0,0,47000,0,55574000,0,None,158733000,None,1177055000,None,100588000,None,100588000,None,None,None,47007000,1233401000,52770000,None,5000000,USD,-56189000,-298000,-54980000,1969000,12486000,54894000,42876000,224000,1738000,2865000,2951000,71000,1337000,-455000,-13000,0,0,207000,760000,-104000,None,2865000,22.14,23.06
17,2016-03-31,USD,9816000,7240000,2346000,9816000,2576000,1608000,0,0,2576000,0,7240000,None,2576000,0,1919000,None,None,None,0,0,0,968000,0,0,1608000,1608000,None,USD,1176913000,0,None,175000,1075971000,100942000,0,950599000,47000,54316000,9270000,0,197513000,9983000,990369000,30500000,None,-328000,22450000,50176000,935499000,100942000,36636000,3382000,85602000,11293000,9270000,0,0,47000,0,54316000,0,None,168788000,None,1126737000,None,85602000,None,85602000,None,None,None,46907000,1176913000,46619000,None,5000000,USD,-35040000,-763000,-35012000,2676000,-10515000,32409000,43700000,None,1608000,-981000,1622000,166000,382000,-453000,-323000,0,0,393000,2648000,-164000,None,-981000,21.25,22.14
18,2015-12-31,USD,9895000,7556000,2222000,9895000,2339000,1528000,0,0,2339000,0,7556000,None,2339000,2662000,5427000,None,None,None,0,829000,0,811000,-2284000,0,1528000,1528000,None,USD,1143332000,219000,None,225000,1043549000,99783000,0,906899000,46000,53495000,10033000,0,190724000,10914000,1020549000,103617000,5000000,-567000,20156000,49473000,909200000,99783000,35116000,3218000,23000000,12113000,10033000,0,0,46000,0,53495000,0,None,164503000,None,1093859000,None,23000000,None,23000000,None,None,None,46809000,1143332000,46030000,None,5000000,USD,-35512000,25000,-36123000,254000,6986000,29941000,24794000,3142000,1528000,-2943000,3239000,1099000,561000,-460000,-1379000,104000,0,117000,865000,-91000,None,-2943000,20.96,21.25
19,2015-09-30,USD,9049000,7031000,2419000,9049000,2018000,1283000,0,0,2018000,0,7031000,None,2018000,0,16000,None,None,None,0,0,0,735000,0,0,1283000,1283000,None,USD,1111976000,0,None,425000,1011917000,100059000,0,882279000,47000,53817000,10007000,0,179471000,13657000,906286000,14000000,None,-560000,19675000,56198000,889870000,100059000,38989000,3127000,105631000,8878000,10007000,0,0,47000,0,53817000,0,None,146233000,None,1055778000,None,105631000,None,105631000,None,None,None,46755000,1111976000,52646000,None,5000000,USD,-13216000,386000,-13948000,307000,1986000,-16700000,-18106000,None,1283000,-27850000,2798000,80000,389000,-461000,-119000,104000,0,605000,1039000,55000,None,-27850000,23.5,20.96
