,fiscalDateEnding,reportedCurrency_x,totalRevenue,totalOperatingExpense,costOfRevenue,grossProfit,ebit,netIncome_x,researchAndDevelopment,effectOfAccountingCharges,incomeBeforeTax,minorityInterest,sellingGeneralAdministrative,otherNonOperatingIncome,operatingIncome,otherOperatingExpense,interestExpense,taxProvision,interestIncome,netInterestIncome,extraordinaryItems,nonRecurring,otherItems,incomeTaxExpense,totalOtherIncomeExpense,discontinuedOperations,netIncomeFromContinuingOperations,netIncomeApplicableToCommonShares,preferredStockAndOtherAdjustments,reportedCurrency_y,totalAssets,intangibleAssets,earningAssets,otherCurrentAssets,totalLiabilities,totalShareholderEquity,deferredLongTermLiabilities,otherCurrentLiabilities,commonStock,retainedEarnings,otherLiabilities,goodwill,otherAssets,cash,totalCurrentLiabilities,shortTermDebt,currentLongTermDebt,otherShareholderEquity,propertyPlantEquipment,totalCurrentAssets,longTermInvestments,netTangibleAssets,shortTermInvestments,netReceivables,longTermDebt,inventory,accountsPayable,totalPermanentEquity,additionalPaidInCapital,commonStockTotalEquity,preferredStockTotalEquity,retainedEarningsTotalEquity,treasuryStock,accumulatedAmortization,otherNonCurrrentAssets,deferredLongTermAssetCharges,totalNonCurrentAssets,capitalLeaseObligations,totalLongTermDebt,otherNonCurrentLiabilities,totalNonCurrentLiabilities,negativeGoodwill,warrants,preferredStockRedeemable,capitalSurplus,liabilitiesAndShareholderEquity,cashAndShortTermInvestments,accumulatedDepreciation,commonStockSharesOutstanding,reportedCurrency,investments,changeInLiabilities,cashflowFromInvestment,otherCashflowFromInvestment,netBorrowings,cashflowFromFinancing,otherCashflowFromFinancing,changeInOperatingActivities,netIncome_y,changeInCash,operatingCashflow,otherOperatingCashflow,depreciation,dividendPayout,stockSaleAndPurchase,changeInInventory,changeInAccountReceivables,changeInNetIncome,capitalExpenditures,changeInReceivables,changeInExchangeRate,changeInCashAndCashEquivalents,clossingVal,nextClossingVal
0,2020-03-31,CNY,4731000000.0,6240000000.0,1220000000.0,3511000000.0,-4823000000.0,-5353000000.0,1696000000.0,None,-5271000000.0,3394000000.0,3324000000.0,None,-1509000000.0,None,448000000.0,-254000000,513000000,65000000,None,None,None,-254000000.0,-3827000000.0,None,-5338000000.0,-5353000000.0,None,CNY,196701000000.0,13158000000.0,None,None,96856000000.0,97617000000.0,None,12330000000.0,97617000000.0,None,3823000000,58308000000.0,1972000000.0,24093000000.0,67800000000.0,None,40382000000,97617000000,7262000000.0,64648000000,51353000000,26151000000,25073000000.0,5098000000,23292000000.0,None,4929000000.0,None,None,None,None,None,None,None,655000000,None,132053000000,775000000,23292000000,295000000,29056000000,None,None,None,None,None,49166000000,None,596000000,CNY,None,0,None,None,None,None,None,None,-5353000000.0,None,None,None,None,None,None,None,None,None,0,None,None,None,23.45,
1,2019-12-31,CNY,8335000000.0,7755000000.0,1728000000.0,6607000000.0,2891000000.0,2008000000.0,2694000000.0,0,2504000000.0,3403000000.0,3333000000.0,0,580000000.0,0,387000000.0,364000000,536000000,149000000,0,0,0,364000000.0,1775000000.0,0,1993000000.0,2008000000.0,0,CNY,200169000000.0,13173000000.0,None,932000000,94466000000.0,103442000000.0,0,11.29,6000000.0,22803000000,3856000000,58308000000.0,2022000000.0,19923000000.0,69182000000.0,21118000000,30516000000,-1505000000,7342000000.0,67955000000,51278000000,31870000000,23058000000.0,7661000000,19537000000.0,0,12294000000.0,0,0,0,0,0,-2111000000,0,150000000,0,132214000000,749000000,19537000000,264000000,25284000000,0,0,0,83614000000,0,42981000000,0,642000000,CNY,0,0,-2413000000,-1579000000,0,-9256000000,-9717000000,0,2008000000.0,-4027000000,7333000000,0,656000000,0,467000000,0,0,0,834000000,0,0,0,33.54,23.45
2,2019-09-30,CNY,10476000000.0,8234000000.0,2157000000.0,8319000000.0,1402000000.0,793000000.0,2790000000.0,0,979000000.0,3169000000.0,3287000000.0,0,2242000000.0,0,423000000.0,365000000,509000000,86000000,0,0,0,365000000.0,-1349000000.0,0,820000000.0,793000000.0,0,CNY,203083000000.0,13281000000.0,None,3905000000,100374000000.0,100662000000.0,0,7.68,100662000000.0,0,3881000000,57915000000.0,1599000000.0,18330000000.0,74118000000.0,0,36751000000,100662000000,6971000000.0,75578000000,47647000000,29374000000,26069000000.0,9295000000,20600000000.0,0,13386000000.0,0,0,0,0,0,0,0,127505000000,0,127505000000,653000000,20600000000,257000000,26256000000,0,0,0,0,0,44399000000,0,602000000,CNY,0,0,0,0,0,0,0,0,793000000.0,0,0,0,0,0,0,0,0,0,0,0,0,0,29.29,33.54
3,2019-06-30,CNY,8691000000.0,7358000000.0,1798000000.0,6893000000.0,483000000.0,-403000000.0,2642000000.0,0,57000000.0,2417000000.0,2918000000.0,0,1333000000.0,0,426000000.0,336000000,562000000,136000000,0,0,0,336000000.0,-1412000000.0,0,-402000000.0,-403000000.0,0,CNY,195272000000.0,13388000000.0,None,3901000000,101210000000.0,92077000000.0,0,11.92,5000000.0,20153000000,3780000000,57920000000.0,1769000000.0,23002000000.0,74629000000.0,25676000000,37690000000,-1369000000,6937000000.0,80165000000,35000000000,20676000000,32949000000.0,7927000000,21673000000.0,0,12925000000.0,0,0,0,0,0,-2111000000,0,115107000000,0,115107000000,696000000,21673000000,123000000,26581000000,0,0,0,74915000000,0,55951000000,0,556000000,CNY,0,0,-2455000000,-2086000000,0,-169000000,426000000,0,-403000000.0,1129000000,3758000000,0,309000000,0,193000000,0,0,0,369000000,0,0,0,36.91,29.29
4,2019-03-31,CNY,8164000000.0,7279000000.0,1689000000.0,6475000000.0,5988000000.0,4613000000.0,2544000000.0,0,5547000000.0,2427000000.0,3046000000.0,0,885000000.0,0,441000000.0,677000000,46000000,46000000,0,0,0,677000000.0,4616000000.0,0,4587000000.0,4613000000.0,0,CNY,193227000000.0,13595000000.0,None,5170000000,101319000000.0,91908000000.0,0,13.34,91908000000.0,0,4323000000,57920000000.0,1431000000.0,22708000000.0,69505000000.0,0,37924000000,91908000000,6665000000.0,79349000000,34244000000,20393000000,33703000000.0,6108000000,24465000000.0,0,10969000000.0,0,0,0,0,0,0,0,113878000000,0,113878000000,599000000,24465000000,345000000,29824000000,0,0,0,0,0,56411000000,0,619000000,CNY,0,0,0,0,0,0,0,0,4613000000.0,0,0,0,0,0,0,0,0,0,0,0,0,0,43.69,36.91
5,2018-12-31,CNY,3377122.62,3461550.68,723669.13,2653453.48,-84428.07,-531584.12,1214155.99,0,-538731.46,901459.45,1523725.56,0,-84428.07,0,-188511.34,35000000,None,None,0,0,0,15634.83,-454303.4,0,-554366.29,-531584.12,0,CNY,83011996.76,6172182.96,None,5293058.98,43374136.84,38736400.47,0,5780418.87,2233.55,7338094.34,1861437.82,25920756.2,825072.15,9617652.1,30726455.28,0,4606913.43,-662023.24,2623077.25,35466041.39,12004866.82,6643461.31,16417908.39,3958291.47,10786243.74,0,5232753.22,0,0,0,0,0,-306898306.32,0,0,0,0,0,74193177.55,0,0,0,0,0,226998061.15,0,179085602.87,0,567000000,USD,0,0,0,0,0,0,0,0,-173002834.92,0,0,0,0,0,0,0,0,0,0,0,0,0,27.06,43.69
6,2018-09-30,USD,9355000000.0,7875000000.0,1991000000.0,7364000000.0,1480000000.0,-1139000000.0,2491000000.0,0,-848000000.0,2231000000.0,3393000000.0,0,1480000000.0,0,-393000000.0,None,None,None,0,0,0,257000000.0,-2328000000.0,0,-1105000000.0,-1139000000.0,0,USD,189370000000.0,13863000000.0,None,18384000000,99383000000.0,87756000000.0,0,15796000000.0,87756000000.0,0,4256000000,58107000000.0,1683000000.0,21490000000.0,69065000000.0,0,0,0,5837000000.0,84464000000,25416000000,15786000000,37793000000.0,6797000000,26062000000.0,0,13599000000.0,0,0,0,0,0,0,0,0,0,0,0,0,0,0,0,0,0,0,0,0,0,550000000,USD,0,0,0,0,0,0,0,0,-1139000000.0,0,0,0,0,0,0,0,0,0,0,0,0,0,37.17,27.06
7,2018-06-30,USD,1097630473.91,0.0,220305938.81,877324535.09,108578284.34,357078584.28,337582483.5,0,407918416.32,285392921.42,431163767.25,0,108578284.34,0,-55638872.23,None,None,None,0,0,0,48290341.93,299340131.97,0,359628074.39,357078584.28,0,USD,27090581883.62,2094031193.76,None,1921565686.86,13448410317.94,13356778644.27,0,2356028794.24,13356778644.27,0,679214157.17,8646820635.87,284493101.38,3305488902.22,8283293341.33,0,0,0,873125374.93,11141721655.67,4050389922.02,2615926814.64,4975704859.03,938962207.56,4485902819.44,0,1665866826.63,0,0,0,0,0,0,0,0,0,0,0,0,0,0,0,0,0,0,0,0,0,643000000,USD,0,0,0,0,0,0,0,0,357078584.28,0,0,0,0,0,0,0,0,0,0,0,0,0,47.63,37.17
8,2018-03-31,USD,1071729957.81,977788392.64,198073401.8,873656556.01,93941565.16,168776371.31,343921662.29,0,194729718.97,298543109.63,435793328.56,None,93941565.16,0,-51269803.36,None,None,None,0,0,0,28500915.53,100788153.81,0,166228803.44,168776371.31,None,USD,26937504975.72,2199028739.75,None,1554175622.96,12812196481.17,13826765384.92,0,2124671602.58,796114.96,2640076427.04,656954064.17,8994188360.8,248069421.22,2747074277.53,7526311599.4,7905103096.89,7905103096.89,76267813.07,921105007.56,10558872701.22,4016240745.16,2633548284.37,5433166149.19,824456651.54,4628930817.61,0,1499243690.79,0,0,0,0,0,-53585383.33,None,None,None,None,None,None,None,None,None,None,None,None,None,None,None,607000000,USD,0,0,0,0,0,0,0,0,168776371.31,0,0,None,0,0,0,0,0,0,0,None,None,None,46.62,47.63
9,2017-12-31,USD,1098199000.0,23182908477.0,184516000.0,21192824527.0,2443522997.0,84289000.0,355370000.0,0,129356000.0,1773904851.0,823551000.0,None,90132000.0,0,55413000.0,None,None,None,0,0,0,50080000.0,960476672.0,0,1526922698.0,84289000.0,None,USD,24906395000.0,10773117000.0,None,847281000,11615734000.0,13017201000.0,590823134,2683089000.0,795000.0,2375907000,53459000,8644860000.0,14940312000.0,2803897000.0,6479863000.0,45536537240,45536537240,6379296866,863087000.0,59226820149,25573785268,14600684975,4592277000.0,5592426752,4491071000.0,None,1146459000.0,None,None,None,None,None,-324427000,None,None,None,None,None,None,None,None,None,None,None,None,None,None,None,574000000,USD,-14023718347,171091615,-15232251815,-4306124,8338703516,1232508000,-1051372855,2200725401,84289000.0,-191689564,1086464000,None,880201662,None,731735342,None,41366000,1846264860,72410000,None,None,None,44.1,46.62
10,2017-09-30,USD,1255227000.0,6241821256.0,202307000.0,5408432531.0,665732865.0,210668000.0,339582000.0,0,273186000.0,5311000.0,812631000.0,None,240289000.0,0,49742000.0,None,None,None,0,0,0,57207000.0,-1063877536.0,0,430719655.0,210668000.0,None,USD,24533308000.0,10544215000.0,None,1499307000,11958287000.0,12284179000.0,None,2703294000.0,776000.0,1943400000,72412000,8456795000.0,14181629000.0,2754044000.0,6308521000.0,48435974223,48435974223,4354529115,846418000.0,63241354944,22609358318,11576497065,4371874000.0,5855141594,5049700000.0,None,1249615000.0,None,None,None,None,None,-317259000,None,None,None,None,None,None,None,None,None,None,None,None,None,None,None,577000000,USD,None,0,None,None,None,None,None,None,210668000.0,None,None,None,None,None,None,None,None,None,0,None,None,None,52.74,44.1
11,2017-06-30,USD,966213000.0,-11242157362.0,168594000.0,-9395590242.0,-597259104.0,53071000.0,304845000.0,0,136852000.0,3818000.0,695448000.0,None,102171000.0,0,57075000.0,None,None,None,0,0,0,79963000.0,809720260.0,0,128596268.0,53071000.0,None,USD,22816756000.0,10333360000.0,None,1046792000,10971345000.0,11551197000.0,None,2392856000.0,758000.0,1488828000,70609000,8292609000.0,13902342000.0,2389077000.0,5128444000.0,46183070478,46183070478,2746834574,833055000.0,54785951495,22166556356,8256079008,3868610000.0,5266699517,5250678000.0,None,1036906000.0,None,None,None,None,None,-326725000,None,None,None,None,None,None,None,None,None,None,None,None,None,None,None,555000000,USD,None,0,None,None,None,None,None,None,53071000.0,None,None,None,None,None,None,None,None,None,0,None,None,None,53.86,52.74
12,2017-03-31,USD,878225000.0,5670888103.0,172739000.0,4895755099.0,414173786.0,7555000.0,285187000.0,0,26587000.0,1819901681.0,651151000.0,None,54335000.0,0,37773000.0,None,None,None,0,0,0,20195000.0,-191111320.0,0,74616659.0,7555000.0,None,USD,21202578000.0,10161326000.0,None,838988000,10160296000.0,10777885000.0,None,2026766000.0,735000.0,1333763000,49380000,8137958000.0,13621523000.0,2748733000.0,4609634000.0,44996835675,44996835675,2161037938,808476000.0,46617016511,21478148266,4243901807,2485245000.0,4815578150,4983789000.0,None,932244000.0,None,None,None,None,None,-324787000,None,None,None,None,None,None,None,None,None,None,None,None,None,None,None,548000000,USD,None,0,None,None,None,None,None,None,7555000.0,None,None,None,None,None,None,None,None,None,0,None,None,None,49.15,53.86
13,2016-12-31,USD,622207000.0,19281475402.0,134413000.0,13475120141.0,-980902230.0,113614000.0,199532000.0,0,120341000.0,3981140792.0,437824000.0,None,49970000.0,0,27710000.0,None,None,None,0,0,0,13191000.0,410256664.0,0,-1636230855.0,113614000.0,None,USD,20799928000.0,10087786000.0,None,852341000,9922677000.0,10303447000.0,519157178,2166885000.0,714000.0,1144671000,48908000,8067864000.0,13381895000.0,2655146000.0,4363391000.0,41537983142,41537983142,1010373732,805410000.0,45911441840,20532822365,1497334417,2283934000.0,5707378254,4990735000.0,None,1048364000.0,None,None,None,None,None,-321990000,None,None,None,None,None,None,None,None,None,None,None,None,None,None,None,None,USD,-10626183221,361573000,-19825478996,737468256,7219956075,1770093000,-5794489790,4268976117,113614000.0,-780993423,759432000,None,715835720,None,10864291377,None,-1332377049,2575011764,98348000,None,None,None,40.0,49.15
14,2016-09-30,USD,835551000.0,8718442898.0,185094000.0,3929569481.0,-3845576256.0,3587000.0,276584000.0,0,39542000.0,2777000.0,583361000.0,None,67096000.0,0,28668000.0,None,None,None,0,0,0,33178000.0,0.0,0,0.0,3587000.0,None,USD,20328147000.0,8610956000.0,None,1331881000,9642588000.0,10133978000.0,None,1639836000.0,732000.0,1000306000,14669000,6962767000.0,11661097000.0,4614583000.0,4974699000.0,41590032026,41590032026,None,835895000.0,52222056629,18285751277,None,1226374000.0,4389989942,4201616000.0,None,1151650000.0,None,None,None,None,None,-343018000,None,None,None,None,None,None,None,None,None,None,None,None,None,None,None,507000000,USD,None,None,None,None,None,None,None,None,3587000.0,None,None,None,None,None,None,None,None,None,0,None,None,None,46.57,40.0
15,2016-06-30,USD,663759000.0,-13208000000.0,185549000.0,-5948000000.0,5085000000.0,4216000000.0,259371000.0,0,0.0,0.0,537782000.0,None,5085000000.0,0,24521000.0,None,None,None,0,0,0,7973000.0,0.0,0,0.0,0.0,None,USD,16884515000.0,8638743000.0,None,1129927000,7903750000.0,8438019000.0,None,1464597000.0,693000.0,969172000,14714000,6980563000.0,11661068000.0,1522280000.0,4461627000.0,31067000000,31067000000,None,837921000.0,29146000000,17977000000,None,1182893000.0,4416000000,2969885000.0,None,1151698000.0,None,None,None,None,None,-344184000,None,None,None,None,None,None,None,None,None,None,None,None,None,None,None,462000000,USD,None,None,None,None,None,None,None,None,-521000000.0,None,None,None,None,None,None,None,None,None,0,None,None,None,41.2,46.57
16,2016-03-31,USD,647954000.0,6005000000.0,176170000.0,3042000000.0,-1827000000.0,-1579000000.0,371732000.0,0,0.0,0.0,755186000.0,None,-1827000000.0,0,24520000.0,None,None,None,0,0,0,14505000.0,0.0,0,0.0,0.0,None,USD,17054675000.0,8915812000.0,None,1002083000,7724210000.0,8662561000.0,None,1340829000.0,706000.0,1153531000,14693000,7202304000.0,11519228000.0,1923954000.0,4268458000.0,30655000000,30655000000,None,862745000.0,30130000000,14743000000,None,1312772000.0,2798000000,2971088000.0,None,938935000.0,None,None,None,None,None,-354748000,None,None,None,None,None,None,None,None,None,None,None,None,None,None,None,453000000,USD,None,None,None,None,None,None,None,None,-1579000000.0,None,None,None,None,None,None,None,None,None,0,None,None,None,44.26,41.2
17,2015-12-31,USD,400683000.0,10516525116.0,105370000.0,7854128242.0,381042945.0,4409000.0,119240000.0,0,10747000.0,19131194247.0,280989000.0,None,14324000.0,0,13634000.0,None,None,None,0,0,0,9703000.0,2488540725.0,0,2399395247.0,4409000.0,None,USD,18346135000.0,8768515000.0,None,996817000,8514876000.0,6877448000.0,468963193,1963629000.0,636000.0,1378224000,14157000,7053389000.0,11220749000.0,2966389000.0,5197149000.0,32298007053,32298007053,560077281,857692000.0,40600868431,13870523498,-12249954521,1624420000.0,4405340553,2833463000.0,None,917673000.0,None,None,None,None,None,-366317000,None,None,None,None,None,None,None,None,None,None,None,None,None,None,None,379000000,USD,-5617973083,2098144678,-4426581331,111326538,15380611544,2351660000,103916000,319657921,4409000.0,13914786875,470655000,None,314214010,None,52117597,None,-1002531319,-1471803514,98511000,None,None,None,46.33,44.26
18,2015-09-30,USD,500598000.0,0.0,133045000.0,0.0,0.0,380001000.0,130798000.0,0,439819000.0,3004000.0,303793000.0,None,63760000.0,0,15001000.0,None,None,None,0,0,0,56814000.0,0.0,0,0.0,380001000.0,None,USD,7749225000.0,608043000.0,None,836528000,5721848000.0,1860074000.0,None,1315654000.0,492000.0,1427673000,None,427817000.0,2861391000.0,1407579000.0,2969630000.0,None,None,None,836217000.0,None,None,None,1307188000.0,None,2650000000.0,None,651925000.0,None,None,None,None,None,-380180000,None,None,None,None,None,None,None,None,None,None,None,None,None,None,None,750000000,USD,None,None,None,None,None,None,None,None,380001000.0,None,None,None,None,None,None,None,None,None,0,None,None,None,63.18,46.33
19,2015-06-30,USD,407603000.0,0.0,117746000.0,0.0,0.0,23029000.0,128468000.0,0,20944000.0,0.0,280038000.0,None,9819000.0,0,9490000.0,None,None,None,0,0,0,5052000.0,0.0,0,0.0,23029000.0,None,USD,7377711000.0,597296000.0,None,563654000,5537096000.0,1564400000.0,None,1217923000.0,504000.0,1091431000,None,409027000.0,2208845000.0,2084463000.0,2852709000.0,None,None,None,863074000.0,None,None,None,1220806000.0,None,2650000000.0,None,611972000.0,None,None,None,None,None,-334056000,None,None,None,None,None,None,None,None,None,None,None,None,None,None,None,320000000,USD,None,None,None,None,None,None,None,None,23029000.0,None,None,None,None,None,None,None,None,None,0,None,None,None,72.62,63.18
