,fiscalDateEnding,reportedCurrency_x,totalRevenue,totalOperatingExpense,costOfRevenue,grossProfit,ebit,netIncome_x,researchAndDevelopment,effectOfAccountingCharges,incomeBeforeTax,minorityInterest,sellingGeneralAdministrative,otherNonOperatingIncome,operatingIncome,otherOperatingExpense,interestExpense,taxProvision,interestIncome,netInterestIncome,extraordinaryItems,nonRecurring,otherItems,incomeTaxExpense,totalOtherIncomeExpense,discontinuedOperations,netIncomeFromContinuingOperations,netIncomeApplicableToCommonShares,preferredStockAndOtherAdjustments,reportedCurrency_y,totalAssets,intangibleAssets,earningAssets,otherCurrentAssets,totalLiabilities,totalShareholderEquity,deferredLongTermLiabilities,otherCurrentLiabilities,commonStock,retainedEarnings,otherLiabilities,goodwill,otherAssets,cash,totalCurrentLiabilities,shortTermDebt,currentLongTermDebt,otherShareholderEquity,propertyPlantEquipment,totalCurrentAssets,longTermInvestments,netTangibleAssets,shortTermInvestments,netReceivables,longTermDebt,inventory,accountsPayable,totalPermanentEquity,additionalPaidInCapital,commonStockTotalEquity,preferredStockTotalEquity,retainedEarningsTotalEquity,treasuryStock,accumulatedAmortization,otherNonCurrrentAssets,deferredLongTermAssetCharges,totalNonCurrentAssets,capitalLeaseObligations,totalLongTermDebt,otherNonCurrentLiabilities,totalNonCurrentLiabilities,negativeGoodwill,warrants,preferredStockRedeemable,capitalSurplus,liabilitiesAndShareholderEquity,cashAndShortTermInvestments,accumulatedDepreciation,commonStockSharesOutstanding,reportedCurrency,investments,changeInLiabilities,cashflowFromInvestment,otherCashflowFromInvestment,netBorrowings,cashflowFromFinancing,otherCashflowFromFinancing,changeInOperatingActivities,netIncome_y,changeInCash,operatingCashflow,otherOperatingCashflow,depreciation,dividendPayout,stockSaleAndPurchase,changeInInventory,changeInAccountReceivables,changeInNetIncome,capitalExpenditures,changeInReceivables,changeInExchangeRate,changeInCashAndCashEquivalents,clossingVal,nextClossingVal
0,2020-06-30,USD,82122000,21429000,59156000,22966000,1452000,157000,3067000,None,606000,None,14683000,-85000,1537000,-79874000,846000,449000,None,-846000,None,1431000,None,449000,-1135000,None,157000,157000,None,USD,442191000,52732000,None,268560000,309420000,97374000,27271000,146815000,18865000,77322000,56947000,116270000,19197000,8859000,165093000,561000,None,596000,101292000,141634000,611000,80039000,None,8832000,113608000,965000,17717000,None,None,18865000,None,77322000,None,None,None,None,340000,10675000,113608000,3448000,144327000,None,None,None,591000,442191000,8859000,None,10570360,USD,-12219000,644000,-12219000,-17609000,-7000,-307000,-165000,-2981000,157000,-3587000,8939000,-1809000,6137000,None,-135000,900000,401000,2509000,32036000,401000,None,-3587000,57.32,
1,2020-03-31,USD,83985000,19978000,58835000,25150000,5085000,2834000,2751000,None,3935000,None,13726000,-87000,5172000,-80484000,1150000,1101000,-1150000,-1150000,None,None,None,1101000,-528000,None,2834000,2834000,None,USD,437840000,59915000,None,284652000,306698000,95356000,27122000,142817000,18751000,77323000,56975000,115837000,19868000,12446000,162671000,1718000,None,-718000,94289000,136468000,370000,131142000,None,13940000,113545000,2553000,18136000,None,None,18751000,None,77323000,None,None,29590000,None,124249000,10781000,113545000,3360000,144027000,None,None,None,None,437840000,12446000,None,10562744,USD,-18713000,-60000,-18713000,8770000,-25000,-3307000,-182000,-4516000,2834000,-7947000,14073000,1020000,6445000,None,-3100000,904000,2151000,779000,9943000,2151000,None,-7947000,48.26,57.32
2,2019-12-31,USD,85946000,16083000,59901000,26045000,9962000,5778000,1566000,None,8742000,None,11966000,None,9962000,-83395000,1220000,2964000,-1220000,-1220000,-5792000,None,None,2964000,108000,None,5778000,5778000,None,USD,425918000,57654000,None,285668000,296098000,94194000,25471000,139540000,16633000,76208000,51889000,109818000,19315000,20393000,156908000,None,None,473000,82121000,145675000,None,129820000,None,16364000,113503000,3457000,17368000,None,None,16633000,None,76208000,None,None,17915000,None,100036000,10837000,113503000,216000,139190000,None,None,None,880000,425918000,20393000,None,10585159,USD,-13339000,-3389000,-13339000,60040000,8468000,8547000,-4000,4247000,5778000,8404000,13196000,5578000,5451000,None,83000,446000,-1095000,427000,75227000,-1095000,None,8404000,61.78,48.26
3,2019-09-30,USD,88129000,18973000,60555000,27574000,8601000,4205000,2876000,None,7338000,None,13343000,None,8601000,-85448000,1263000,3133000,-1263000,-1263000,None,73000,None,3133000,-93000,None,4205000,4205000,None,USD,419342000,60066000,None,132808000,297233000,86999000,25941000,145485000,16492000,70430000,52168000,110100000,18875000,11989000,166100000,41000,None,-29000,72167000,147106000,None,-48057000,None,15883000,104968000,3903000,20574000,None,None,16492000,None,70430000,None,None,12426000,None,254759000,10557000,104968000,224000,131133000,None,None,None,106000,419342000,11989000,None,10572069,USD,-11346000,1259000,-11346000,-1038000,5005000,117000,-20000,8503000,4205000,-14000,11215000,2177000,5270000,None,-4868000,-644000,-1763000,711000,10308000,-1763000,None,-14000,54.16,61.78
4,2019-06-30,USD,84117000,18758000,59610000,24507000,5749000,2616000,2752000,None,4435000,None,13652000,None,5749000,-81763000,1314000,1819000,-1314000,-1314000,None,None,None,1819000,31000,None,2616000,2616000,None,USD,414288000,59451000,None,290765000,291085000,87001000,25218000,145521000,16461000,66225000,52169000,110093000,19397000,12003000,165735000,None,None,120000,64010000,149942000,None,123203000,None,14796000,99901000,3259000,20214000,None,None,16461000,None,66225000,None,None,29455000,None,93465000,10978000,99901000,231000,125350000,None,None,None,4195000,414288000,12003000,None,10663462,USD,-12942000,1050000,-12942000,-2528000,6992000,6931000,-184000,539000,2616000,968000,6979000,-4336000,4827000,None,123000,108000,1031000,1683000,10414000,1031000,None,968000,61.02,54.16
5,2019-03-31,USD,78953000,17623000,56302000,22651000,5028000,2799000,2523000,None,4056000,None,13189000,None,5028000,-77042000,972000,1257000,-972000,-972000,None,None,None,1257000,79000,None,2799000,2799000,None,USD,405460000,61991000,None,320404000,284608000,83441000,24621000,148289000,16188000,63609000,52478000,109777000,18599000,11035000,191722000,25141000,24788000,-200000,55486000,146030000,None,120852000,None,15168000,68026000,3367000,18292000,None,None,16188000,None,63609000,None,None,259430000,None,55486000,11710000,68026000,239000,92886000,None,None,None,3844000,405460000,11035000,None,10643750,USD,-38459000,2187000,-38459000,-28024000,28135000,27866000,-340000,-418000,2799000,-1602000,8991000,207000,4043000,None,71000,408000,-1188000,535000,10435000,-1188000,None,-1602000,81.18,61.02
6,2018-12-31,USD,85612000,17466403,57879518,27731791,10602428,4437308,2091311,0,9676390,336,13236801,337040,10265388,-83473018,926038,None,None,None,-2811000,0,0,5239082,-821000,0,4437308,4437308,None,USD,339575000,49395000,None,121999000,232839000,79776000,21041000,128674000,15823000,60810000,48251000,90054000,20135000,12637000,165347000,19676000,18400000,-810000,48065000,131926000,None,-32713000,None,12260000,46201000,3775000,16997000,None,None,15823000,None,60810000,None,None,1390000,None,188904000,None,46201000,250000,67492000,None,None,None,3953000,339575000,12637000,None,10627988,USD,None,13545000,-8931000,-451000,116000,125000,-41000,2777000,4437000,1862000,10668000,-13781000,4075000,None,50000,-635000,692000,2335000,8480000,692000,None,1862000,60.06,81.18
7,2018-09-30,USD,83519000,16615000,59258000,24261000,7630000,5346000,2207000,0,6716000,0,12532000,-16000,7646000,-81643000,914000,None,None,None,0,0,0,1370000,-903000,0,5346000,5346000,None,USD,337495000,51505000,None,106144000,234028000,75434000,19386000,132365000,15635000,56373000,47937000,90054000,21019000,10775000,167519000,17872000,17810000,-36000,40220000,134697000,None,-38092000,0,14638000,46605000,3140000,17282000,0,0,15635000,0,56373000,0,None,21019000,None,202798000,None,46605000,518000,66509000,None,None,None,3462000,337495000,10775000,None,10615566,USD,None,-3796000,-7116000,-113000,-4391000,-4484000,-116000,4088000,5346000,-386000,11214000,4942000,3813000,0,23000,108000,685000,116000,7003000,685000,None,-386000,55.75,60.06
8,2018-06-30,USD,81087000,16444000,58929000,22158000,5787000,3608000,2355000,0,4836000,0,12108000,73000,5714000,-79106000,951000,None,None,None,0,0,0,1228000,-930000,0,3608000,3608000,None,USD,340282000,53693000,None,275984000,241944000,69263000,19730000,135931000,15548000,51027000,49332000,90054000,22055000,11161000,170675000,18058000,17721000,-243000,34538000,139942000,None,98338000,0,15351000,51012000,3248000,16686000,0,0,15548000,0,51027000,0,None,None,None,34538000,None,51012000,527000,71269000,None,None,None,2931000,340282000,11161000,None,10603366,USD,None,-1378240,-7318774,372,-3753032,-3862165,-140932,-1096000,3608308,-5426722,5754217,-295083,3725490,0,31799,-349863,471000,-27431,7319146,471036,None,-5426722,60.65,55.75
9,2018-03-31,USD,95795691,16920597,73176482,22619209,5822572,3743692,2094689,0,4926610,-26336,12896199,123960,5698612,-93865982,895962,None,None,None,0,0,0,1182918,-768909,0,3743692,3743692,None,USD,341360951,56047310,None,130392000,247172005,65409508,20246270,135205255,15426104,47418839,49603310,90053483,22023463,16587886,172221013,18289853,18289853,17425,28688762,144547933,None,-51911847,0,15310203,54127120,2898383,18725905,0,0,15426104,0,47418839,0,None,1378336,4588,176172479,None,54127120,577602,74950992,None,None,None,2547140,341360951,16587886,None,10592115,USD,None,-8941760,-6318226,-1201372,-4575968,-4715835,-147068,9342501,3743692,-1461278,9572783,11146083,3632510,0,7201,45863,-309036,255431,5116854,-309036,None,-1461278,56.0,60.65
10,2017-12-31,USD,90620894,15088624,64549824,26071070,11899264,11199353,1855335,0,10166619,-75302,11175626,916818,10982446,1947912,864652,None,None,None,0,109751,0,-1032734,-2312971,0,11199353,11199353,None,USD,350650335,58414178,None,141188989,289303211,60210734,51390361,144430918,15368161,42675805,32274000,90053483,172169000,18049164,178560521,18289853,18290000,None,24620298,153861445,None,-87120537,0,15379977,58634174,2944246,15839750,0,0,15368161,0,42675805,0,None,None,None,173087959,None,58634174,718155,110742690,None,1136390,None,2166768,350650335,18049164,None,10583879,USD,None,-4139192,-4031833,-558066,-4572194,-4546664,-23154,1960000,11199353,5502105,14080602,2012094,3513015,0,48684,4926,1010000,150716,3473767,1339690,None,5502105,70.05,56.0
11,2017-09-30,USD,85008484,14188892,64849930,20158554,6127115,3439266,1910147,0,5262633,-68635,10430759,157453,5969662,1846486,864482,None,None,None,0,1500,0,1823367,37519,0,3439266,3439266,None,USD,346020309,148048000,None,293784458,296198618,48697953,49547344,147296389,15284633,31489104,32207000,87486000,171839000,12547059,182655916,18289853,18289853,322035,22232870,151947933,None,49821691,0,14506750,63137229,2949172,17069674,0,0,15284633,0,31489104,0,None,None,None,22232870,None,63137229,858129,113542702,None,1123738,None,1602181,346020309,12547059,None,10577549,USD,None,-3041922,-5243334,-2384298,-4589103,-4637994,-116956,2311341,3439266,-2598920,7282408,5255649,3279593,0,68065,-642738,330070,-1541340,2859036,533900,None,-2598920,58.55,70.05
12,2017-06-30,USD,84223301,14278338,62875941,21347360,7294503,5241484,1798097,0,6324474,-117294,10733835,225481,7069022,1746406,970029,None,None,None,0,-4500,0,1082990,-5452,0,5241484,5241484,None,USD,351256944,147919000,None,272933354,305020460,45125346,51234098,150390959,15125326,28062438,32575000,87487000,171939000,15145979,185125074,18289853,85959626,330106,20405942,158912456,None,46236484,0,16445099,67669773,2306434,16444262,0,0,15125326,0,28062438,0,None,24020136,None,44426078,None,67669773,991515,119895386,None,1111138,None,1607476,351256944,15145979,None,10552401,USD,None,-608730,-2909176,0,-4585041,-5109379,-609307,5418479,5241484,113158,8131713,6683120,3023420,0,84969,-1266641,863970,-4035249,2909176,-905691,None,113158,53.5,58.55
13,2017-03-31,USD,69568062,13883507,52624417,16943645,2321042,2446491,1694141,0,2321042,-125764,10676665,-739096,3060138,1512701,867993,None,None,None,0,1500,0,-125449,-739096,0,2446491,2446491,None,USD,351716092,62503033,None,214044587,310635361,39982142,51724002,148536952,14783156,22833503,32631000,85527000,172493000,15032821,185662332,18289853,19583129,204763,18403439,160819720,None,-21422302,0,16229306,72174607,1039793,18835527,0,0,14783156,0,22833503,0,None,24463113,None,105369585,None,72174607,1074420,124973029,None,1098589,None,2160720,351716092,15032821,None,10504152,USD,None,8470226,-81930353,-78237460,80148547,79456182,-712234,-11707458,2446491,-72254,2401917,-11697669,2584740,0,19869,170996,42000,385412,3692893,41721,None,-72254,51.05,53.5
14,2016-12-31,USD,47677811,9991439,32280215,15397596,5386609,2816851,1049701,0,5386609,-514494,8461691,-19548,5406157,465119,147970,None,None,None,0,14928,0,2569758,128021,0,2816851,2816851,None,USD,154413372,19973793,None,55820180,113510196,37817086,20005371,68234555,14460500,20399511,16238000,21005143,57681000,15105075,84429363,2233110,2233110,99154,13450438,83282117,None,-75760,0,11146073,8015698,1210789,13961698,0,0,14460500,0,20399511,0,None,10993156,5708725,71131255,None,8015698,1059764,29080833,None,3086090,None,2857921,154413372,15105075,None,10461574,USD,None,2746391,-4199401,204684,-254978,-116428,99832,-4240000,2816851,4606779,8922608,1914276,844903,0,38718,291644,-3754000,-372473,3994717,681016,None,4606779,35.25,51.05
15,2016-09-30,USD,49064327,9398923,32426455,16637872,7233928,4741279,1270107,0,7233928,-254101,7645662,-5021,7238949,480288,135168,None,None,None,0,2866,0,2492649,-95961,0,4741279,4741279,None,USD,148347941,41096000,None,87019401,110759110,34515189,20203574,68368963,14401326,17595108,16565000,21005143,57637000,10498296,80819266,2018879,2538912,-46210,9617147,81093626,None,16583688,0,18705521,8547808,1502433,10431424,0,0,14401326,0,17595108,0,None,None,None,30622290,None,8547808,1188462,29939844,None,3073642,None,2564965,148347941,10498296,None,10448283,USD,None,836579,-2165768,74400,1410120,1784024,322999,-488765,4741279,4618814,5000558,-484005,758278,0,50905,-217741,4435250,989887,2091368,-1623719,None,4618814,32.0,35.25
16,2016-06-30,USD,47466381,9709315,31616939,15849442,6148419,4070786,998651,0,6148419,-273690,8361641,8292,6140127,345129,120528,None,None,None,0,3894,0,2077633,90940,0,4070786,4070786,None,USD,140358705,41322000,None,96308489,108020087,29277374,20321693,67530310,14295907,12866227,16797000,21005000,59093000,5879482,86380313,9356670,9861845,-119301,7939984,73325726,None,32338618,0,17649122,0,1284692,9493333,0,0,14295907,0,12866227,0,None,11296936,None,19236920,None,None,1318081,21639774,None,3061244,None,2234541,140358705,5879482,None,10422453,USD,None,3209379,-1171425,12305116,-218750,-5133199,48320,-4244167,4070786,-4131367,2173257,-4231566,716292,0,-4962769,-141830,2811531,471217,2688073,-1921021,None,-4131367,24.36,32.0
17,2016-03-31,USD,45610413,8907404,30441689,15168724,6343968,4438238,1176360,0,6343968,170792,7690551,82648,6261320,19508,46172,None,None,None,0,20985,0,1905730,0,0,4438238,4438238,None,USD,138351269,14371943,None,50704724,105599306,29703067,20265061,62786969,14445114,8807789,16853000,21005143,59545000,10010849,83886071,9800631,10277996,-225932,7357131,71449336,None,-2625123,0,9590901,0,1142862,11298471,0,0,14445114,0,8807789,0,None,17319986,6847730,66901933,None,None,1448174,21713235,None,3048896,None,6676096,138351269,10010849,None,10594733,USD,None,1437828,-6910882,-6054546,5781250,3645204,24675,175610,4438238,2287596,5553274,183830,488550,0,-2160721,-239087,0,134425,856336,-890510,None,2287596,22.45,24.36
18,2015-12-31,USD,45030537,9462757,30917390,14113147,4736262,3095335,1097793,0,4738373,143241,9215601,85872,4650390,-987905,-2111,None,None,None,0,137268,0,1643038,-1072169,0,3095335,3095335,None,USD,129130679,14469677,None,49775831,99764656,26329425,19925194,61802762,14530633,4381849,16627000,21005143,50893000,7723253,78261022,5527086,3500000,-1109452,7126676,71110880,None,-6108797,0,12708021,0,903775,10931174,0,0,14530633,0,4381849,0,None,11040929,4377374,58019799,None,None,1578440,21503634,None,3036598,None,8526395,129130679,7723253,None,10685599,USD,None,-2198547,-916236,-1,3500000,-4648100,723243,1704473,3095335,-4175107,1389229,-1943681,484014,0,-5371343,-161315,-220188,1338722,916236,774701,None,-4175107,21.1,22.45
19,2015-09-30,USD,44551909,8942234,30536859,14015050,5072816,3159457,1101581,0,4993857,91283,7348578,None,5072816,473525,78959,None,None,None,0,18550,0,1834400,0,0,3159457,3159457,None,USD,134804829,14678989,None,51738468,104117716,27662764,20582331,63807664,14160189,1298763,17274000,21005143,52224000,11898360,81869175,5505634,None,-1193330,6472226,76108690,None,-4997019,0,11729402,0,742460,12555877,0,0,14160189,0,1298763,0,None,11387867,5151914,58696139,None,None,1666210,22248541,None,3024349,None,13397142,134804829,11898360,None,10727380,USD,None,522456,-710342,6619000,None,-9475490,312091,None,3159000,-3402402,6783430,2305468,456485,0,-9787581,-123047,0,200462,710342,262149,None,-3402402,23.14,21.1
