,fiscalDateEnding,reportedCurrency_x,totalRevenue,totalOperatingExpense,costOfRevenue,grossProfit,ebit,netIncome_x,researchAndDevelopment,effectOfAccountingCharges,incomeBeforeTax,minorityInterest,sellingGeneralAdministrative,otherNonOperatingIncome,operatingIncome,otherOperatingExpense,interestExpense,taxProvision,interestIncome,netInterestIncome,extraordinaryItems,nonRecurring,otherItems,incomeTaxExpense,totalOtherIncomeExpense,discontinuedOperations,netIncomeFromContinuingOperations,netIncomeApplicableToCommonShares,preferredStockAndOtherAdjustments,reportedCurrency_y,totalAssets,intangibleAssets,earningAssets,otherCurrentAssets,totalLiabilities,totalShareholderEquity,deferredLongTermLiabilities,otherCurrentLiabilities,commonStock,retainedEarnings,otherLiabilities,goodwill,otherAssets,cash,totalCurrentLiabilities,shortTermDebt,currentLongTermDebt,otherShareholderEquity,propertyPlantEquipment,totalCurrentAssets,longTermInvestments,netTangibleAssets,shortTermInvestments,netReceivables,longTermDebt,inventory,accountsPayable,totalPermanentEquity,additionalPaidInCapital,commonStockTotalEquity,preferredStockTotalEquity,retainedEarningsTotalEquity,treasuryStock,accumulatedAmortization,otherNonCurrrentAssets,deferredLongTermAssetCharges,totalNonCurrentAssets,capitalLeaseObligations,totalLongTermDebt,otherNonCurrentLiabilities,totalNonCurrentLiabilities,negativeGoodwill,warrants,preferredStockRedeemable,capitalSurplus,liabilitiesAndShareholderEquity,cashAndShortTermInvestments,accumulatedDepreciation,commonStockSharesOutstanding,reportedCurrency,investments,changeInLiabilities,cashflowFromInvestment,otherCashflowFromInvestment,netBorrowings,cashflowFromFinancing,otherCashflowFromFinancing,changeInOperatingActivities,netIncome_y,changeInCash,operatingCashflow,otherOperatingCashflow,depreciation,dividendPayout,stockSaleAndPurchase,changeInInventory,changeInAccountReceivables,changeInNetIncome,capitalExpenditures,changeInReceivables,changeInExchangeRate,changeInCashAndCashEquivalents,clossingVal,nextClossingVal
0,2020-06-30,USD,430476000,433756000,70112000,360364000,-361046000,-385223000,210738000,None,-395608000,None,152906000,None,-3280000,None,12484000,-10385000,3390000,-9094000,None,None,None,-10385000,-383234000,None,-385223000,-385223000,None,USD,3894072000,129690000,None,569000,3318766000,575306000,None,1284596000,24744000,-1116392000,70162000,645140000,56188000,1479969000,3018779000,None,889183000,1207062000,315331000,2643786000,103937000,-199524000,676072000,112019000,None,None,30738000,None,None,None,None,None,None,None,15964000,None,1250286000,264568000,None,2173000,299987000,None,None,None,None,None,None,None,None,USD,27500000,43878000,27500000,-2085000,-11790000,-14598000,-3125000,-3014000,-385223000,141776000,123341000,None,22078000,0,None,None,-18229000,454788000,15844000,None,None,None,180.27,
1,2020-04-30,USD,430476000,433756000,70112000,360364000,-361046000,-385223000,210738000,None,-395608000,None,152906000,None,-3280000,None,12484000,-10385000,3390000,-9094000,None,None,None,-10385000,-383234000,None,-385223000,-385223000,None,USD,3894072000,129690000,None,569000,3318766000,575306000,None,1284596000,24744000,-1116392000,70162000,645140000,56188000,1479969000,3018779000,None,889183000,1207062000,315331000,2643786000,103937000,-199524000,676072000,112019000,None,None,30738000,None,None,None,None,None,None,None,15964000,None,1250286000,264568000,None,2173000,299987000,None,None,None,None,None,None,None,None,USD,None,43878000,27500000,-2085000,-11790000,None,-3125000,-3014000,None,None,123341000,None,None,None,None,None,None,454788000,0,None,None,None,155.49,180.27
2,2020-03-31,USD,411582000,431502000,70655000,340927000,-130739000,-158825000,204148000,None,-166857000,None,156699000,None,-19920000,None,12435000,-8032000,7199000,-5236000,None,None,None,-8032000,-141701000,None,-158825000,-158825000,None,USD,3640957000,131934000,None,245601000,2820798000,820159000,None,858447000,24629000,-731169000,60320000,632779000,106851000,1338193000,2524504000,None,880120000,1067109000,311023000,2458370000,69484000,55446000,733612000,93710000,None,None,30154000,None,None,None,None,None,None,None,12857000,None,1182587000,270633000,235974000,1441000,296294000,None,None,None,459590000,None,2071805000,None,246000000,USD,-43426000,35919000,-43426000,-2085000,-9310000,-8811000,-3125000,-1224000,-158825000,98468000,156313000,None,23683000,None,1485000,None,29902000,217903000,6742000,None,None,None,137.26,155.49
3,2020-01-31,USD,411582000,431502000,70655000,340927000,-130739000,-158825000,204148000,None,-166857000,None,156699000,None,-19920000,None,12435000,-8032000,7199000,-5236000,None,None,None,-8032000,-141701000,None,-158825000,-158825000,None,USD,3640957000,131934000,None,None,2820798000,820159000,None,858447000,24629000,-731169000,60320000,632779000,106851000,1338193000,2524504000,None,880120000,1067109000,311023000,2458370000,69484000,55446000,733612000,93710000,None,None,30154000,None,None,None,None,None,None,None,12857000,None,1182587000,270633000,None,1441000,296294000,None,None,None,None,None,None,None,None,USD,None,35919000,-43426000,-2085000,-9310000,None,-3125000,-1224000,None,None,156313000,None,None,None,None,None,None,217903000,0,None,None,None,147.0,137.26
4,2019-12-31,USD,408725000,366884000,65761000,342964000,180777000,124074000,172420000,None,141791000,None,128703000,None,41841000,None,12364000,17717000,8100000,-4264000,None,None,None,17717000,104214000,None,124074000,124074000,None,USD,3503174000,141520000,None,226348000,2608166000,895008000,None,672923000,24478000,-572344000,61795000,632817000,30346000,1239725000,2295559000,871166000,871166000,983760000,320923000,2335016000,42553000,120671000,697658000,123663000,None,None,37780000,None,None,None,None,None,None,None,11937000,None,1168158000,286097000,250812000,140000,312607000,None,None,None,459114000,None,1937383000,None,251000000,USD,-153789000,103543000,-153789000,-2085000,-9357000,-12151000,-3125000,2227000,124074000,52534000,218365000,None,26622000,0,986000,None,-24276000,-22673000,7010000,None,None,None,120.34,147.0
5,2019-10-31,USD,408725000,366884000,65761000,342964000,180777000,124074000,172420000,None,141791000,None,128703000,None,41841000,None,12364000,17717000,8100000,-4264000,None,None,None,17717000,104214000,None,124074000,124074000,None,USD,3503174000,141520000,None,None,2608166000,895008000,None,672923000,24478000,-572344000,61795000,632817000,30346000,1239725000,2295559000,None,871166000,983760000,320923000,2335016000,42553000,120671000,697658000,123663000,None,None,37780000,None,None,None,None,None,None,None,11937000,None,1168158000,286097000,None,140000,312607000,None,None,None,None,None,None,None,None,USD,None,103543000,-153789000,-2085000,-9357000,None,-3125000,2227000,None,None,218365000,None,None,None,None,None,None,-22673000,0,None,None,None,120.79,120.34
6,2019-09-30,USD,363390000,367945000,62279000,301111000,111807000,69320000,175882000,None,74465000,None,129784000,None,-4555000,None,12327000,5145000,9112000,-3215000,None,None,None,5145000,82235000,None,69320000,69320000,None,USD,3280600000,138760000,None,214342000,2586352000,694248000,None,777838000,24356000,-696418000,47829000,609648000,30976000,1187191000,2287142000,862318000,862318000,907514000,317423000,2137791000,46002000,-54160000,587496000,99351000,None,None,32757000,None,None,None,None,None,None,None,11632000,None,1142809000,282295000,251381000,319000,299210000,None,None,None,458796000,None,1774687000,None,251000000,USD,-149216000,-273000,-149216000,-2085000,-7670000,-7015000,-3125000,-8597000,69320000,-81250000,76191000,None,25015000,None,655000,None,-16837000,-1179000,6113000,None,None,None,125.44,120.79
7,2019-07-31,USD,363390000,367945000,62279000,301111000,111807000,69320000,175882000,None,74465000,None,129784000,None,-4555000,None,12327000,5145000,9112000,-3215000,None,None,None,5145000,82235000,None,69320000,69320000,None,USD,3280600000,138760000,None,None,2586352000,694248000,None,777838000,24356000,-696418000,47829000,609648000,30976000,1187191000,2287142000,None,862318000,907514000,317423000,2137791000,46002000,-54160000,587496000,99351000,None,None,32757000,None,None,None,None,None,None,None,11632000,None,1142809000,282295000,None,319000,299210000,None,None,None,None,None,None,None,None,USD,None,-273000,-149216000,-2085000,-7670000,None,-3125000,-8597000,None,None,76191000,None,None,None,None,None,None,-1179000,0,None,None,None,140.12,125.44
8,2019-06-30,USD,334586000,367030000,61129000,273457000,-164800000,-237517000,170321000,None,-190862000,None,135580000,None,-32444000,None,10217000,46655000,9272000,-945000,None,None,None,46655000,-157473000,None,-237517000,-237517000,None,USD,2977258000,150975000,None,1599000,2411791000,565467000,None,855005000,24199000,-765637000,82083000,608907000,31874000,1268441000,2329708000,853576000,853576000,848739000,81459000,2042111000,61932000,-194415000,445046000,82525000,None,None,24993000,None,None,None,None,None,None,None,9703000,None,935147000,1613000,None,344000,82083000,None,None,None,458166000,None,1713487000,None,239000000,USD,-292012000,52975000,-292012000,-557896000,-7670000,-2412000,-3125000,14246000,-237517000,-176843000,117726000,None,15845000,0,3542000,None,-14584000,278123000,20823000,None,None,None,130.84,140.12
9,2019-03-31,USD,309270000,336827000,54189000,255081000,-175275000,-202844000,153069000,None,-201681000,None,123853000,None,-27557000,None,10103000,1163000,-800000,-800000,None,None,None,1163000,-173324000,None,-202844000,-202844000,None,USD,2875144000,108138000,None,123000,2181626000,693518000,None,4846000,24027000,210620000,772484000,506086000,313180000,1445284000,564204000,1588000,1588000,1390000,65249000,1882491000,23955000,79294000,327944000,63777000,844938000,None,26181000,None,None,None,None,None,None,None,9484000,None,992653000,1588000,844938000,1058000,1617422000,None,None,None,457481000,None,1773228000,None,239000000,USD,-29625000,54432000,-312186000,-286707000,-7670000,-775000,-3194000,4046000,-414694000,34945000,348616000,None,54403000,0,2829000,None,7513000,245266000,25479000,None,None,None,112.39,130.84
10,2018-12-31,USD,298979000,302148000,49782000,249197000,-3169000,45185000,131364000,None,27063000,None,121002000,None,-3169000,None,-10019000,None,None,None,None,None,None,-18122000,30232000,None,45185000,45185000,None,USD,2724944000,120942000,None,52000,1905196000,819748000,None,407709000,23844000,-325276000,556018000,506121000,245600000,1340589000,512775000,None,None,664776000,63716000,1764732000,23833000,192685000,303772000,72630000,836403000,None,25071000,None,None,None,None,None,None,None,None,None,None,None,836403000,None,None,None,None,None,456404000,None,1644361000,None,247000000,USD,-36216000,83349000,-305129000,-552000,-7670000,-2487000,-3194000,-18885000,45185000,-177191000,130436000,None,13625000,None,1704000,None,-17769000,9438000,7807000,None,None,None,88.98,112.39
11,2018-09-30,USD,267292000,267484000,45185000,222107000,-192000,-242445000,124380000,None,-240076000,None,97919000,None,-192000,None,-9902000,None,None,None,None,None,None,2369000,-239884000,None,-242445000,-242445000,None,USD,2553522000,50081000,None,8000,1840252000,713270000,None,364942000,23711000,-370461000,562556000,311931000,243911000,1517780000,449726000,827970000,827970000,604293000,57016000,1876910000,13673000,351258000,277246000,53150000,827970000,None,19147000,None,None,None,None,None,None,None,None,None,None,None,None,None,None,None,None,None,None,None,None,None,236000000,USD,33413000,7370000,22568000,-552000,None,587000,-410000,1678000,-242445000,107441000,84929000,None,12064000,None,None,None,-5371000,297949000,10716000,None,None,None,96.14,88.98
12,2018-06-30,USD,243783000,249070000,44196000,199587000,-5287000,-25851000,111046000,0,-21755000,0,93828000,None,-5287000,0,-6782000,None,None,None,0,0,0,4096000,-16468000,0,-25851000,-25851000,None,USD,2424514000,63577000,None,2816000,1531748000,892766000,None,356289000,23531000,-142570000,250785000,311943000,176883000,1410339000,461326000,819637000,819637000,557039000,51656000,1820455000,None,517246000,323134000,64464000,819637000,None,17119000,None,None,None,None,None,None,None,None,None,None,None,None,None,None,None,None,None,None,None,None,None,231000000,USD,48114000,44086000,32193000,2881000,990494000,903702000,-87700000,-8200000,-25851000,1016826000,82203000,None,12455000,None,None,None,-7748000,54684000,17802000,None,None,None,62.52,96.14
13,2018-03-31,USD,223723000,234603000,34151000,178483000,-10880000,-14266000,108544000,0,-8147000,0,180341000,None,-10880000,0,8000,None,None,None,0,0,0,6119000,2733000,0,-14266000,-14266000,None,USD,1372745000,390026000,None,22697000,490032000,882713000,None,392550000,23318000,405501000,31890000,312048000,499486000,393513000,415191000,None,None,522220000,35098000,838161000,4200000,492687000,370353000,51598000,None,None,22619000,None,None,None,None,None,None,None,None,None,None,None,None,None,None,None,None,None,None,None,None,None,232000000,USD,-2772000,51654000,-10451000,-96000,990494000,3087000,-87700000,-236000,-14266000,82608000,229253000,None,14809000,None,932000,None,-3500000,37913000,12407000,None,None,None,53.92,62.52
14,2017-12-31,USD,214578000,11739000,31197000,15734000,7069000,-51236000,101324000,0,7556000,0,175404000,None,7069000,0,7000,None,None,None,0,0,0,52264000,487000,0,-51236000,-51236000,None,USD,1306525000,404251000,None,22204000,443101000,863424000,None,353199000,23121000,387287000,27913000,311996000,519325000,310905000,371603000,None,None,489740000,37792000,749408000,4200000,459173000,368194000,48105000,None,None,17226000,None,None,None,None,None,None,None,None,None,None,None,None,None,None,None,None,None,None,None,None,None,230000000,USD,-60994000,28602000,-68553000,-3009000,990494000,2155000,-87700000,-2624000,-65230000,5034000,137577000,None,15696000,None,1278000,None,-4668000,95258000,7114000,None,None,None,45.52,53.92
15,2017-09-30,USD,195480000,216143000,28532000,153728000,-22325000,-13994000,94862000,0,-21744000,0,166657000,None,-22325000,0,9000,None,None,None,0,0,0,-7750000,581000,0,-13994000,-13994000,None,USD,1343546000,418514000,None,20184000,414177000,929369000,None,330167000,22905000,454654000,22896000,311967000,627742000,305871000,347361000,None,None,491877000,38944000,676860000,None,510855000,307669000,43136000,None,None,15812000,None,None,None,None,None,None,None,None,None,None,None,None,None,None,None,None,None,None,None,None,None,228000000,USD,-2189000,23358000,-4885000,-132000,990494000,877000,-87700000,3767000,-13994000,61451000,65249000,None,15287000,None,877000,None,-3719000,35257000,2564000,None,None,None,35.15,45.52
16,2017-06-30,USD,174331000,661231000,23027000,503556000,-40173000,-25802000,90691000,0,-37131000,0,159794000,None,-40173000,0,24000,None,None,None,0,0,0,-10427000,2892000,0,-25043000,-25043000,None,USD,1283858000,432689000,None,17372000,389810000,894048000,54641000,312196000,22726000,420363000,18993000,311900000,630197000,244420000,326867000,None,None,443592000,41173000,612488000,None,461359000,305499000,45197000,None,None,12464000,None,None,None,None,None,None,None,None,None,None,None,None,None,None,None,None,None,None,None,None,None,222000000,USD,176535000,83551000,-224573000,-3029000,990494000,9438000,-87700000,-5647000,-42504000,-15289000,199381000,None,46958000,None,9438000,None,-10208000,112643000,15129000,None,None,None,35.18,35.15
17,2017-03-31,USD,159909000,154073000,19276000,103659000,-30530000,-20278000,82262000,0,-22521000,0,145211000,None,-30530000,0,6000,None,None,None,0,0,0,-6932000,542000,0,-17461000,-17461000,None,USD,1235664000,446740000,None,19337000,382056000,853608000,None,285312000,22422000,382200000,20740000,311748000,635028000,196882000,304076000,None,None,384721000,45190000,555446000,4200000,406868000,306676000,32551000,None,None,13514000,None,None,None,None,None,None,None,None,None,None,None,None,None,None,None,None,None,None,None,None,None,223000000,USD,153240000,37742000,-214178000,-2000,None,7403000,153240000,-89000,-17461000,-139280000,148784000,None,13579000,None,1535000,None,2155000,32091000,9921000,None,None,None,29.95,35.18
18,2016-12-31,USD,148909000,-274197000,15865000,-220665000,12745000,6213000,69757000,0,0,0,124430000,None,12745000,0,38000,None,None,None,0,0,0,211000,0,0,0,0,None,USD,1083107000,39916000,None,17053000,290905000,792202000,None,245445000,22240000,322494000,22112000,22584000,187184000,336162000,259110000,None,None,None,49687000,846236000,4200000,None,459112000,33909000,None,None,11208000,None,None,None,None,None,None,None,None,None,None,None,None,None,None,None,None,None,None,None,None,None,221000000,USD,None,None,20302000,None,None,5868000,23959000,2416000,-1698000,69417000,75861000,None,9055000,None,None,None,-12695000,None,5298000,None,None,None,24.08,29.95
