,fiscalDateEnding,reportedCurrency_x,totalRevenue,totalOperatingExpense,costOfRevenue,grossProfit,ebit,netIncome_x,researchAndDevelopment,effectOfAccountingCharges,incomeBeforeTax,minorityInterest,sellingGeneralAdministrative,otherNonOperatingIncome,operatingIncome,otherOperatingExpense,interestExpense,taxProvision,interestIncome,netInterestIncome,extraordinaryItems,nonRecurring,otherItems,incomeTaxExpense,totalOtherIncomeExpense,discontinuedOperations,netIncomeFromContinuingOperations,netIncomeApplicableToCommonShares,preferredStockAndOtherAdjustments,reportedCurrency_y,totalAssets,intangibleAssets,earningAssets,otherCurrentAssets,totalLiabilities,totalShareholderEquity,deferredLongTermLiabilities,otherCurrentLiabilities,commonStock,retainedEarnings,otherLiabilities,goodwill,otherAssets,cash,totalCurrentLiabilities,shortTermDebt,currentLongTermDebt,otherShareholderEquity,propertyPlantEquipment,totalCurrentAssets,longTermInvestments,netTangibleAssets,shortTermInvestments,netReceivables,longTermDebt,inventory,accountsPayable,totalPermanentEquity,additionalPaidInCapital,commonStockTotalEquity,preferredStockTotalEquity,retainedEarningsTotalEquity,treasuryStock,accumulatedAmortization,otherNonCurrrentAssets,deferredLongTermAssetCharges,totalNonCurrentAssets,capitalLeaseObligations,totalLongTermDebt,otherNonCurrentLiabilities,totalNonCurrentLiabilities,negativeGoodwill,warrants,preferredStockRedeemable,capitalSurplus,liabilitiesAndShareholderEquity,cashAndShortTermInvestments,accumulatedDepreciation,commonStockSharesOutstanding,reportedCurrency,investments,changeInLiabilities,cashflowFromInvestment,otherCashflowFromInvestment,netBorrowings,cashflowFromFinancing,otherCashflowFromFinancing,changeInOperatingActivities,netIncome_y,changeInCash,operatingCashflow,otherOperatingCashflow,depreciation,dividendPayout,stockSaleAndPurchase,changeInInventory,changeInAccountReceivables,changeInNetIncome,capitalExpenditures,changeInReceivables,changeInExchangeRate,changeInCashAndCashEquivalents,clossingVal,nextClossingVal
0,2020-06-30,USD,0,2144043,None,None,-2117725,-2146550,1274837,None,-2146550,None,869206,None,-2144043,None,406,None,None,-406,None,None,None,None,-2101,None,-2146550,-2146550,None,USD,5353221,None,None,None,2324051,3029170,None,None,1010,-240969630,None,None,8435,4085305,2187000,None,107606,2074,119634,5214429,10723,3029170,468218,None,137051,None,1555038,None,None,None,None,None,None,None,8435,None,138792,117416,None,None,137051,None,None,None,None,None,None,None,None,USD,20241,-426461,20241,None,244657,1935321,None,-30743,-2146550,-273374,-2228936,None,28419,None,None,None,255238,91161,0,None,None,None,0.905,
1,2020-03-31,USD,0,-2665485,None,None,2656266,2654644,-1342526,None,2656266,None,-1322959,-9219,2665485,None,None,None,None,None,None,None,None,None,10841,None,2656266,2654644,None,USD,5954846,None,None,941144,2536194,3418652,None,None,801,-238823080,None,None,8435,4358679,2505451,None,None,-1164,5446,5798358,None,3418652,498535,None,None,None,2505451,None,None,801,None,-238823080,None,None,151042,None,156488,145093,None,30743,30743,None,None,None,242242095,5954846,4857214,None,8008243,USD,-6330,-56581,-6330,-6330,244657,2130045,None,-29636,-2654644,-547314,-2671029,-85192,28012,None,2130045,None,-85192,97376,0,None,None,-547314,0.5717,0.905
2,2019-12-31,USD,0,14297112,None,None,-13996246,-13997049,5520158,None,-13996246,None,8776954,300866,-14297112,None,None,None,None,None,None,None,None,None,21740,None,-13996246,-13997049,None,USD,6365271,None,None,780952,2592774,3772497,None,None,674,-236168436,None,None,8435,4905993,2532395,None,None,458,6559,6180829,None,3772493,493884,None,None,None,2532395,None,None,674,4,-236168436,None,None,177883,None,184442,171732,None,60379,60379,None,None,None,239939797,6365271,5399877,None,6741860,USD,-16747,1355317,-16747,1920,244657,0,None,-25870,-2791677,-1743004,-1726257,-379896,28176,None,96500,None,-379896,61823,3570,None,None,-1743004,1.41,0.5717
3,2019-09-30,USD,0,-2260413,None,None,2224664,2223704,-916984,None,2224664,None,-1343429,-35749,2260413,None,None,None,None,None,None,None,None,None,36709,None,2224664,2223704,None,USD,7774001,None,None,434390,1237456,6536545,None,None,674,-233376759,None,None,8435,6648997,1129035,None,None,1319,7868,7561930,None,6536541,478543,None,None,None,1129035,None,None,674,4,-233376759,None,None,204203,None,212071,197603,None,108421,108421,None,None,None,239911307,7774001,7127540,None,6741860,USD,24105,193819,24105,18670,244657,0,None,-25360,-2223704,-1758235,-1782340,114470,25643,None,96500,None,114470,107432,3570,None,None,-1758235,1.2,1.41
4,2019-06-30,USD,0,-1819659,None,None,1761063,1761537,-649254,None,1761063,None,-1170405,-58596,1819659,None,None,None,None,None,None,None,None,None,58122,None,1761063,1761537,None,USD,9664080,None,None,515526,1043636,8620444,None,None,667,-231153055,None,None,8435,8407232,938089,None,None,2279,9177,9424890,None,8620440,502132,None,None,None,938089,None,None,667,4,-231153055,None,None,230013,None,239190,222963,None,105547,105547,None,None,None,239770549,9664080,8909364,None,6670431,USD,-204,-73269,-204,-5440,None,0,None,-24860,-1761537,-1914973,-1914769,-148397,26768,None,96500,None,-148397,41666,3570,None,None,-1914973,1.38,1.2
5,2019-03-31,USD,0,-1661776,None,None,1616156,1617445,-482767,None,1616156,None,-1179009,-45620,1661776,None,None,None,None,None,None,None,None,None,44331,None,1616156,1617445,None,USD,11456745,None,None,367129,1116905,10339840,None,None,615,-229391518,None,None,8440,10322205,1014175,145093,145093,1805,10462,11190961,None,10339785,501627,None,102730,None,1014175,None,None,615,55,-229391518,None,None,255322,None,265784,247823,None,102730,102730,None,None,None,239728883,11456745,10823832,None,6154434,USD,-5231,-692802,-8805,-5230,None,96500,None,-23887,-1617445,-2045116,-2132811,91157,25462,None,96500,None,91157,60817,3574,None,None,-2045116,2.02,1.38
6,2018-12-31,USD,0,11559414,0,0,-11395659,-18726263,1971667,0,-11395659,0,9587747,163755,-11559414,0,150574,None,None,None,0,0,0,0,-34085,0,-11395659,-18726263,None,USD,13337200,None,None,458286,1565669,11771531,None,None,379,-227801743,None,None,8435,12367321,1565669,None,None,516,8525,13320240,None,11771246,494633,None,None,None,1565669,None,None,379,285,-227801743,None,None,8435,None,16960,None,None,None,None,None,None,None,239572094,13337200,12861954,None,3792249,USD,1312393,1068886,1310605,7362390,None,8907174,None,-23887,-9561836,9020138,-1197641,7132082,10379,None,8907174,None,-198522,152848,1788,None,None,9020138,1.21,2.02
7,2018-09-30,USD,0,-1554205,0,0,1530805,1530805,-362628,0,1530805,0,-1191577,-23400,1554205,0,0,None,None,None,0,0,0,0,23400,0,1530805,1530805,None,USD,5454119,0,None,284857,516158,4937961,0,19376,147,-218081498,None,0,8435,3347183,516158,None,None,-9981,8178,5141157,296349,4937961,1509117,None,0,0,496782,0,0,147,0,-218081498,0,None,8435,None,312962,None,None,None,None,None,None,None,223029293,5454119,4856300,None,1465496,USD,1000000,-7598,1000000,0,None,8907174,None,-23887,-1530805,-555695,-1555695,42790,4828,0,0,0,42790,-64910,1788,None,None,-555695,5.26,1.21
8,2018-06-30,USD,0,-1888875,0,0,1871415,1871415,-311151,0,1871415,0,-1577724,-17460,1888875,0,0,None,None,None,0,0,0,0,17460,0,1871415,1871415,None,USD,7025827,0,None,263270,792791,6233036,0,24551,145,-216550693,None,0,8435,3902878,792791,None,None,-16495,10310,6709704,297378,6233036,2504270,39286,0,0,768240,0,0,145,0,-216550693,0,None,8435,None,316123,None,None,None,None,None,None,None,222800079,7025827,6407148,None,1453676,USD,2100000,352900,2097298,0,None,8907174,None,-23887,-1871414,909638,-1187660,73270,35652,0,0,0,73270,221932,2702,None,None,909638,6.31,5.26
9,2018-03-31,USD,0,-1223054,0,0,1179994,1179994,-58588,0,1179994,0,-1164466,-43060,1223054,0,-150574,None,None,None,0,0,0,0,43060,0,1179994,1179994,None,USD,8311856,0,None,336540,311039,8000817,0,20700,145,-214679279,None,0,8435,2993240,311039,None,None,-27050,10476,6993278,1299667,8000817,3624212,39286,0,0,290339,0,0,145,0,-214679279,0,None,8435,None,1318578,None,None,None,None,None,None,None,222707001,8311856,6617452,None,1453676,USD,2950000,-684831,2946895,0,None,8907174,None,None,-1179994,1388430,-1558465,-40143,49668,0,0,0,-40143,296835,3105,None,None,1388430,5.47,6.31
10,2017-12-31,USD,0,10031801,0,0,-9784461,-9784461,2952791,0,-9784461,0,7079010,247340,-10031801,0,0,None,None,None,0,0,0,0,366216,0,-9784461,-9784461,None,USD,9890701,0,None,285512,1008840,8881861,0,33673,141,-213499285,None,0,1818000,1604810,1008840,None,None,-16193,9945,8062893,1809428,8881861,6122400,50171,0,0,975167,0,0,141,0,-213499285,0,None,8435,None,1827808,None,None,None,None,None,None,None,222397198,9890701,7727210,None,1411840,USD,1122999,172693,1122998,0,None,8907174,None,None,-1343733,-159073,-1282071,-212746,32326,0,0,0,1110272,69389,1,None,None,-159073,0.49,5.47
11,2017-09-30,USD,0,-1310420,0,0,1234194,1234194,-253973,0,1234194,0,-1056447,-76226,1310420,0,0,None,None,None,0,0,0,0,0,0,1234194,1234194,None,USD,11002873,0,None,103960,838552,10164321,0,36078,2824,-212155552,None,0,2327000,1763883,838552,None,None,-5749,13043,8663210,2323858,10164321,6770718,24649,0,0,802474,0,0,2824,0,-212155552,0,None,2762,None,2339663,None,None,None,None,None,None,None,222322798,11002873,8534601,None,28236546,USD,757393,-1308475,756129,0,None,0,None,None,-1234194,-469803,-1225932,1176389,47571,0,0,0,0,92777,1264,None,None,-469803,0.361,0.49
12,2017-06-30,USD,0,-3014369,0,0,2986170,2986170,-1222933,0,2986170,0,-1791436,-28199,3014369,0,0,None,None,None,0,0,0,0,0,0,2986170,2986170,None,USD,13448998,0,None,176326,2183106,11265892,0,72157,2824,-210921358,None,0,4437000,2233686,2183106,None,None,-9515,14921,8997315,3329977,11265892,6562654,24649,0,0,2110949,0,0,2824,0,-210921358,0,None,1106785,None,4451683,None,None,None,None,None,None,None,222193941,13448998,8796340,None,28236546,USD,800501,-2875064,800501,0,None,0,None,None,-2986170,-4794717,-5595218,63033,50080,0,0,0,0,152903,3000,None,None,-4794717,0.7391,0.361
13,2017-03-31,USD,0,3498886,0,0,-3275585,-3275585,2051432,0,-3275585,0,1447454,223301,-3498886,0,0,None,None,None,0,0,0,0,0,0,-3275585,-3275585,None,USD,19154669,0,None,239360,5041333,14113336,0,55320,2824,-207935188,None,0,6349000,7028403,5041333,None,None,-12175,18345,12787780,5241759,14113336,5495368,24649,0,0,4986013,0,0,2824,0,-207935188,0,None,1106785,None,6366889,None,None,None,None,None,None,None,222057875,19154669,12523771,None,28236494,USD,1073016,-987132,1069744,0,None,0,None,None,-3275585,-2967552,-4037296,83596,71157,0,0,0,0,70668,3272,None,None,-2967552,0.5625,0.7391
14,2016-12-31,USD,0,37773608,0,0,-37609482,-29647382,2529770,0,-37609482,0,1978738,164126,-37773608,0,2337,None,None,None,0,33265100,0,-7962100,-32656365,0,-29647382,58200426,None,USD,23340175,22000000,None,275005,6199237,17140938,0,226092,2812,-204659603,None,11265100,9693000,9995955,6199237,None,None,-18718,19105,13628175,8586110,17140938,3284616,72599,0,0,5973145,0,0,2812,0,-204659603,0,None,1106785,None,9712000,None,None,None,None,None,None,None,221816447,23340175,13280571,None,28120021,USD,12378872,1226393,12378872,0,None,8907174,None,None,-29647384,9273803,-3105069,-158804,92126,0,0,0,23801,25382600,3000,None,None,9273803,1.95,0.5625
15,2016-09-30,USD,0,4500566,0,0,-4273652,-4273652,3234686,0,-4273652,0,1265880,226914,-4500566,0,-2231,None,None,None,0,0,0,0,0,0,-4273652,-4273652,None,USD,59711928,22000000,None,116201,13019128,46692800,7962100,310275,2812,-175012219,None,11265100,52021000,722152,5057028,None,None,49543,23526,7667083,17649434,13427700,6756130,72600,0,0,4746753,0,0,2812,0,-175012219,0,None,1106785,None,52044845,None,None,None,7962100,None,None,None,221652664,59711928,7478282,None,28119934,USD,2999999,-160516,3074999,75000,None,-150760,None,None,-4273652,-1205873,-4280872,34695,141707,0,0,0,0,-23106,3000,None,None,-1205873,2.315,1.95
16,2016-06-30,USD,0,4671235,0,0,-4641208,-4641208,3431591,0,-4641208,0,1239644,30027,-4671235,0,1401,None,None,None,0,0,0,0,0,0,-4641208,-4641208,None,USD,64134138,22000000,None,198848,13239774,50894364,7962100,370405,2812,-170738567,None,11265100,53930000,1928025,5277674,None,None,88867,28959,10175362,19557932,17629264,8023841,24648,0,0,4907269,0,0,2812,0,-170738567,0,None,1106785,None,53958776,None,None,None,7962100,None,None,None,221541252,64134138,9951866,None,28119847,USD,3831000,-1044208,3831000,0,None,-102551,None,None,-4641206,-1334493,-5165493,102611,215992,0,0,0,0,201318,3000,None,None,-1334493,2.56,2.315
17,2016-03-31,USD,0,5705330,0,0,-5361662,-5361662,3943634,0,-5361662,0,1761696,343668,-5705330,0,0,None,None,None,0,0,0,0,0,0,-5361662,-5361662,None,USD,69540162,22000000,None,276810,14207015,55333147,7962100,293438,2812,-166097361,None,11265100,53406000,3262518,6244915,None,None,10795,34033,16099635,19034609,22068047,12511010,49297,0,0,5951477,0,0,2812,0,-166097361,0,None,1106785,None,53440527,None,None,None,7962100,None,None,None,221416901,69540162,15773528,None,28119771,USD,2924815,1874187,2921931,0,None,0,None,None,-5361662,-397935,-3319866,45299,221988,0,0,0,0,-99678,2884,None,None,-397935,2.05,2.56
18,2016-01-31,USD,None,37773608,None,None,-37609482,-29647382,2529770,None,-37609482,None,1978738,164126,-37773608,None,None,None,None,None,None,33265100,None,-7962100,None,None,-29647382,58200426,None,USD,23340175,None,None,275005,6199237,17140938,None,226092,2812,-204659603,None,None,None,9995955,6199237,None,None,-18718,19105,13628175,8586110,17140938,3284616,72599,None,None,5973145,None,None,2812,None,-204659603,None,None,1106785,None,9712000,None,None,None,None,None,None,None,221816447,23340175,13280571,None,None,USD,12378872,1226393,12378872,None,None,None,None,None,-29647384,9273803,-3105069,-158804,92126,None,None,None,None,25382600,0,None,None,9273803,2.63,2.05
19,2015-12-31,USD,0,-25210251,9727301,-9727301,25062393,-15101946,10465681,0,-15101946,0,2174947,None,-15638247,0,-3261,None,None,None,0,-3104589,0,0,536300,0,27143490,27143490,None,USD,72987078,22000000,None,322000,12563730,60423348,None,524340,2812,-160735699,7962100,11265100,1106785,3660453,4601630,None,None,-129442,35786,20560353,18019054,27158248,16528494,49448,None,None,972483,None,None,None,None,None,None,None,None,None,None,None,None,None,None,None,None,None,None,None,None,None,1000000,USD,7202130,349026,7177098,None,-150240,-150240,None,None,-15101946,-6399057,-13425915,None,46836,None,None,None,19796,1260374,25032,None,None,None,3.28,2.63
