,fiscalDateEnding,reportedCurrency_x,totalRevenue,totalOperatingExpense,costOfRevenue,grossProfit,ebit,netIncome_x,researchAndDevelopment,effectOfAccountingCharges,incomeBeforeTax,minorityInterest,sellingGeneralAdministrative,otherNonOperatingIncome,operatingIncome,otherOperatingExpense,interestExpense,taxProvision,interestIncome,netInterestIncome,extraordinaryItems,nonRecurring,otherItems,incomeTaxExpense,totalOtherIncomeExpense,discontinuedOperations,netIncomeFromContinuingOperations,netIncomeApplicableToCommonShares,preferredStockAndOtherAdjustments,reportedCurrency_y,totalAssets,intangibleAssets,earningAssets,otherCurrentAssets,totalLiabilities,totalShareholderEquity,deferredLongTermLiabilities,otherCurrentLiabilities,commonStock,retainedEarnings,otherLiabilities,goodwill,otherAssets,cash,totalCurrentLiabilities,shortTermDebt,currentLongTermDebt,otherShareholderEquity,propertyPlantEquipment,totalCurrentAssets,longTermInvestments,netTangibleAssets,shortTermInvestments,netReceivables,longTermDebt,inventory,accountsPayable,totalPermanentEquity,additionalPaidInCapital,commonStockTotalEquity,preferredStockTotalEquity,retainedEarningsTotalEquity,treasuryStock,accumulatedAmortization,otherNonCurrrentAssets,deferredLongTermAssetCharges,totalNonCurrentAssets,capitalLeaseObligations,totalLongTermDebt,otherNonCurrentLiabilities,totalNonCurrentLiabilities,negativeGoodwill,warrants,preferredStockRedeemable,capitalSurplus,liabilitiesAndShareholderEquity,cashAndShortTermInvestments,accumulatedDepreciation,commonStockSharesOutstanding,reportedCurrency,investments,changeInLiabilities,cashflowFromInvestment,otherCashflowFromInvestment,netBorrowings,cashflowFromFinancing,otherCashflowFromFinancing,changeInOperatingActivities,netIncome_y,changeInCash,operatingCashflow,otherOperatingCashflow,depreciation,dividendPayout,stockSaleAndPurchase,changeInInventory,changeInAccountReceivables,changeInNetIncome,capitalExpenditures,changeInReceivables,changeInExchangeRate,changeInCashAndCashEquivalents,clossingVal,nextClossingVal
0,2020-06-30,USD,38000,50883000,None,38000,-50656000,-52884000,36449000,None,-52884000,None,14434000,189000,-50845000,None,2228000,None,None,-2228000,None,None,None,None,189000,None,-52884000,-52884000,None,USD,294621000,None,None,5368000,100394000,194227000,686000,27227000,127000,-805215000,686000,799000,3412000,260512000,67537000,7200000,7200000,None,331000,280938000,None,193428000,15058000,None,22233000,None,33110000,None,None,127000,None,-805215000,-234000,None,12553000,None,13683000,11593000,22233000,9938000,32857000,None,None,None,999549000,294621000,275570000,None,126649205,USD,11205000,-3512000,11205000,11250000,None,241092000,None,-44000,-52884000,208463000,-43834000,4722000,297000,None,241092000,None,None,7542000,45000,1000,None,208463000,19.48,
1,2020-03-31,USD,38000,50283000,None,38000,-49915000,-51116000,36022000,None,-51116000,None,14261000,330000,-50245000,None,1201000,None,-1201000,-1201000,None,None,None,None,330000,None,-51116000,-51116000,None,USD,101849000,None,None,9681000,103202000,-1353000,724000,30847000,110000,-752332000,724000,799000,3420000,52051000,63118000,None,None,None,320000,88016000,None,-2152000,26284000,None,29201000,None,32271000,None,None,110000,None,-752332000,-234000,None,12714000,None,13833000,11761000,29201000,10159000,40084000,None,None,None,751103000,101849000,78335000,None,110167984,USD,1450000,-23302000,1450000,1518000,None,81000,None,-22714000,-51116000,-60584000,-62115000,944000,271000,None,81000,None,None,11048000,68000,40000,None,-60584000,9.84,19.48
2,2019-12-31,USD,38000,230961000,None,38000,-108656000,-112406000,212646000,None,-112406000,None,18315000,393000,-109049000,None,3750000,None,-1899000,-1899000,None,None,None,None,288000,None,-112406000,-112406000,None,USD,163014000,None,None,8716000,124399000,38615000,762000,50610000,109000,-701216000,762000,799000,3380000,112637000,84449000,190000,190000,None,282000,149151000,None,37816000,27798000,None,28970000,None,33839000,None,None,109000,None,-701216000,-234000,None,12782000,None,13863000,11834000,28970000,10218000,39950000,None,None,None,739956000,163014000,140435000,None,109383934,USD,4000,3448000,4000,-23087000,-3000,98354000,-315000,3602000,-39572000,67965000,-30393000,4219000,258000,None,98357000,None,None,5773000,34000,-21000,None,67965000,11.1,9.84
3,2019-09-30,USD,38000,-60899000,None,38000,-60393000,-61930000,-57985000,None,-61930000,None,-2914000,468000,-60861000,None,1537000,None,-1537000,-1537000,None,None,None,None,468000,None,-61930000,-61930000,None,USD,93327000,None,None,7904000,119118000,-25791000,800000,45400000,97000,-661643000,800000,799000,3405000,44675000,80197000,95000,95000,None,275000,80355000,None,-26590000,27776000,None,28741000,None,34797000,None,None,97000,None,-661643000,-234000,None,9741000,None,10815000,10745000,28741000,9380000,38921000,None,None,None,635989000,93327000,72451000,None,96628888,USD,-23125000,23869000,-44000,23146000,-4000,20695000,-315000,23638000,-204667000,-12551000,-33202000,-2039000,334000,None,20699000,None,None,2047000,65000,None,None,-12551000,5.615,11.1
4,2019-06-30,USD,38000,-35582000,None,38000,36621000,36621000,-32866000,None,36621000,None,-2716000,1077000,35544000,None,1077000,None,-1077000,-1077000,None,None,None,None,408000,None,36621000,36621000,None,USD,106585000,None,None,9465000,93380000,1212631000,838000,22761000,93000,599713000,838000,799000,3449000,57228000,55967000,145000,145000,None,237000,94441000,None,12406000,27748000,None,28513000,None,33206000,None,None,93000,None,599713000,-234000,None,11108000,None,12144000,9345000,28513000,8062000,37413000,None,None,None,613059000,106585000,84976000,None,93363939,USD,457000,-5364000,457000,475000,-3000,28284000,58000,5640000,106524000,-7119000,-35860000,3869000,180000,None,28287000,None,None,1691000,18000,-4000,None,-7119000,8.65,5.615
5,2019-03-31,USD,38000,34727000,None,38000,-35156000,-35156000,32385000,None,-35156000,None,2342000,-467000,-34689000,None,-1077000,None,-774000,149000,None,None,None,None,-616000,None,-35156000,-35156000,None,USD,117538000,None,None,12584000,98284000,19254000,876000,19887000,89000,-563501000,876000,799000,1244000,64349000,60940000,133000,133000,None,241000,105058000,None,18455000,28125000,None,28286000,None,41053000,None,None,89000,None,-563501000,-234000,None,11440000,None,12480000,9443000,28286000,8182000,37344000,None,None,None,582900000,117538000,92474000,None,88540918,USD,-1135000,1853000,-1135000,-1121000,29202000,56880000,-538000,-2789000,-35156000,22394000,-33351000,-2035000,25000,None,27678000,None,None,1948000,14000,14000,None,22394000,8.04,8.65
6,2018-12-31,USD,38000,55188000,0,38000,-53860000,-53860000,52275000,0,-53860000,0,1913000,290000,-54150000,0,-1077000,None,None,None,0,0,0,0,290000,0,-53860000,-53860000,None,USD,83616000,None,None,10130000,59580000,24036000,2376000,152000,84000,-528345000,20726000,799000,3535000,41958000,38854000,67000,67000,None,251000,79031000,None,23237000,26848000,95000,None,None,38635000,None,None,84000,None,-528345000,-234000,None,3535000,None,4585000,None,None,18350000,20726000,None,None,None,552531000,83616000,68806000,None,83870546,USD,244000,16948000,238000,244000,29740000,4694000,-538000,20182000,-53860000,-28758000,-33690000,1846000,-44000,None,4694000,None,None,1434000,6000,-14000,None,-28758000,4.1,8.04
7,2018-09-30,USD,38000,34366000,34343000,38000,-33951000,-33951000,33398000,0,-33951000,0,968000,377000,-34328000,0,-1077000,None,None,None,0,0,0,0,377000,0,-33951000,-33951000,None,USD,114374000,799000,None,11915000,42630000,71744000,2388000,152000,83000,-474485000,2388000,799000,3570000,70718000,40242000,91000,91000,None,268000,109737000,None,70945000,27024000,80000,0,0,39999000,0,546380000,83000,0,-474485000,-234000,None,3570000,None,4637000,None,None,None,2388000,None,None,None,546380000,114374000,97742000,None,82932023,USD,-6409000,3385000,-6435000,-6409000,29740000,4492000,-538000,-2132000,-33951000,-34952000,-33009000,-2138000,-19000,0,4492000,0,28000,-292000,26000,6000,None,-34952000,5.6,4.1
8,2018-06-30,USD,38000,44383000,44362000,38000,-44142000,-44142000,38700000,0,-44142000,0,5683000,203000,-44345000,0,0,None,None,None,0,0,0,0,203000,0,-44142000,-44142000,None,USD,140715000,799000,None,9706000,39339000,101376000,2401000,152000,82000,-440534000,2401000,799000,3613000,105672000,36938000,210000,210000,None,265000,136038000,None,100577000,20573000,87000,0,0,36576000,0,542062000,82000,0,-440534000,-234000,None,3613000,None,4677000,None,None,None,2401000,None,None,None,542062000,140715000,126245000,None,82498108,USD,5619000,3568000,5585000,5619000,29740000,52023000,-538000,-1869000,-44142000,23425000,-34183000,2139000,10000,0,52023000,0,22000,4250000,34000,-8000,None,23425000,13.15,5.6
9,2018-03-31,USD,38000,40615000,41595000,38000,-41529000,-41529000,35018000,0,-41529000,0,6597000,48000,-41577000,0,0,None,None,None,0,0,0,0,48000,0,-41529000,-41529000,None,USD,120994000,799000,None,7802000,35762000,85232000,2417000,152000,77000,-396392000,2417000,799000,2985000,82896000,33345000,224000,224000,None,252000,116958000,None,84433000,26181000,79000,0,0,32969000,0,481781000,77000,0,-396392000,-234000,None,2985000,None,4036000,None,None,None,2417000,None,None,None,481781000,120994000,109077000,None,77093374,USD,1816000,5254000,1792000,1816000,None,52430000,None,777000,-41529000,26179000,-28043000,747000,22000,0,52430000,0,30000,7433000,24000,30000,None,26179000,14.2,13.15
10,2017-12-31,USD,38095,31072826,31052000,38095,-30859767,-30859767,25996108,0,-30859767,0,5076718,174964,-31034731,0,0,None,None,None,0,0,0,0,265937,0,-30859767,-30859767,None,USD,97381536,800000,None,8492275,30388481,66993055,2431268,152381,73182,-354862832,2432000,799391,3817000,56717847,27957213,127614,128000,None,248020,93317400,None,66193664,27998810,108468,0,0,27677218,0,422017042,73182,0,-354862832,-234337,None,3016725,None,4064136,None,None,None,2431268,None,None,None,422017042,97381536,84716657,None,73140441,USD,-8206000,8315775,-28006270,-28006270,None,14737079,None,-2299000,-30859767,-35124320,-21855129,-2745911,27806,0,14737079,0,0,3515436,2000,-108468,None,-35124320,8.2,14.2
11,2017-09-30,USD,38096,31623323,31602000,38096,-31535652,-31535652,27149050,0,-31535652,0,4474273,49575,-31585227,0,0,None,None,None,0,0,0,0,-154318,0,-31535652,-31535652,None,USD,101781514,800000,None,5819129,22235748,79545766,2446134,152381,70694,-324003065,2446000,799391,3852000,91842167,19789614,182156,182156,None,268366,97661296,None,78746375,0,None,0,0,19455077,0,403712474,70694,0,-324003065,-234337,None,3052461,None,4120218,None,None,None,2446134,None,None,None,403712474,101781514,91842167,None,70652267,USD,8800000,-439846,8800000,8800000,None,28216277,None,4249445,-31535652,14239804,-22776473,4206155,29869,0,28216277,0,84000,4919711,2000,43290,None,14239804,11.85,8.2
12,2017-06-30,USD,38095,28463466,28442000,38095,-28353084,-28353084,26705799,0,-28353084,0,1757667,72287,-28425371,0,0,None,None,None,0,0,0,0,124381,0,-28353084,-28353084,None,USD,101197751,800000,None,10589894,23222733,77975018,2464037,152381,68127,-292467413,2464000,799391,3865000,77602363,20758696,152568,152568,None,289305,97044477,None,77175627,8808930,43290,0,0,20453747,0,370608641,68127,0,-292467413,-234337,None,3064578,None,4153274,None,None,None,2464037,None,None,None,370608641,101197751,86411293,None,68085893,USD,5000000,478093,4997773,5000000,None,3796614,None,-457300,-28353084,-18035209,-26829596,-436834,35056,0,3796614,0,41000,1467639,2227,-20466,None,-18035209,10.05,11.85
13,2017-03-31,USD,38095,27704517,27685000,38095,-27727509,-27727509,22681893,0,-27727509,0,5022624,-61087,-27666422,0,0,None,None,None,0,0,0,0,0,0,-27727509,-27727509,None,USD,123256432,799000,None,9480090,22214673,101041759,2488016,152381,66817,-264114329,2487000,799391,3984000,95637572,19726657,174657,174657,None,307732,118963818,None,100242368,13823332,22824,0,0,19399619,0,365323608,66817,0,-264114329,-234337,None,3185491,None,4292614,None,None,None,2488016,None,None,None,365323608,123256432,109460904,None,66775146,USD,6000000,2513631,6000000,6000000,None,86908656,None,-3301695,-27727509,70606292,-22302364,-3301695,50944,0,86908656,0,61000,6101237,0,61028,None,70606292,11.65,10.05
14,2016-12-31,USD,38095,24066153,24045000,38095,-24348842,-23674143,22283347,0,-23674143,0,1782806,-320784,-24028058,0,9218,None,None,None,0,0,0,0,745937,0,-23674143,-23674143,None,USD,54781547,800000,None,5895152,18913745,35867802,2035305,152381,56820,-236386820,2036000,799391,3590000,25031280,16878440,68875,68875,None,328148,50864144,None,35068411,19853860,83852,0,0,16657184,0,272432139,56820,0,-236386820,-234337,None,2789864,None,3917403,None,None,None,2035305,None,None,None,272432139,54781547,44885140,None,56779114,USD,26889000,7334,11479030,11500000,-3522,1420796,-13000,2436000,-23674143,-4125241,-17025067,5222120,112252,0,1424318,0,102000,1282764,20970,24606,None,-4125241,4.65,11.65
15,2016-09-30,USD,38096,24963567,24944000,38096,-24619489,-24831027,21797756,0,-24831027,0,3165811,305982,-24925471,0,211538,None,None,None,0,0,0,-300000,-154318,0,-24831027,-24831027,None,USD,75687094,799000,None,10621779,18932373,56754721,2051111,152381,54766,-212712677,2051000,799391,4027000,29156521,16881262,117126,117126,6,327674,71332374,None,55955330,31445616,108458,0,0,16611755,0,269646963,54766,0,-212712677,-234337,None,3227655,None,4354720,None,None,None,2051111,None,None,None,269646963,75687094,60602137,None,54724581,USD,12589219,2697108,15576260,3000000,-5995,44630,None,4106166,-24831027,578689,-15042201,4106166,132686,0,50625,0,78000,2827558,12959,25308,None,578689,7.74,4.65
16,2016-06-30,USD,38095,16061538,16044000,38095,-15678306,-15899062,13533731,0,-15899062,0,2527807,345137,-16023443,0,220756,None,None,None,0,0,0,300000,124381,0,-15899062,-15899062,None,USD,94797540,799000,None,15159763,16096455,78701085,1976958,152381,54498,-187881650,1978000,799391,24913000,28577832,14119497,90564,90564,6,333859,69551680,21435015,77901694,25680319,133766,0,0,13876552,0,266762568,54498,0,-187881650,-234337,None,2677595,None,25245860,None,None,None,1976958,None,None,None,266762568,94797540,54258151,None,54456623,USD,1441348,5249891,1413553,1441348,4011,3536380,None,-3991077,-15899062,-7900588,-12850521,-3991077,142742,0,3532369,0,52000,1616645,27795,30340,None,-7900588,6.06,7.74
17,2016-03-31,USD,38095,14030251,14025000,38095,-13606257,-13848662,11617340,0,-13848662,0,2412911,385899,-13992156,0,242405,None,None,None,0,0,0,0,0,0,-13848662,-13848662,None,USD,100062519,799000,None,11709960,10616751,89445768,1722887,152381,54119,-171982588,1723000,799391,29163000,36478420,8893864,152917,152917,6,323003,70576744,26458226,88646377,22224258,164106,0,0,8588566,0,0,54119,0,-171982588,-234337,None,1905155,None,29485775,None,None,None,1722887,None,None,None,261608568,100062519,58702678,None,54077413,USD,-1641270,-1614070,-1923531,-1641270,-8000,14163,None,-3007766,-13848662,-18582909,-16673541,-3007766,134709,0,22163,0,22000,1640333,282261,21915,None,-18582909,8.52,6.06
18,2015-12-31,USD,38095,17678096,17673000,38095,-17369786,-17611812,15254222,0,-17611812,0,2423874,270215,-17640001,0,242026,None,None,None,0,0,0,0,231370,0,-17611812,-17611812,None,USD,113473201,799000,None,9459469,11899899,101573302,1371429,152381,54095,-158133926,1372000,799391,26553000,55061329,10528470,211549,211549,6,47122,86873331,25003032,100773911,22166512,186021,0,0,10164540,0,0,54095,0,-158133926,-234337,None,750325,None,26599870,None,None,None,1371429,None,None,None,259887464,113473201,77227841,None,54053801,USD,-24643652,774692,2478462,2461485,-35766,21588,-104170,-3252129,-17611812,-10400611,-12900661,906606,163498,0,57354,0,0,2893849,16977,-27494,None,-10400611,11.93,8.52
19,2015-09-30,USD,38096,13863680,13859000,38096,-13409389,-13655916,11574002,0,-13655916,0,2289678,416195,-13825584,0,246527,None,None,None,0,0,0,0,0,0,-13655916,-13655916,None,USD,127407138,799000,None,10408811,11095326,116311812,1409524,152381,52558,-140522114,1409000,799391,22608000,65461940,9685802,181668,None,6,69225,104730487,21088192,115512421,28701209,158527,0,0,9351753,0,0,52558,0,-140522114,-234337,None,719843,None,22676651,None,None,None,1409524,None,None,None,257015699,127407138,94163149,None,52516908,USD,None,601266,76574,-18208867,-48967,15744012,None,None,-13655916,5161854,-10658732,1060908,176882,0,15792979,0,0,1126342,38914,31786,None,5161854,10.08,11.93
