,fiscalDateEnding,reportedCurrency_x,totalRevenue,totalOperatingExpense,costOfRevenue,grossProfit,ebit,netIncome_x,researchAndDevelopment,effectOfAccountingCharges,incomeBeforeTax,minorityInterest,sellingGeneralAdministrative,otherNonOperatingIncome,operatingIncome,otherOperatingExpense,interestExpense,taxProvision,interestIncome,netInterestIncome,extraordinaryItems,nonRecurring,otherItems,incomeTaxExpense,totalOtherIncomeExpense,discontinuedOperations,netIncomeFromContinuingOperations,netIncomeApplicableToCommonShares,preferredStockAndOtherAdjustments,reportedCurrency_y,totalAssets,intangibleAssets,earningAssets,otherCurrentAssets,totalLiabilities,totalShareholderEquity,deferredLongTermLiabilities,otherCurrentLiabilities,commonStock,retainedEarnings,otherLiabilities,goodwill,otherAssets,cash,totalCurrentLiabilities,shortTermDebt,currentLongTermDebt,otherShareholderEquity,propertyPlantEquipment,totalCurrentAssets,longTermInvestments,netTangibleAssets,shortTermInvestments,netReceivables,longTermDebt,inventory,accountsPayable,totalPermanentEquity,additionalPaidInCapital,commonStockTotalEquity,preferredStockTotalEquity,retainedEarningsTotalEquity,treasuryStock,accumulatedAmortization,otherNonCurrrentAssets,deferredLongTermAssetCharges,totalNonCurrentAssets,capitalLeaseObligations,totalLongTermDebt,otherNonCurrentLiabilities,totalNonCurrentLiabilities,negativeGoodwill,warrants,preferredStockRedeemable,capitalSurplus,liabilitiesAndShareholderEquity,cashAndShortTermInvestments,accumulatedDepreciation,commonStockSharesOutstanding,reportedCurrency,investments,changeInLiabilities,cashflowFromInvestment,otherCashflowFromInvestment,netBorrowings,cashflowFromFinancing,otherCashflowFromFinancing,changeInOperatingActivities,netIncome_y,changeInCash,operatingCashflow,otherOperatingCashflow,depreciation,dividendPayout,stockSaleAndPurchase,changeInInventory,changeInAccountReceivables,changeInNetIncome,capitalExpenditures,changeInReceivables,changeInExchangeRate,changeInCashAndCashEquivalents,clossingVal,nextClossingVal
0,2020-06-30,USD,41706000,26883000,None,41706000,14823000,11924000,None,None,14823000,None,26883000,None,14823000,7676000,3361000,2899000,39256000,35895000,None,None,None,-2899000,None,None,17722000,11924000,None,USD,4368112000,9829000,None,None,3777828000,590284000,None,3569893000,2006000,509029000,73905000,78592000,2895897000,386507000,3569893000,None,100096000,9515000,63270000,1311145000,2757375000,501863000,907433000,17205000,28117000,None,None,None,None,2006000,None,509029000,-70369000,None,147901000,None,3056967000,None,None,207935000,207935000,None,None,None,140103000,4368112000,1293940000,None,13714524,USD,-127068000,0,-127267000,313000,16312000,288706000,278925000,None,11924000,175473000,14034000,-31000,3270000,7131000,0,None,None,76000,1269000,None,None,175473000,36.84,
1,2020-03-31,USD,42755000,27554000,None,42755000,15201000,12181000,None,None,15201000,None,27554000,None,15201000,7422000,5053000,3020000,41403000,36350000,None,None,None,3020000,None,None,12181000,12181000,None,USD,4062414000,10236000,932042000,1000,3480643000,581771000,None,3291231000,2005000,504236000,72289000,78592000,2740547000,211034000,3291231000,None,83784000,6001000,63140000,1160174000,2605468000,492943000,932041000,17098000,27494000,None,None,None,None,2005000,None,504236000,-70369000,None,144804000,None,2902240000,None,None,189412000,189412000,None,None,None,139898000,4062414000,1143075000,None,13714524,USD,24264000,0,50349000,38000,3665000,7580000,16281000,None,12181000,83608000,25679000,-194000,2862000,7142000,1724000,None,None,11528000,1557000,None,None,83608000,33.72,36.84
2,2019-12-31,USD,48302000,29811000,None,48302000,18491000,14364000,None,None,18491000,None,29811000,None,18491000,9390000,5176000,4127000,43651000,38475000,None,None,None,9172000,-5099000,None,9319000,14364000,None,USD,4023250000,10643000,934217000,7500000,3465642000,557608000,None,3275357000,2005000,492055000,73179000,78592000,2774410000,127426000,3275357000,80119000,80119000,-7501000,62576000,3716613000,3625000,468373000,926717000,2654970000,30973000,3625000,3275357000,None,None,2005000,None,492055000,-68645000,None,151201000,None,306637000,None,30973000,159312000,190285000,None,None,None,139694000,4023250000,1054143000,None,13741825,USD,16447000,0,-5005000,-45916000,-10733000,41477000,77210000,None,14364000,47233000,10761000,-26000,3128000,-25296000,-630000,None,None,-5802000,434000,-903000,None,47233000,45.72,33.72
3,2019-09-30,USD,42245000,27409000,None,42245000,14836000,12257000,None,None,14836000,None,27409000,None,14836000,9302000,5596000,2579000,39595000,33999000,None,None,None,2579000,-155000,None,12257000,12257000,None,USD,3988119000,11261000,939944000,18735000,3431537000,556582000,None,3220122000,2004000,484834000,58422000,75417000,2782076000,80193000,3220122000,90852000,90852000,145000,70592000,1038872000,2652394000,469904000,939944000,18735000,55948000,3717000,3220122000,None,None,2004000,None,484834000,-69474000,None,139583000,None,2949247000,None,None,211415000,211415000,None,None,None,139073000,3988119000,1020137000,None,13713355,USD,29453000,0,17621000,12830000,-35250000,-9638000,612000,None,12257000,19309000,11326000,-6000,2563000,0,0,None,None,-3488000,632000,None,None,19309000,43.47,45.72
4,2019-06-30,USD,39265000,23492000,None,39265000,15773000,12569000,None,None,15773000,None,23492000,None,15773000,7183000,3507000,3204000,33259000,29752000,None,None,None,3204000,-199000,None,12569000,12569000,None,USD,3064212000,969000,793737000,2200000,2586392000,477820000,None,2463018000,1826000,472577000,56524000,34355000,2107866000,60884000,2463018000,60492000,60492000,-4282000,45662000,868498000,1990446000,442496000,791537000,13877000,None,498000,2463018000,None,None,1826000,None,472577000,-69474000,None,124282000,None,2195714000,None,None,123374000,123374000,None,None,None,77173000,3064212000,852421000,None,12290212,USD,-22872000,0,-23023000,445000,3844000,15916000,43462000,None,12569000,6257000,13364000,-16000,2083000,6390000,0,None,None,-1272000,596000,None,None,6257000,40.16,43.47
5,2019-03-31,USD,35592000,23693000,None,35592000,11899000,9682000,None,None,11899000,None,23693000,None,11899000,7166000,3190000,2217000,32616000,29426000,None,None,None,2217000,-140000,None,9682000,9682000,None,USD,3025565000,1083000,788211000,14379000,2562769000,462796000,None,2419556000,1825000,466398000,55128000,34355000,2079641000,54627000,2419556000,56648000,56648000,-12927000,45977000,855217000,1963950000,427358000,786211000,14379000,25000000,857000,2419556000,None,None,1825000,None,466398000,-69474000,None,122983000,None,2168348000,None,None,143213000,143213000,None,None,None,76974000,3025565000,840838000,None,12290212,USD,-22141000,0,-22459000,-9000,-13008000,-11752000,-17171000,None,9682000,-19761000,14450000,4000,1900000,6258000,315000,None,None,2864000,309000,None,None,-19761000,42.0,40.16
6,2018-12-31,USD,36358000,23098000,4444000,36358000,13260000,11056000,0,0,13260000,0,23098000,None,13260000,6679000,2974000,None,None,None,0,0,0,-273000,-256000,0,13533000,11056000,None,USD,3008718000,1197000,None,29970000,2566017000,442701000,None,2436727000,1824000,456716000,59634000,34355000,2048104000,74388000,2436727000,None,None,-23454000,46554000,2806826000,603000,407149000,784916000,1947522000,None,603000,2436727000,None,None,1824000,None,456716000,-69159000,None,119183000,None,201892000,None,None,129290000,129290000,None,None,None,76774000,3008718000,859304000,None,12278295,USD,3082000,0,2801000,213000,10976000,5642000,29666000,None,11056000,24370000,15927000,4161000,1954000,-24992000,-782000,None,None,-187000,494000,-1057000,None,24370000,40.15,42.0
7,2018-09-30,USD,36266000,22297000,4018000,36266000,13969000,11313000,0,0,13969000,0,22297000,None,13969000,6022000,2548000,None,None,None,0,0,0,2656000,-223000,0,11313000,11313000,None,USD,2980935000,1310000,None,14630000,2553161000,427774000,0,2407061000,1824000,451918000,52420000,34355000,2039824000,50018000,2407061000,None,None,-32310000,46985000,850341000,1921999000,392109000,785693000,14630000,35000000,520000,2407061000,0,0,1824000,0,451918000,-69839000,None,118345000,None,2122994000,None,None,146100000,146100000,None,None,None,76181000,2980935000,835711000,None,12255045,USD,-30892000,0,-31521000,-86000,26091000,12417000,-47274000,None,11313000,-63000,19041000,-4161000,1985000,-6258000,0,0,0,5746000,543000,None,None,-63000,50.2,40.15
8,2018-06-30,USD,42290000,22683000,3574000,42290000,19607000,15261000,0,0,19607000,0,22683000,None,19607000,6599000,2219000,None,None,None,0,0,0,4346000,-223000,0,15261000,15261000,None,USD,2968048000,1424000,None,12345000,2548353000,419695000,0,2454335000,1823000,440605000,60029000,34355000,2039365000,50081000,2454335000,33989000,33989000,-28889000,47372000,845035000,1908998000,383916000,782609000,12345000,1400000,497000,2454335000,0,0,1823000,0,440605000,-69839000,None,130864000,None,2123013000,None,None,92618000,92618000,None,None,None,75995000,2968048000,832690000,None,12255045,USD,-1329000,0,-332000,1541000,3511000,-4193000,-2854000,None,15261000,8925000,13450000,-2000,1926000,6250000,0,0,0,423000,544000,None,None,8925000,45.35,50.2
9,2018-03-31,USD,34103000,23211000,3377000,34103000,10892000,8953000,0,0,10892000,0,23211000,None,10892000,6545000,1904000,None,None,None,0,0,0,1939000,-227000,0,8953000,8953000,None,USD,2956653000,1527000,None,1500000,2541753000,414900000,0,2457189000,1823000,431594000,55486000,34355000,977100000,41156000,2457189000,29078000,29078000,-24488000,47771000,861197000,1889126000,379018000,805558000,12983000,0,1923000,2457189000,0,0,1823000,0,431594000,-69839000,None,122677000,None,2095456000,None,None,84564000,84564000,None,None,None,75810000,2956653000,846714000,None,12223750,USD,-4942000,0,-5272000,102000,-28608000,-36709000,-1464000,None,8953000,-32951000,9030000,None,1921000,6246000,391000,0,0,-1844000,432000,None,None,-32951000,41.6,45.35
10,2017-12-31,USD,34444000,21798000,3208000,34444000,12646000,2616000,0,0,12646000,0,21798000,None,12646000,30375000,4641000,None,None,None,0,0,0,13905000,-915000,0,-1259000,2616000,None,USD,3000668000,1630000,None,29513000,2587099000,413569000,0,2458653000,1822000,420275000,70760000,34355000,989557000,74107000,2458653000,57686000,57686000,-14704000,48272000,2788803000,1880000,377584000,814931000,1899765000,0,1880000,2458653000,0,0,1822000,0,420275000,-69448000,None,125728000,None,211865000,None,None,128446000,128446000,None,None,None,75624000,3000668000,889038000,None,12246464,USD,-20440000,0,-22278000,105000,34040000,21077000,5241000,None,2616000,13104000,14305000,None,2061000,-42776000,-1006000,3553000,0,10230000,1943000,-602000,None,13104000,45.35,41.6
11,2017-09-30,USD,34463000,22284000,2882000,34463000,12179000,8794000,0,0,12179000,0,22284000,None,12179000,-7699000,129000,None,None,None,0,0,0,3385000,0,0,8794000,8794000,None,USD,2982342000,1744000,None,9398000,2538784000,443558000,0,2453411000,1822000,442229000,61859000,34355000,1016024000,61003000,2453411000,23514000,23514000,-5431000,47289000,919189000,1848628000,407459000,835424000,13364000,0,1866000,2453411000,0,0,1822000,0,442229000,-70115000,None,131137000,None,2063153000,None,None,85373000,85373000,None,None,None,75053000,2982342000,896427000,None,12223750,USD,-4976000,0,-4263000,671000,-28366000,-8924000,25686000,None,8794000,5624000,18811000,None,2065000,6112000,0,0,0,7952000,42000,None,None,5624000,47.6,45.35
12,2017-06-30,USD,33633000,22088000,2608000,33633000,11545000,8352000,0,0,11545000,0,22088000,None,11545000,-639000,229000,None,None,None,0,0,0,3193000,0,0,8352000,8352000,None,USD,2974688000,1857000,None,11564000,2540234000,434454000,0,2427723000,1821000,433435000,60499000,34355000,1031279000,55379000,2427723000,52012000,52012000,-5564000,48296000,918520000,1839734000,398242000,851577000,11564000,132000,2384000,2427723000,0,0,1821000,0,433435000,-70115000,None,131926000,None,2056168000,None,None,112511000,112511000,None,None,None,74877000,2974688000,906956000,None,12223750,USD,-7033000,0,-7499000,267000,16059000,5769000,-10290000,None,8352000,4857000,6587000,None,2044000,-6108000,0,0,0,-3809000,733000,None,None,4857000,47.3,47.6
13,2017-03-31,USD,35960000,22577000,2935000,35960000,13383000,9369000,0,0,13383000,0,22577000,None,13383000,1596000,1339000,None,None,None,0,0,0,4014000,0,0,9369000,9369000,None,USD,2957285000,1983000,None,5000000,2530477000,426808000,0,2438012000,1820000,431195000,56512000,34355000,1035405000,50522000,2438012000,35953000,35953000,-10793000,48566000,923302000,1817792000,390470000,855681000,12099000,132000,2294000,2438012000,0,0,1820000,0,431195000,-70115000,None,131287000,None,2033983000,None,None,92465000,92465000,None,None,None,74701000,2957285000,906203000,None,12223750,USD,7362000,0,7373000,356000,-45168000,-42295000,9484000,None,9369000,-24490000,10432000,None,2042000,6108000,503000,0,0,-979000,345000,None,None,-24490000,47.5,47.3
14,2016-12-31,USD,33895000,22195000,2112000,33895000,11700000,8344000,0,0,11700000,0,22195000,None,11700000,24966000,3308000,None,None,None,0,0,0,-2011000,11522000,0,13711000,8344000,None,USD,2988527000,2109000,None,6952000,2574132000,414395000,0,2428526000,1820000,421826000,64485000,34355000,1034385000,75012000,2428526000,132000,132000,-14164000,49240000,2768407000,2531000,377931000,853725000,1832718000,132000,2531000,2428526000,0,0,1820000,0,421826000,-69612000,None,131885000,None,220120000,None,132000,145474000,145606000,None,None,None,74525000,2988527000,928737000,None,12216712,USD,4597000,0,4947000,1041000,37297000,-11110000,-50729000,None,8344000,7616000,13779000,None,2254000,-24718000,-38792000,2065000,0,3759000,691000,-578000,None,7616000,52.8,47.5
15,2016-09-30,USD,33183000,22006000,2190000,33183000,11177000,8162000,0,0,11177000,0,22006000,None,11177000,-649000,8000,None,None,None,0,0,0,3015000,0,0,8162000,8162000,None,USD,3019323000,2253000,None,44505000,2596949000,422374000,0,2479241000,1819000,419585000,76206000,34355000,1052511000,67396000,2479241000,41502000,41502000,-2412000,49688000,991448000,1805223000,385766000,866701000,12846000,10132000,2772000,2479241000,0,0,1819000,0,419585000,-70525000,None,136356000,None,2027875000,None,None,117708000,117708000,None,None,None,73907000,3019323000,934097000,None,12193181,USD,-49454000,None,-50555000,261000,-30877000,47010000,84890000,None,8162000,11958000,15503000,199000,2149000,6117000,264000,0,0,4993000,1362000,None,None,11958000,40.68,52.8
16,2016-06-30,USD,33838000,22760000,1526000,33838000,11078000,8232000,0,0,11078000,0,22760000,None,11078000,435000,47000,None,None,None,0,0,0,2846000,0,0,8232000,8232000,None,USD,2958016000,2397000,None,5500000,2544792000,413224000,0,2394334000,1818000,411423000,77383000,34355000,1061582000,55438000,2394334000,73075000,73075000,-3493000,49353000,948345000,1786143000,376472000,876538000,10869000,10828000,2837000,2394334000,0,0,1818000,0,411423000,-70261000,None,137423000,None,2009671000,None,None,150458000,150458000,None,None,None,73737000,2958016000,931976000,None,12193181,USD,-30605000,None,-30410000,225000,31131000,20904000,-6337000,None,8232000,-10687000,-1181000,None,2157000,-6242000,2540000,0,0,-11570000,30000,None,None,-10687000,36.62,40.68
17,2016-03-31,USD,47688000,23347000,1879000,47688000,24341000,13675000,0,0,24341000,0,23347000,None,24341000,0,1044000,None,None,None,0,0,0,10666000,0,0,13675000,13675000,None,USD,2939240000,2557000,None,6444000,2527328000,411912000,0,2400655000,1818000,409308000,83305000,34355000,1069694000,66125000,2400655000,None,None,-5059000,50394000,968652000,1746583000,375000000,884176000,11907000,12252000,2850000,2400655000,0,0,1818000,0,409308000,-67721000,None,136699000,None,1970588000,None,None,126673000,126673000,None,None,None,73566000,2939240000,950301000,None,12265355,USD,15504000,None,31968000,17430000,-2715000,-67629000,-41730000,None,13675000,-22570000,13091000,-13021000,2103000,6242000,16592000,0,0,10334000,966000,None,None,-22570000,34.21,36.62
18,2015-12-31,USD,34351000,24943000,2056000,34351000,9408000,7114000,0,0,9408000,0,24943000,None,9408000,22551000,3142000,None,None,None,0,0,0,-4059000,-1769000,0,13467000,7114000,None,USD,2979585000,3178000,None,9815000,2569269000,410316000,0,2442369000,1817000,395633000,80392000,39489000,1083216000,88695000,2442369000,46508000,46508000,-9401000,50531000,2745187000,3466000,367649000,891082000,1755595000,12677000,3466000,2442369000,0,0,1817000,0,395633000,-51129000,None,137734000,None,234398000,None,12677000,114223000,126900000,None,None,None,73396000,2979585000,979777000,None,12740018,USD,-15343000,0,-15948000,226000,9995000,33758000,23763000,None,7114000,25417000,7607000,None,2062000,-12632000,0,3239000,0,-1429000,831000,-140000,None,25417000,33.97,34.21
19,2015-09-30,USD,35477000,24152000,2077000,35477000,11325000,8398000,0,0,11325000,0,24152000,None,11325000,0,-26000,None,None,None,0,0,0,2927000,0,0,8398000,8398000,None,USD,2942833000,3375000,None,None,2534242000,408591000,0,2418589000,1817000,394761000,79066000,39489000,1078597000,63278000,2418589000,None,None,-8758000,50834000,961379000,1750124000,365727000,885836000,12265000,13251000,3382000,2418589000,0,0,1817000,0,394761000,-52145000,None,137632000,None,1981454000,None,None,115653000,115653000,None,None,None,72916000,2942833000,949114000,None,12703869,USD,39995000,None,38790000,433000,-58895000,-49511000,20000000,None,8398000,2665000,13386000,None,2086000,-6290000,-4326000,0,0,2902000,1638000,None,None,2665000,32.35,33.97
