,fiscalDateEnding,reportedCurrency_x,totalRevenue,totalOperatingExpense,costOfRevenue,grossProfit,ebit,netIncome_x,researchAndDevelopment,effectOfAccountingCharges,incomeBeforeTax,minorityInterest,sellingGeneralAdministrative,otherNonOperatingIncome,operatingIncome,otherOperatingExpense,interestExpense,taxProvision,interestIncome,netInterestIncome,extraordinaryItems,nonRecurring,otherItems,incomeTaxExpense,totalOtherIncomeExpense,discontinuedOperations,netIncomeFromContinuingOperations,netIncomeApplicableToCommonShares,preferredStockAndOtherAdjustments,reportedCurrency_y,totalAssets,intangibleAssets,earningAssets,otherCurrentAssets,totalLiabilities,totalShareholderEquity,deferredLongTermLiabilities,otherCurrentLiabilities,commonStock,retainedEarnings,otherLiabilities,goodwill,otherAssets,cash,totalCurrentLiabilities,shortTermDebt,currentLongTermDebt,otherShareholderEquity,propertyPlantEquipment,totalCurrentAssets,longTermInvestments,netTangibleAssets,shortTermInvestments,netReceivables,longTermDebt,inventory,accountsPayable,totalPermanentEquity,additionalPaidInCapital,commonStockTotalEquity,preferredStockTotalEquity,retainedEarningsTotalEquity,treasuryStock,accumulatedAmortization,otherNonCurrrentAssets,deferredLongTermAssetCharges,totalNonCurrentAssets,capitalLeaseObligations,totalLongTermDebt,otherNonCurrentLiabilities,totalNonCurrentLiabilities,negativeGoodwill,warrants,preferredStockRedeemable,capitalSurplus,liabilitiesAndShareholderEquity,cashAndShortTermInvestments,accumulatedDepreciation,commonStockSharesOutstanding,reportedCurrency,investments,changeInLiabilities,cashflowFromInvestment,otherCashflowFromInvestment,netBorrowings,cashflowFromFinancing,otherCashflowFromFinancing,changeInOperatingActivities,netIncome_y,changeInCash,operatingCashflow,otherOperatingCashflow,depreciation,dividendPayout,stockSaleAndPurchase,changeInInventory,changeInAccountReceivables,changeInNetIncome,capitalExpenditures,changeInReceivables,changeInExchangeRate,changeInCashAndCashEquivalents,clossingVal,nextClossingVal
0,2020-07-31,USD,None,None,None,None,None,None,None,None,None,None,None,None,None,None,None,None,None,None,None,None,None,1892000,None,None,None,6400000,None,USD,None,None,None,None,None,None,None,None,None,106175000,11361000,None,4467000,None,None,None,None,-2970000,234082000,None,None,343406000,None,None,None,None,None,None,None,None,None,None,None,None,None,None,None,None,None,None,None,None,None,None,None,None,None,None,None,USD,None,13919000,-11672000,1000,-13195000,None,None,-30915000,None,None,18477000,None,None,None,None,None,None,2093000,0,None,None,None,10.865,
1,2020-04-30,USD,310208000,53058000,251798000,58410000,5266000,2262000,None,None,3148000,None,5178000,130000,5136000,None,2118000,886000,130000,-1988000,None,216000,None,886000,-216000,None,2262000,2230000,None,USD,969739000,8318000,None,10626000,622661000,347078000,3808000,12320000,None,99775000,7476000,2311000,4914000,50835000,477417000,382089000,382089000,-3748000,148293000,721326000,None,336449000,None,76430000,49522000,583435000,83008000,None,None,None,None,99775000,None,None,85708000,3783000,248413000,102280000,49522000,91914000,145244000,None,None,None,251051000,969739000,50835000,None,22314000,USD,-5122000,-10669000,-5122000,292000,18584000,17714000,-200000,-13760000,2262000,7150000,-5442000,1125000,5375000,None,None,-11941000,None,216000,5414000,None,-36000,7114000,9.4,10.865
2,2020-01-31,USD,350962000,60128000,289845000,61117000,-2150000,673000,None,None,-4669000,None,21907000,439000,-2589000,None,2519000,-5342000,439000,-2081000,None,3578000,None,-5342000,-3578000,None,673000,674000,None,USD,975343000,8367000,None,13655000,630239000,345104000,2055000,12259000,None,97717000,5797000,2327000,3260000,43721000,494163000,385551000,385551000,345104000,233843000,727546000,None,345104000,None,72776000,75578000,597394000,96353000,None,None,None,None,97717000,None,None,247797000,None,247797000,102354000,75578000,96232000,136076000,None,None,None,250607000,975343000,43721000,None,22335000,USD,-5714000,-65921000,-5714000,-1100000,-12033000,-12033000,-870000,-67130000,673000,-8503000,9244000,-4968000,7006000,None,None,-233398000,4630000,4628000,4614000,6217000,-196000,-8699000,12.21,9.4
3,2019-10-31,USD,360936000,58184000,289162000,71774000,14812000,8214000,None,None,12409000,None,730000,1273000,13539000,None,2403000,4195000,1273000,-1130000,None,51000,None,4195000,-51000,None,8214000,8074000,None,USD,1029524000,9059000,None,7857000,687245000,342279000,5586000,12002000,None,97044000,9444000,2291000,4561000,52420000,547717000,459006000,459006000,-4749000,148090000,773399000,None,330929000,None,88907000,35754000,624215000,76709000,None,None,None,None,97044000,None,None,93287000,3398000,256125000,102065000,35754000,98188000,139528000,None,None,None,249984000,1029524000,52420000,None,22352000,USD,-16117000,-15003000,-16117000,-8065000,21272000,21255000,-17000,-18090000,8214000,3152000,-1986000,2481000,7797000,None,None,-6220000,-2481000,51000,8052000,None,-249000,2903000,16.6,12.21
4,2019-07-31,USD,314981000,54855000,250954000,64027000,9792000,5511000,None,None,7427000,None,1495000,620000,9172000,None,2365000,1916000,620000,-1745000,None,None,None,1916000,-1745000,None,5511000,5429000,None,USD,1029196000,7351000,None,8270000,693237000,335959000,4492000,12184000,None,88830000,7031000,1649000,4337000,49517000,553856000,455240000,455240000,-2099000,146908000,773519000,None,326959000,None,86486000,34581000,629246000,86432000,None,None,None,None,88830000,None,None,96596000,3173000,255677000,105432000,34581000,100308000,139381000,None,None,None,249228000,1029196000,49517000,None,22354000,USD,-6600000,48325000,-6600000,260000,1872000,1872000,-17000,35776000,5511000,-13883000,-9155000,7806000,7200000,None,None,218403000,3444000,-699000,6860000,None,69000,-13814000,20.74,16.6
5,2019-04-30,USD,278292000,52555000,224392000,53900000,2004000,-445000,None,None,-515000,None,700000,794000,1210000,None,2519000,-70000,-1724000,-1725000,None,135000,None,-70000,-135000,None,-445000,-445000,None,USD,985106000,7343000,None,12229000,656364000,328742000,4341000,12137000,None,83319000,6189000,1631000,4259000,63331000,526204000,422543000,422543000,-3111000,144794000,729675000,None,319768000,None,85853000,23871000,568262000,91524000,None,None,None,None,83319000,None,None,98572000,3091000,255431000,107512000,23871000,101948000,130160000,None,None,None,248534000,985106000,63331000,None,22184000,USD,-8038000,80310000,-8038000,-2548000,12267000,11775000,-492000,86473000,-445000,6589000,2852000,-5657000,6064000,None,None,-78254000,-5593000,834000,5490000,None,-3000,6586000,17.2,20.74
6,2019-01-31,USD,352287000,53871000,296700000,55587000,560000,-2160000,0,0,-2243000,0,53872000,540000,20000,0,2803000,-83000,None,None,0,2110000,0,-83000,-1697000,0,-2160000,-2122000,None,USD,792438000,7247000,None,15556000,457127000,335311000,4955000,54153000,None,89228000,10863000,1161000,4188000,56745000,420452000,322345000,322345000,335311000,138950000,640892000,None,335311000,None,77500000,25812000,491091000,98107000,None,None,None,None,89228000,None,None,151546000,None,151546000,None,25812000,5908000,36675000,None,None,None,248423000,792438000,56745000,None,22218000,USD,-2115000,-2405000,-2115000,716000,-28023000,-28036000,-13000,-31627000,-2159000,4728000,34879000,None,5716000,None,None,33700000,-2433000,2460000,2831000,-13475000,-226000,4502000,18.74,17.2
7,2018-10-31,USD,363649000,53306000,294107000,69542000,16243000,10776000,0,0,12770000,0,53306000,160000,16083000,-151000,3473000,None,None,None,0,304000,0,1994000,-3466000,0,10776000,10590000,None,USD,825210000,7288000,None,9085000,487630000,337580000,5441000,17108000,0,91387000,12864000,1015000,4586000,52243000,448511000,381612000,44847000,-1620000,144026000,668295000,None,329277000,0,81690000,26255000,525277000,66899000,337580000,0,0,0,91387000,0,None,1252000,3334000,156915000,None,26255000,7423000,39119000,None,None,None,247813000,825210000,52243000,None,22220000,USD,None,-45296000,-18408000,-15042000,-4383000,-4408000,-25000,-40233000,10775000,2997000,25813000,5075000,6442000,0,0,45211000,5075000,3606000,3366000,None,-427000,2570000,14.25,18.74
8,2018-07-31,USD,299891000,47633000,240990000,58901000,12009000,5180000,0,0,7792000,0,47433000,1462000,10547000,565000,4217000,None,None,None,0,156000,0,2612000,-3676000,0,5180000,5100000,None,USD,839449000,5361000,None,11149000,513494000,325955000,2492000,23031000,0,80613000,10760000,800000,4218000,49673000,480315000,412052000,44444000,-1807000,143575000,686295000,None,320594000,0,78411000,22419000,547062000,68263000,325955000,0,0,0,80613000,0,None,1433000,2785000,153154000,None,22419000,8268000,33179000,None,None,None,247149000,839449000,49673000,None,22218000,USD,None,41345000,-2723000,218000,-17622000,-17633000,-11000,44572000,5180000,-7417000,12939000,-12314000,5921000,0,0,-31564000,-12314000,4371000,2941000,None,-164000,-7581000,15.14,14.25
9,2018-04-30,USD,245678000,46727000,198120000,47558000,1216000,-1614000,0,0,-2165000,0,46727000,385000,831000,0,3381000,None,None,None,0,0,0,-551000,-2996000,0,-1614000,-1588000,None,USD,809415000,5369000,None,11651000,487931000,321484000,1131000,33074000,0,75432000,9142000,0,4587000,57254000,394043000,322506000,407252000,-399000,146113000,653346000,None,316115000,0,66268000,84746000,518173000,71537000,321484000,0,0,0,75432000,0,None,1442000,3145000,156069000,None,84746000,8011000,93888000,None,None,None,246451000,809415000,57254000,None,22094000,USD,None,14409000,-2586000,227000,33957000,33350000,-607000,24653000,-1614000,3738000,-27026000,-3803000,5526000,0,0,-42351000,-3803000,807000,2813000,None,120000,3858000,19.32,15.14
10,2018-01-31,USD,339608000,50319000,287511000,52097000,881000,1685000,0,0,-2705000,0,50319000,-205000,1086000,0,3586000,None,None,None,0,11172000,0,-4390000,-26536000,0,1685000,1669000,None,USD,760308000,5193000,None,12440000,438453000,645410000,2275000,61768000,0,77046000,10492000,250000,10115000,53396000,328289000,248966000,1574000,321855000,151047000,599146000,None,321855000,0,60843000,97397000,472467000,79323000,321855000,246509000,0,0,77046000,0,None,161162000,None,161162000,None,97397000,10492000,110164000,None,None,None,246509000,760308000,53396000,None,22102000,USD,None,-34625000,-5670000,-3468000,-24933000,-24527000,406000,46141000,1685000,9584000,39781000,None,6156000,0,0,62086000,-1002000,-4303000,2202000,-1002000,-49000,9535000,21.49,19.32
11,2017-10-31,USD,330341000,50374000,268864000,61477000,8896000,2384000,0,0,4886000,0,50374000,380000,8516000,2587000,4010000,None,None,None,0,-1718000,0,2502000,0,0,2384000,2328000,None,USD,818290000,4944000,None,8363000,499135000,319155000,4806000,42409000,0,75361000,10216000,0,6163000,43861000,385944000,323968000,1529000,-1346000,156426000,655701000,None,314211000,0,73716000,98169000,529761000,61976000,319155000,0,0,0,75361000,0,None,948000,271000,162589000,None,98169000,10216000,113191000,None,None,None,245140000,818290000,43861000,None,22042000,USD,None,-6381000,-3556000,2663000,494000,635000,141000,-10099000,2384000,-13767000,-10846000,-7444000,6681000,0,0,-9767000,0,3681000,6219000,None,102000,-13665000,14.89,21.49
12,2017-07-31,USD,268871000,50523000,216064000,52807000,-2583000,-5186000,0,0,-7210000,0,50523000,682000,-3265000,5549000,4627000,None,None,None,0,-6171000,0,-2024000,0,0,-5186000,-5087000,None,USD,822421000,4960000,None,10465000,507696000,314725000,3263000,49687000,0,72977000,8769000,0,6606000,57526000,375520000,309502000,429646000,-2774000,160613000,655202000,None,309765000,0,69747000,120144000,517464000,66018000,314725000,0,0,0,72977000,0,None,1312000,334000,167219000,None,120144000,8769000,132176000,None,None,None,244522000,822421000,57526000,None,22031000,USD,None,57534000,-5614000,1893000,-20048000,-19407000,641000,56694000,-5186000,924000,25945000,-2623000,6173000,0,0,-28167000,0,-1786000,7507000,None,361000,1285000,17.85,14.89
13,2017-04-30,USD,264118000,51987000,215199000,48919000,-4634000,-5932000,0,0,-9410000,0,51987000,778000,-5412000,2344000,4776000,None,None,None,0,2344000,0,-3478000,0,0,-5932000,-5818000,None,USD,782928000,4980000,None,7868000,465632000,317296000,4948000,47256000,0,78163000,5694000,0,6659000,56241000,328384000,261005000,261005000,-3805000,159753000,616516000,None,312316000,0,68317000,126606000,484090000,67379000,317296000,0,0,0,78163000,0,None,1347000,332000,166412000,None,126606000,5694000,137248000,None,None,None,242938000,782928000,56241000,None,21834000,USD,None,45475000,-9749000,438000,-27044000,-28167000,-1123000,51139000,-5932000,3016000,40932000,283000,6095000,0,0,-3814000,0,-1175000,10187000,None,74000,3090000,15.85,17.85
14,2017-01-31,USD,317621000,52240000,268799000,48822000,-7328000,-8239000,0,0,-12420000,0,53651000,273000,-7601000,0,5092000,None,None,None,0,4729000,0,-4181000,-23073000,0,-8239000,-8107000,None,USD,771422000,5001000,None,10989000,450243000,321179000,9500000,56899000,0,85347000,5180000,0,6907000,53151000,308826000,234601000,2528000,-4783000,156647000,607868000,None,321179000,0,65462000,126737000,478266000,74225000,321179000,240615000,0,0,85347000,0,None,163554000,None,163554000,None,126737000,5180000,141417000,None,None,None,240615000,771422000,53151000,None,21836000,USD,None,-70807000,-2109000,70000,-65486000,-63338000,2148000,-95341000,-8239000,1152000,66599000,None,6972000,0,0,120571000,-1885000,1917000,2210000,-1885000,-432000,720000,13.81,15.85
15,2016-10-31,USD,332266000,53143000,266772000,58426000,5510000,264000,0,0,56000,0,53729000,502000,4697000,300000,5858000,None,None,None,0,155000,0,-208000,0,0,264000,264000,None,USD,920297000,5026000,None,7491000,587954000,332343000,10531000,51618000,0,90324000,2217000,0,6420000,52431000,462025000,387519000,387519000,-3262000,169964000,743913000,None,327317000,0,76362000,113181000,607629000,74506000,332343000,242019000,0,0,93586000,0,None,1394000,None,176384000,None,113181000,2217000,125929000,None,None,None,242019000,920297000,52431000,None,21000000,USD,None,-57379000,-3427000,1882000,-9238000,-9246000,23000,None,264000,1341000,13963000,-14339000,7068000,0,0,77578000,0,771000,5309000,None,51000,1341000,9.29,13.81
16,2016-07-31,USD,278333000,51487000,218780000,52933000,2034000,-2520000,0,0,-4549000,-182000,51487000,612000,1446000,24000,6583000,None,None,None,0,24000,0,-1847000,0,0,-2520000,-2471000,None,USD,984806000,5041000,None,6148000,655034000,329772000,10993000,44514000,0,89098000,2225000,0,6473000,51090000,507278000,446461000,446461000,-4224000,174596000,803737000,None,324731000,0,64450000,134538000,682049000,60817000,329772000,240674000,0,0,93322000,0,None,1432000,None,181069000,None,134538000,2225000,147756000,None,None,None,240674000,984806000,51090000,None,21000000,USD,None,83076000,-2917000,377000,-92796000,-95392000,-2046000,None,-2702000,-12692000,85309000,-8433000,6620000,0,0,4222000,0,2526000,3294000,None,-242000,-12692000,11.21,9.29
17,2016-04-30,USD,284860000,54502000,231312000,53548000,-1064000,-3684000,0,0,-5800000,-174000,54502000,137000,-1201000,247000,4736000,None,None,None,0,0,0,-1942000,0,0,-3858000,-3616000,None,USD,1006043000,5091000,None,6686000,669417000,336019000,10809000,44014000,0,95842000,2269000,0,6413000,63782000,522011000,459637000,None,-3559000,177082000,822548000,None,330928000,0,67251000,134328000,684829000,62374000,336626000,243736000,0,0,95842000,0,None,1322000,None,183495000,None,134328000,2269000,147406000,None,None,None,243736000,1006043000,63782000,None,21588000,USD,None,-41107000,-672000,940000,-392000,-550000,-158000,None,-3858000,-26096000,-24874000,4702000,6208000,0,0,9422000,0,-241000,1612000,None,413000,-25683000,13.0,11.21
18,2016-01-31,USD,335474000,54545000,319205000,16269000,-45170000,-35050000,0,0,-52620000,58000,54545000,87000,-45257000,0,7450000,None,None,None,0,8500000,0,-17628000,-69101000,0,-34992000,-34366000,None,USD,1047875000,5134000,None,9753000,709526000,337556000,11135000,60073000,0,99526000,2412000,0,6451000,89465000,523425000,446337000,4393000,-4461000,183179000,858245000,None,332422000,0,69563000,172554000,689464000,77088000,0,0,0,0,99526000,0,None,1317000,None,189630000,None,172554000,2412000,186101000,None,None,None,242491000,1047875000,89465000,None,21604000,USD,314000,-75854000,234000,2640000,-22200000,-22021000,179000,45005000,-34992000,11336000,33123000,None,6950000,0,0,124546000,24326000,-2025000,2406000,18030000,-280000,11056000,8.49,13.0
19,2015-10-31,USD,344975000,53484000,277834000,67141000,14357000,3456000,0,0,5714000,27000,53484000,722000,13635000,22000,8643000,None,None,None,0,0,0,2231000,0,0,3483000,3384000,None,USD,1193670000,5189000,None,19076000,819836000,373020000,39313000,2855000,0,134576000,3083000,0,12799000,78409000,613719000,548005000,None,-3705000,178781000,1002090000,None,367831000,0,90765000,163721000,813840000,62859000,0,0,0,0,134576000,0,None,7610000,None,191580000,None,163721000,3083000,206117000,None,None,None,242149000,1193670000,78409000,None,21576000,USD,-23000,-67429000,1129000,2997000,-31924000,-31208000,716000,None,3456000,-16887000,13192000,9828000,7764000,0,0,63527000,0,2315000,1845000,None,-120000,-17007000,12.23,8.49
