,fiscalDateEnding,reportedCurrency_x,totalRevenue,totalOperatingExpense,costOfRevenue,grossProfit,ebit,netIncome_x,researchAndDevelopment,effectOfAccountingCharges,incomeBeforeTax,minorityInterest,sellingGeneralAdministrative,otherNonOperatingIncome,operatingIncome,otherOperatingExpense,interestExpense,taxProvision,interestIncome,netInterestIncome,extraordinaryItems,nonRecurring,otherItems,incomeTaxExpense,totalOtherIncomeExpense,discontinuedOperations,netIncomeFromContinuingOperations,netIncomeApplicableToCommonShares,preferredStockAndOtherAdjustments,reportedCurrency_y,totalAssets,intangibleAssets,earningAssets,otherCurrentAssets,totalLiabilities,totalShareholderEquity,deferredLongTermLiabilities,otherCurrentLiabilities,commonStock,retainedEarnings,otherLiabilities,goodwill,otherAssets,cash,totalCurrentLiabilities,shortTermDebt,currentLongTermDebt,otherShareholderEquity,propertyPlantEquipment,totalCurrentAssets,longTermInvestments,netTangibleAssets,shortTermInvestments,netReceivables,longTermDebt,inventory,accountsPayable,totalPermanentEquity,additionalPaidInCapital,commonStockTotalEquity,preferredStockTotalEquity,retainedEarningsTotalEquity,treasuryStock,accumulatedAmortization,otherNonCurrrentAssets,deferredLongTermAssetCharges,totalNonCurrentAssets,capitalLeaseObligations,totalLongTermDebt,otherNonCurrentLiabilities,totalNonCurrentLiabilities,negativeGoodwill,warrants,preferredStockRedeemable,capitalSurplus,liabilitiesAndShareholderEquity,cashAndShortTermInvestments,accumulatedDepreciation,commonStockSharesOutstanding,reportedCurrency,investments,changeInLiabilities,cashflowFromInvestment,otherCashflowFromInvestment,netBorrowings,cashflowFromFinancing,otherCashflowFromFinancing,changeInOperatingActivities,netIncome_y,changeInCash,operatingCashflow,otherOperatingCashflow,depreciation,dividendPayout,stockSaleAndPurchase,changeInInventory,changeInAccountReceivables,changeInNetIncome,capitalExpenditures,changeInReceivables,changeInExchangeRate,changeInCashAndCashEquivalents,clossingVal,nextClossingVal
0,2020-06-30,USD,162656000,None,None,None,None,34605000,None,None,44686000,13948000,66193000,None,None,9224000,21272000,7464000,114546000,93274000,None,None,None,7464000,None,None,37222000,34605000,None,USD,15580258000,48632000,None,None,13858715000,1707595000,None,None,121101000,499502000,216653000,446725000,10028053000,2651250000,None,None,None,43218000,304180000,None,1314595000,1212238000,1266624000,None,2266550000,None,None,None,None,None,None,None,None,None,None,None,None,None,None,None,None,None,None,None,None,None,None,None,None,USD,-1009651000,0,-1009651000,9625000,935419000,2878747000,1955843000,-22682000,34605000,1765114000,-103982000,None,7198000,-13106000,None,None,-1869000,-121383000,25063000,None,None,None,18.84,
1,2020-03-31,USD,136140000,None,None,None,None,26384000,None,None,33792000,12432000,67782000,None,None,14145000,24605000,6187000,114101000,89496000,None,None,None,6187000,None,None,27605000,26384000,None,USD,12623826000,51448000,None,None,10958194000,1653200000,None,None,121057000,477972000,190133000,446725000,9039001000,886136000,None,None,None,12301000,284986000,None,1297180000,1155027000,1248420000,None,1220134000,None,None,None,None,None,None,None,None,None,None,None,None,None,None,None,None,None,None,None,None,None,None,None,None,USD,-194389000,0,-194389000,-17418000,619212000,641124000,35348000,-11632000,26384000,443520000,-3215000,None,7283000,-13005000,None,None,4142000,-29541000,9172000,None,None,None,18.09,18.84
2,2019-12-31,USD,138968000,89310000,None,136070000,None,35076000,None,None,43735000,12939000,64815000,None,46760000,10870000,26516000,7786000,116475000,89959000,None,None,None,7786000,-3025000,None,35949000,35076000,None,USD,11947663000,54399000,2285808000,459133000,10293969000,1640755000,None,None,121107000,467186000,199330000,446816000,8707022000,442616000,9699866000,365000000,365000000,11302000,279321000,879173000,1491458000,1139540000,1441308000,None,720145000,15360000,9270917000,None,None,None,None,None,None,None,None,None,None,None,248458000,None,None,None,None,None,1041160000,None,None,None,None,USD,-370324000,0,-370324000,-341000,99261000,-81808000,-168304000,-6889000,35076000,-378774000,73358000,None,7321000,-13241000,None,None,-899000,38600000,5080000,None,None,None,27.82,18.09
3,2019-09-30,USD,145879000,94021000,None,144371000,None,37659000,None,None,47084000,13154000,66249000,None,50350000,13743000,28534000,7684000,119637000,91103000,None,None,None,7684000,-3266000,None,39400000,37659000,None,USD,12021291000,57404000,2567538000,1132007000,10382757000,1625380000,None,None,121080000,445186000,217907000,446423000,8469101000,821390000,9857438000,375000000,375000000,19958000,280716000,1299219000,1387586000,1121553000,1337395000,None,630155000,17027000,9438014000,None,None,None,None,None,None,None,None,None,None,None,248309000,None,None,None,None,None,1039156000,None,None,None,72000000,USD,-109369000,0,-109369000,8034000,-163542000,-8023000,167920000,14970000,37659000,-145222000,-27830000,None,7301000,-12998000,None,None,2914000,-90825000,4663000,None,None,None,27.81,27.82
4,2019-06-30,USD,144537000,93423000,None,141713000,None,34638000,None,None,45157000,12689000,66403000,None,48290000,14627000,28064000,8915000,117883000,89819000,None,None,None,8915000,-3133000,None,36242000,34638000,None,USD,11942480000,58391000,2568253000,1197278000,10336028000,1593763000,None,None,121038000,420600000,183011000,442881000,8416414000,966612000,9803955000,475000000,475000000,15143000,271576000,1352100000,1316791000,1092491000,1260821000,None,780164000,16027000,9268818000,None,None,None,None,None,None,None,None,None,None,None,248160000,None,None,None,None,None,1036982000,None,None,None,72000000,USD,-158852000,0,-158852000,12311000,-195576000,329309000,536407000,-40325000,34638000,66312000,-104145000,None,7369000,-11518000,391000,None,-1591000,-104385000,7023000,None,None,None,27.28,27.81
5,2019-03-31,USD,133854000,91712000,None,132416000,None,31409000,None,None,40293000,11808000,64032000,None,40704000,24401000,26357000,8211000,113830000,87473000,None,None,None,8211000,-411000,None,32082000,31409000,None,USD,11568263000,61333000,2239180000,1022229000,10002607000,1553848000,None,None,121047000,399030000,192446000,442881000,8394813000,900300000,9345793000,567000000,567000000,-1792000,269421000,1171535000,1154486000,1049634000,1099777000,None,987170000,19294000,8731688000,None,None,None,None,None,None,None,None,None,None,None,248010000,None,None,None,None,None,1035563000,None,None,None,72000000,USD,-114726000,0,-114726000,2557000,-62536000,285748000,359507000,27204000,31409000,213604000,42582000,None,7380000,-11618000,395000,None,-470000,-23090000,19951000,None,None,None,24.75,27.28
6,2018-12-31,USD,129125000,83856000,27391000,129125000,0,35990000,0,0,46788000,12894000,63716000,None,45269000,20140000,80750000,9652000,114307000,89208000,-696000,0,0,10348000,1519000,0,36440000,35990000,None,USD,11163030000,58752000,1436616000,249706000,9624610000,1525526000,None,None,120801000,379239000,158349000,433658000,8301537000,657976000,8946085000,527000000,527000000,-9190000,211796000,930294000,1226993000,1033116000,None,None,520176000,19416000,8370422000,None,None,None,None,None,None,None,None,None,None,None,247861000,None,None,None,None,None,1034676000,None,None,None,71000000,USD,-27671000,0,-173193000,6690000,-96738000,-37802000,69459000,28765000,35990000,-22798000,188197000,None,7357000,-11695000,2606000,None,None,115068000,5555000,None,None,None,23.95,24.75
7,2018-09-30,USD,136673000,87838000,22937000,136673000,0,38293000,0,0,48411000,13854000,64030000,None,48835000,23808000,0,None,None,None,0,0,0,9159000,-424000,0,39252000,38293000,None,USD,11121232000,58165000,None,333354000,9621408000,1485970000,None,None,120613000,354842000,154408000,427117000,8176964000,709494000,8480819000,135000000,135000000,-22348000,210724000,1066215000,1182047000,1000688000,None,None,986181000,20406000,8299431000,None,None,None,None,None,None,None,None,None,None,None,None,None,None,None,None,None,None,None,None,None,72000000,USD,1459000,0,-113705000,995000,-5538000,290965000,307090000,-34004000,38293000,251691000,74431000,None,7275000,-11474000,None,57605000,None,63668000,7051000,None,None,None,30.85,23.95
8,2018-06-30,USD,134002000,88424000,21488000,134002000,0,34804000,0,0,44781000,14025000,63796000,None,45578000,24628000,0,None,None,None,0,0,0,8643000,-797000,0,36138000,34804000,None,USD,10831653000,60669000,None,396185000,9354867000,1462761000,None,None,120615000,328125000,190170000,425625000,8065632000,457803000,8178512000,135000000,135000000,-17944000,207997000,881094000,1190636000,976467000,None,None,986185000,22387000,7991211000,None,None,None,None,None,None,None,None,None,None,None,None,None,None,None,None,None,None,None,None,None,72000000,USD,174246000,0,-140299000,4523000,-11990000,142219000,164787000,18920000,34804000,-38886000,-40806000,None,7244000,-11576000,None,None,None,-99408000,5304000,None,None,None,32.1,30.85
9,2018-03-31,USD,124323000,83577000,17475000,124323000,0,24705000,0,0,32020000,1238000,60959000,None,56516000,19968000,0,None,None,None,0,0,0,6077000,-8726000,0,25943000,24705000,None,USD,10620415000,474282000,None,293731000,9171065000,1438480000,None,None,120472000,289023000,161638000,416789000,2188092000,484066000,8238929000,360000000,360000000,-15873000,207126000,806595000,1365254000,964198000,None,None,1131496000,317715000,7825422000,None,None,None,None,None,None,None,None,None,None,None,None,None,None,None,None,None,None,None,None,None,69000000,USD,-197683000,0,-209411000,2513000,-17679000,99383000,126933000,39590000,24705000,-24500000,85528000,None,6848000,-10117000,246000,45763000,None,22148000,2937000,None,None,None,28.6,32.1
10,2017-12-31,USD,68245000,29222000,13669000,68245000,0,12333000,0,0,34611000,953000,52814000,None,49409000,7940000,43983000,None,None,None,0,0,0,21325000,-5675000,0,9993000,12333000,None,USD,8522176000,308818000,None,367136000,7379671000,1131240000,None,None,104403000,277037000,132482000,270250000,1584019000,467309000,6473367000,13000000,13000000,-5692000,194900000,860232000,981343000,822422000,4471000,None,774119000,336544000,6448220000,None,None,None,None,None,None,None,None,None,None,None,None,None,None,None,None,None,None,None,None,None,62000000,USD,-53972000,5720000,-209382000,8624000,78816000,452945000,406394000,19201000,12333000,384641000,124768000,None,24500000,-34437000,2172000,113942000,None,11803000,13445000,None,None,None,30.75,28.6
11,2017-09-30,USD,667799000,468898000,12645000,667799000,0,27150000,0,0,40458000,1446000,53446000,None,55030000,116473000,0,None,None,None,0,0,0,11862000,4708000,0,146847000,27150000,None,USD,8614794000,310652000,None,318595000,7473943000,1129588000,None,None,104387000,276757000,128086000,270901000,1558856000,652783000,6584845000,13000000,13000000,-2408000,196975000,999840000,942396000,818936000,None,None,774200000,340099000,6548462000,None,None,None,None,None,None,None,None,None,None,None,None,None,None,None,None,None,None,None,None,None,62000000,USD,-130484000,2696000,-95417000,5630000,241570000,560723000,507869000,-10695000,27150000,179257000,87813000,None,6168000,-25668000,960000,81225000,None,69317000,11211000,None,None,None,33.5,30.75
12,2017-06-30,USD,394854000,-274427000,10748000,-394854000,0,26212000,0,0,40155000,1703000,54685000,None,57247000,-68086000,0,None,None,None,0,0,0,12240000,-1306000,0,-87043000,26212000,None,USD,8427042000,308312000,None,388523000,7304044000,1110681000,None,None,104386000,258428000,152485000,268246000,1436888000,473526000,6637340000,555790000,555790000,-2355000,199926000,891299000,813697000,802369000,None,None,527219000,411772000,6595769000,None,None,None,None,None,None,None,None,None,None,None,None,None,None,None,None,None,None,None,None,None,62000000,USD,23472000,0,-19461000,3470000,-166894000,377866000,557676000,-21701000,26212000,47999000,-161939000,None,6342000,-16900000,933000,None,30000,-172083000,9656000,None,None,None,30.8,33.5
13,2017-03-31,USD,102626000,70253000,12347000,102626000,0,21968000,0,0,32378000,1024000,49946000,None,46739000,17376000,0,None,None,None,0,0,0,9386000,5000,0,22992000,21968000,None,USD,8174786000,301962000,None,214047000,7073541000,1089760000,None,None,104307000,239164000,160085000,264910000,1445190000,425527000,6399090000,722684000,722684000,-4173000,198664000,667361000,835726000,787798000,None,None,687366000,235520000,6190772000,None,None,None,None,None,None,None,None,None,None,None,None,None,None,None,None,None,None,None,None,None,62000000,USD,92661000,17000,-17423000,1258000,2634000,148467000,153550000,23885000,21968000,288979000,157935000,None,5941000,-8134000,417000,117845000,739000,105402000,4397000,None,None,None,32.4,30.8
14,2016-12-31,USD,368741000,248717000,11497000,368741000,0,18996000,0,0,27004000,847000,53334000,None,40526000,62638000,35740000,None,None,None,0,0,0,7161000,-19111000,0,72215000,18996000,None,USD,7973915000,302766000,None,354656000,6887357000,1075102000,None,None,104174000,225517000,132902000,264910000,1534957000,95938000,6068384000,720698000,720698000,-3986000,198568000,478928000,930341000,772336000,5581000,None,687511000,338622000,6035197000,None,None,None,None,None,None,None,None,None,None,None,None,None,None,None,None,None,None,None,None,None,57000000,USD,-86167000,646000,-500594000,20477000,170708000,200795000,56768000,15869000,18996000,-115289000,185039000,None,20552000,-30542000,3861000,171107000,None,84605000,18055000,None,None,None,33.25,32.4
15,2016-09-30,USD,0,0,10905000,0,0,24176000,0,0,36808000,1657000,50352000,None,51447000,0,0,None,None,None,0,0,0,10975000,0,0,0,24176000,None,USD,7830142000,304325000,None,None,6751264000,1067193000,None,None,104000000,219970000,144735000,264578000,1398930000,None,None,None,None,None,202955000,None,None,None,None,None,427655000,462492000,6146947000,None,None,None,None,None,None,None,None,None,None,None,None,None,None,None,None,None,None,None,None,None,62000000,USD,None,910000,None,12093000,None,60375000,169594000,None,24176000,None,69917000,None,None,-22418000,None,13985000,None,None,16855000,None,None,None,24.03,33.25
16,2016-06-30,USD,0,0,10556000,0,0,6259000,0,0,10253000,1619000,37631000,None,40142000,0,0,None,None,None,0,0,0,2375000,0,0,0,6259000,None,USD,7940741000,299000000,None,None,6879193000,1050360000,None,None,103963000,204169000,148108000,257485000,1495418000,None,None,None,None,None,202333000,None,None,None,None,None,500798000,500685000,6186279000,None,None,None,None,None,None,None,None,None,None,None,None,None,None,None,None,None,None,None,None,None,52000000,USD,None,508000,None,8971000,None,193768000,210085000,None,6259000,None,4604000,None,None,-14308000,None,None,None,None,11116000,None,None,None,21.65,24.03
17,2016-03-31,USD,0,0,8139000,0,0,17819000,0,0,26849000,842000,37561000,None,37196000,0,0,None,None,None,0,0,0,8188000,0,0,0,17819000,None,USD,6365169000,186945000,None,None,5529166000,826875000,None,None,86151000,204430000,105658000,157659000,1349117000,None,None,None,None,None,178154000,None,None,None,None,None,428940000,127231000,4955126000,None,None,None,None,None,None,None,None,None,None,None,None,None,None,None,None,None,None,None,None,None,51000000,USD,None,782000,None,4010000,None,35934000,40113000,None,17819000,None,42766000,None,None,-6208000,None,14310000,None,None,7439000,None,None,None,19.19,21.65
18,2015-12-31,USD,294698000,200845000,9331000,294698000,0,12466000,0,0,17815000,503000,38372000,None,28020000,50387000,32431000,None,None,None,0,0,0,4846000,-1312000,0,65665000,12466000,None,USD,6296574000,180995000,None,119866000,5476380000,810921000,None,None,86026000,189801000,95839000,154842000,1253242000,234317000,4951461000,466514000,466514000,-2994000,173695000,389842000,832385000,629926000,1001000,None,429080000,136766000,4914027000,None,None,None,None,None,None,None,None,None,None,None,None,None,None,None,None,None,None,None,None,None,52000000,USD,110681000,499000,-98473000,24227000,-229013000,55218000,381137000,28409000,12466000,37832000,81087000,None,16147000,-21985000,1537000,19923000,None,-21604000,23315000,None,None,None,20.87,19.19
19,2015-09-30,USD,0,0,8446000,0,0,17566000,0,0,25937000,927000,35824000,None,35976000,0,0,None,None,None,0,0,0,7444000,0,0,0,17566000,None,USD,6173891000,175518000,None,None,5357822000,807152000,None,None,85985000,187558000,98878000,152438000,1246799000,None,None,None,None,None,172940000,None,None,None,None,None,437282000,138839000,4787878000,None,None,None,None,None,None,None,None,None,None,None,None,None,None,None,None,None,None,None,None,None,51000000,USD,None,586000,62564000,17614000,None,11949000,255135000,None,17566000,None,None,None,None,-18049000,None,11523000,None,None,19327000,None,None,None,18.85,20.87
