,fiscalDateEnding,reportedCurrency_x,totalRevenue,totalOperatingExpense,costOfRevenue,grossProfit,ebit,netIncome_x,researchAndDevelopment,effectOfAccountingCharges,incomeBeforeTax,minorityInterest,sellingGeneralAdministrative,otherNonOperatingIncome,operatingIncome,otherOperatingExpense,interestExpense,taxProvision,interestIncome,netInterestIncome,extraordinaryItems,nonRecurring,otherItems,incomeTaxExpense,totalOtherIncomeExpense,discontinuedOperations,netIncomeFromContinuingOperations,netIncomeApplicableToCommonShares,preferredStockAndOtherAdjustments,reportedCurrency_y,totalAssets,intangibleAssets,earningAssets,otherCurrentAssets,totalLiabilities,totalShareholderEquity,deferredLongTermLiabilities,otherCurrentLiabilities,commonStock,retainedEarnings,otherLiabilities,goodwill,otherAssets,cash,totalCurrentLiabilities,shortTermDebt,currentLongTermDebt,otherShareholderEquity,propertyPlantEquipment,totalCurrentAssets,longTermInvestments,netTangibleAssets,shortTermInvestments,netReceivables,longTermDebt,inventory,accountsPayable,totalPermanentEquity,additionalPaidInCapital,commonStockTotalEquity,preferredStockTotalEquity,retainedEarningsTotalEquity,treasuryStock,accumulatedAmortization,otherNonCurrrentAssets,deferredLongTermAssetCharges,totalNonCurrentAssets,capitalLeaseObligations,totalLongTermDebt,otherNonCurrentLiabilities,totalNonCurrentLiabilities,negativeGoodwill,warrants,preferredStockRedeemable,capitalSurplus,liabilitiesAndShareholderEquity,cashAndShortTermInvestments,accumulatedDepreciation,commonStockSharesOutstanding,reportedCurrency,investments,changeInLiabilities,cashflowFromInvestment,otherCashflowFromInvestment,netBorrowings,cashflowFromFinancing,otherCashflowFromFinancing,changeInOperatingActivities,netIncome_y,changeInCash,operatingCashflow,otherOperatingCashflow,depreciation,dividendPayout,stockSaleAndPurchase,changeInInventory,changeInAccountReceivables,changeInNetIncome,capitalExpenditures,changeInReceivables,changeInExchangeRate,changeInCashAndCashEquivalents,clossingVal,nextClossingVal
0,2020-06-30,USD,59000000,223000000,10000000,59000000,-172000000,-153000000,None,None,-179000000,None,148000000,-8000000,-164000000,42000000,7000000,-26000000,1000000,-6000000,None,33000000,None,-26000000,-42000000,None,-153000000,-153000000,None,USD,2249000000,95000000,None,100000000,1337000000,912000000,13000000,95000000,None,509000000,388000000,837000000,101000000,698000000,249000000,None,None,-68000000,259000000,853000000,41000000,-20000000,None,55000000,700000000,None,154000000,None,None,None,None,509000000,-722000000,None,199000000,None,6000000,25000000,700000000,375000000,1088000000,None,None,None,1193000000,2249000000,698000000,None,121567637,USD,-14000000,-45000000,-14000000,2000000,-4000000,-9000000,-5000000,None,-153000000,-101000000,-78000000,-24000000,32000000,None,0,None,None,31000000,16000000,81000000,None,-101000000,19.01,
1,2020-03-31,USD,278000000,305000000,19000000,278000000,-25000000,-16000000,None,None,-27000000,None,254000000,2000000,-27000000,51000000,2000000,-11000000,1000000,-1000000,None,None,None,-11000000,1000000,None,-16000000,-16000000,None,USD,2427000000,101000000,None,188000000,1400000000,1027000000,16000000,131000000,None,662000000,389000000,826000000,99000000,798000000,311000000,None,None,-80000000,268000000,1012000000,54000000,100000000,None,26000000,700000000,None,180000000,None,None,None,None,662000000,-722000000,None,213000000,None,7000000,25000000,700000000,373000000,1089000000,None,None,None,1167000000,2427000000,798000000,None,121285697,USD,-20000000,-51000000,-20000000,2000000,700000000,570000000,-15000000,-124000000,-16000000,480000000,-70000000,-75000000,32000000,None,-115000000,None,None,26000000,20000000,14000000,None,480000000,17.39,19.01
2,2019-12-31,USD,334000000,333000000,21000000,355000000,21000000,16000000,70000000,None,20000000,None,258000000,-1000000,22000000,75000000,1000000,5000000,3000000,1000000,None,None,None,4000000,-4000000,None,16000000,16000000,None,USD,1984000000,110000000,None,214000000,823000000,1161000000,8000000,221000000,None,681000000,246000000,840000000,102000000,319000000,435000000,None,None,-63000000,270000000,533000000,55000000,211000000,0,176000000,None,None,214000000,None,None,None,None,681000000,-607000000,None,224000000,None,7000000,167000000,78000000,380000000,388000000,None,None,None,1150000000,1984000000,319000000,None,124581773,USD,95000000,-7000000,-36000000,-108000000,-5000000,-550000000,-2000000,-124000000,16000000,-526000000,60000000,-37000000,34000000,-488000000,-60000000,None,41000000,13000000,23000000,41000000,None,-526000000,30.38,17.39
3,2019-09-30,USD,428000000,360000000,25000000,403000000,107000000,50000000,76000000,None,73000000,None,303000000,7000000,68000000,3000000,2000000,23000000,7000000,5000000,None,None,None,23000000,5000000,None,50000000,50000000,None,USD,2468000000,92000000,None,248000000,820000000,1648000000,8000000,268000000,None,1156000000,207000000,746000000,94000000,838000000,468000000,None,None,-75000000,341000000,1181000000,14000000,810000000,95000000,212000000,None,None,16000000,None,None,None,None,1156000000,-547000000,None,106000000,None,1287000000,145000000,79000000,168000000,352000000,None,None,None,1114000000,2468000000,933000000,None,126559160,USD,-53000000,-166000000,-53000000,2000000,-5000000,-2000000,-1000000,-124000000,50000000,-63000000,1000000,-172000000,31000000,-488000000,0,None,43000000,28000000,22000000,43000000,None,-54000000,38.68,30.38
4,2019-06-30,USD,422000000,356000000,27000000,395000000,100000000,34000000,74000000,None,68000000,None,299000000,4000000,66000000,57000000,2000000,34000000,4000000,2000000,None,None,None,34000000,2000000,None,34000000,34000000,None,USD,2566000000,102000000,None,305000000,991000000,1575000000,12000000,444000000,None,1106000000,206000000,754000000,90000000,901000000,638000000,None,None,-65000000,262000000,1271000000,12000000,719000000,65000000,261000000,None,None,13000000,None,None,None,None,1106000000,-547000000,None,101000000,None,1295000000,147000000,80000000,163000000,353000000,None,None,None,1081000000,2566000000,966000000,None,126468470,USD,-45000000,28000000,-45000000,-49000000,-5000000,-4000000,-5000000,-124000000,34000000,130000000,181000000,108000000,30000000,-488000000,0,None,-34000000,42000000,21000000,-61000000,None,132000000,46.29,38.68
5,2019-03-31,USD,376000000,324000000,21000000,355000000,35000000,26000000,73000000,None,33000000,None,293000000,4000000,31000000,31000000,2000000,7000000,2000000,2000000,None,None,None,7000000,2000000,None,26000000,26000000,None,USD,2395000000,109000000,None,271000000,888000000,1507000000,22000000,364000000,None,1072000000,209000000,754000000,120000000,771000000,530000000,18000000,18000000,-64000000,330000000,1082000000,12000000,644000000,40000000,236000000,67000000,None,166000000,None,None,None,None,1072000000,-547000000,None,430000000,None,20000000,149000000,82000000,336000000,358000000,None,None,None,1046000000,2395000000,811000000,None,126199942,USD,-25000000,-26000000,-42000000,-25000000,-5000000,-24000000,-24000000,-17000000,26000000,116000000,182000000,110000000,31000000,-488000000,0,None,-27000000,41000000,17000000,None,None,116000000,51.45,46.29
6,2018-12-31,USD,346000000,305000000,19000000,327000000,25000000,7000000,68000000,0,23000000,0,274000000,3000000,22000000,31000000,2000000,None,None,None,2000000,0,0,16000000,-5000000,0,7000000,7000000,None,USD,2167000000,118000000,None,245000000,696000000,1471000000,21000000,227000000,None,1043000000,220000000,756000000,113000000,655000000,393000000,None,None,-62000000,253000000,915000000,12000000,597000000,15000000,212000000,None,None,166000000,None,None,None,None,1043000000,-547000000,None,98000000,None,27000000,None,None,282000000,303000000,None,None,None,1037000000,2167000000,670000000,None,125101322,USD,-15000000,-72000000,-31000000,-12000000,-238000000,-4000000,-7000000,46000000,8000000,-4000000,31000000,39000000,31000000,None,3000000,None,8000000,25000000,16000000,None,None,-4000000,53.94,51.45
7,2018-09-30,USD,458000000,346000000,23000000,435000000,91000000,69000000,72000000,0,87000000,0,318000000,2000000,89000000,28000000,4000000,None,None,None,0,0,0,18000000,-2000000,0,69000000,69000000,None,USD,2192000000,129000000,None,263000000,750000000,1442000000,20000000,73000000,0,1035000000,297000000,760000000,109000000,663000000,453000000,None,None,-56000000,256000000,926000000,12000000,553000000,0,237000000,0,0,380000000,0,0,0,0,1035000000,-547000000,None,93000000,None,28000000,None,None,277000000,297000000,None,None,None,1010000000,2192000000,663000000,None,124813195,USD,14000000,-173000000,-13000000,-13000000,None,-1000000,-1000000,46000000,69000000,-3000000,14000000,66000000,28000000,0,0,0,66000000,24000000,14000000,None,None,None,51.07,53.94
8,2018-06-30,USD,433000000,360000000,24000000,409000000,45000000,32000000,68000000,0,42000000,0,331000000,-4000000,49000000,29000000,3000000,None,None,None,0,0,0,10000000,-7000000,0,32000000,32000000,None,USD,2304000000,138000000,None,362000000,957000000,1347000000,19000000,104000000,0,966000000,326000000,763000000,91000000,666000000,631000000,None,None,-51000000,258000000,1040000000,2000000,446000000,12000000,300000000,0,0,527000000,0,0,0,0,966000000,-547000000,None,82000000,None,21000000,None,None,307000000,326000000,None,None,None,979000000,2304000000,678000000,None,124721344,USD,6000000,113000000,-33000000,-23000000,-8000000,-107000000,-6000000,46000000,31000000,46000000,186000000,-27000000,29000000,0,-93000000,0,-27000000,40000000,16000000,None,None,46000000,55.71,51.07
9,2018-03-31,USD,378000000,335000000,20000000,358000000,24000000,5000000,67000000,0,21000000,0,307000000,1000000,23000000,28000000,3000000,None,None,None,0,0,0,16000000,-2000000,0,5000000,5000000,None,USD,2240000000,136000000,None,333000000,850000000,1390000000,16000000,101000000,0,935000000,316000000,763000000,80000000,635000000,534000000,7000000,7000000,-34000000,261000000,983000000,5000000,491000000,15000000,281000000,0,0,426000000,0,0,0,0,935000000,-457000000,None,74000000,None,18000000,None,None,300000000,316000000,None,None,None,946000000,2240000000,650000000,None,126669732,USD,43000000,167000000,28000000,-12000000,-230000000,-246000000,-12000000,46000000,5000000,-44000000,174000000,-55000000,28000000,0,-4000000,0,-55000000,29000000,15000000,None,None,-44000000,40.89,55.71
10,2017-12-31,USD,321000000,297000000,15000000,306000000,7000000,-84000000,243000000,0,3000000,0,267000000,-2000000,9000000,30000000,4000000,None,None,None,0,0,0,87000000,-10000000,0,-84000000,-84000000,None,USD,2272000000,142000000,None,25000000,909000000,1363000000,14000000,60000000,0,926000000,293000000,758000000,1016000000,673000000,372000000,7000000,321000000,-42000000,263000000,993000000,27000000,463000000,35000000,260000000,230000000,0,305000000,0,0,0,0,926000000,-447000000,None,73000000,None,16000000,None,230000000,293000000,537000000,None,None,None,926000000,2272000000,708000000,None,126142773,USD,-44000000,-18000000,-58000000,-12000000,-35000000,-37000000,-2000000,46000000,-84000000,-77000000,18000000,22000000,29000000,0,0,0,-36000000,69000000,14000000,None,None,-77000000,34.46,40.89
11,2017-09-30,USD,439000000,377000000,20000000,419000000,42000000,25000000,0,0,38000000,0,350000000,None,42000000,27000000,4000000,None,None,None,0,0,0,13000000,-2000000,0,25000000,25000000,None,USD,2348000000,150000000,None,25000000,931000000,1417000000,16000000,65000000,0,1010000000,228000000,756000000,1040000000,750000000,422000000,7000000,272000000,-47000000,266000000,1042000000,6000000,511000000,13000000,254000000,265000000,0,350000000,0,0,0,0,1010000000,-447000000,None,70000000,None,58000000,None,265000000,228000000,509000000,None,None,None,901000000,2348000000,763000000,None,126036505,USD,1000000,-202000000,-14000000,0,5000000,4000000,-1000000,None,25000000,-145000000,-135000000,-7000000,28000000,0,0,0,0,21000000,15000000,None,8000000,-137000000,40.53,34.46
12,2017-06-30,USD,424000000,358000000,20000000,404000000,48000000,27000000,0,0,44000000,0,331000000,2000000,46000000,27000000,4000000,None,None,None,0,0,0,17000000,0,0,27000000,27000000,None,USD,2472000000,156000000,None,24000000,1118000000,1354000000,15000000,90000000,0,985000000,222000000,750000000,1026000000,887000000,621000000,7000000,267000000,-57000000,266000000,1180000000,4000000,448000000,17000000,252000000,260000000,0,524000000,0,0,0,0,985000000,-447000000,None,69000000,None,47000000,None,260000000,222000000,497000000,None,None,None,873000000,2472000000,904000000,None,125935508,USD,-3000000,163000000,-20000000,0,48000000,-53000000,-1000000,None,27000000,148000000,221000000,-16000000,27000000,0,-100000000,0,0,20000000,17000000,None,8000000,156000000,38.2,40.53
13,2017-03-31,USD,372000000,328000000,17000000,355000000,28000000,13000000,0,0,25000000,0,301000000,1000000,27000000,27000000,3000000,None,None,None,0,0,0,12000000,-2000000,0,13000000,13000000,None,USD,2274000000,161000000,None,25000000,890000000,1384000000,13000000,87000000,0,958000000,215000000,741000000,1009000000,731000000,452000000,7000000,7000000,-70000000,262000000,1003000000,3000000,482000000,15000000,232000000,210000000,0,358000000,0,0,0,0,958000000,-347000000,None,67000000,None,37000000,None,210000000,215000000,438000000,None,None,None,843000000,2274000000,746000000,None,128393005,USD,116000000,104000000,98000000,0,46000000,-114000000,-13000000,None,13000000,118000000,134000000,-35000000,27000000,0,-147000000,0,0,25000000,18000000,None,1000000,119000000,43.16,38.2
14,2016-12-31,USD,316000000,290000000,16000000,300000000,7000000,4000000,243000000,0,5000000,0,264000000,-3000000,10000000,26000000,2000000,None,None,None,0,0,0,1000000,-12000000,0,4000000,4000000,None,USD,2238000000,167000000,None,31000000,736000000,1502000000,12000000,64000000,0,945000000,210000000,736000000,1028000000,612000000,423000000,80000000,255000000,-77000000,260000000,950000000,16000000,599000000,118000000,189000000,91000000,0,279000000,0,0,0,0,945000000,-197000000,None,67000000,None,42000000,None,91000000,210000000,313000000,None,None,None,831000000,2238000000,730000000,None,131310980,USD,11000000,-20000000,-22000000,-18000000,75000000,-10000000,-2000000,46000000,1000000,12000000,44000000,16000000,27000000,0,-83000000,0,-24000000,20000000,15000000,None,-11000000,1000000,46.37,43.16
15,2016-09-30,USD,421000000,336000000,19000000,402000000,66000000,55000000,0,0,63000000,0,310000000,None,66000000,26000000,3000000,None,None,None,0,0,0,8000000,-2000000,0,55000000,55000000,None,USD,2277000000,178000000,None,18000000,697000000,1580000000,20000000,69000000,0,944000000,207000000,744000000,1049000000,611000000,450000000,76000000,76000000,-59000000,262000000,966000000,29000000,658000000,116000000,221000000,20000000,0,305000000,0,0,0,0,944000000,-113000000,None,54000000,None,44000000,None,20000000,207000000,247000000,None,None,None,808000000,2277000000,727000000,None,132822184,USD,-20000000,-198000000,-65000000,-24000000,4000000,-10000000,-8000000,None,57000000,-155000000,-80000000,11000000,26000000,0,-6000000,0,0,24000000,21000000,None,None,-155000000,63.18,46.37
16,2016-06-30,USD,391000000,323000000,20000000,371000000,48000000,34000000,0,0,45000000,0,298000000,None,48000000,25000000,3000000,None,None,None,0,0,0,11000000,2000000,0,34000000,34000000,None,USD,2385000000,169000000,None,24000000,880000000,1505000000,18000000,97000000,0,888000000,196000000,733000000,1022000000,766000000,575000000,1000000,1000000,-62000000,256000000,1107000000,38000000,603000000,87000000,230000000,91000000,0,477000000,0,0,0,0,888000000,-104000000,None,82000000,None,1278000000,None,91000000,196000000,305000000,None,None,None,783000000,2385000000,853000000,None,132829000,USD,-69000000,150000000,-87000000,1000000,-19000000,-29000000,-2000000,None,35000000,121000000,237000000,14000000,24000000,0,-10000000,0,0,14000000,19000000,None,-8000000,113000000,64.3,63.18
17,2016-03-31,USD,352000000,294000000,16000000,336000000,42000000,27000000,0,0,38000000,0,270000000,None,42000000,24000000,4000000,None,None,None,0,0,0,11000000,-4000000,0,27000000,27000000,None,USD,2214000000,172000000,None,28000000,750000000,1464000000,16000000,93000000,0,853000000,192000000,737000000,998000000,653000000,432000000,1000000,1000000,-54000000,252000000,964000000,17000000,555000000,39000000,244000000,110000000,0,338000000,0,0,0,0,853000000,-93000000,None,72000000,None,1250000000,None,110000000,192000000,318000000,None,None,None,758000000,2214000000,692000000,None,132878188,USD,28000000,117000000,11000000,0,-90000000,-94000000,-5000000,None,27000000,37000000,120000000,-65000000,24000000,0,1000000,0,0,17000000,17000000,None,2000000,39000000,66.5,64.3
18,2015-12-31,USD,309000000,321000000,13000000,296000000,-24000000,3000000,207000000,0,-27000000,0,296000000,1000000,-25000000,25000000,3000000,None,None,None,0,0,0,-30000000,-1000000,0,3000000,3000000,None,USD,2128000000,176000000,None,24000000,716000000,1412000000,15000000,64000000,0,826000000,189000000,732000000,1016000000,614000000,312000000,1000000,285000000,-63000000,247000000,865000000,37000000,504000000,47000000,180000000,200000000,0,247000000,0,0,0,0,826000000,-92000000,None,71000000,None,1263000000,None,200000000,189000000,404000000,None,None,None,741000000,2128000000,661000000,None,132443111,USD,79000000,-39000000,66000000,3000000,-57000000,-92000000,8000000,46000000,3000000,49000000,75000000,44000000,25000000,0,2000000,0,-31000000,42000000,16000000,None,-2000000,47000000,85.25,66.5
19,2015-09-30,USD,415000000,311000000,17000000,399000000,101000000,74000000,0,0,97000000,0,286000000,13000000,88000000,23000000,3000000,None,None,None,0,0,0,23000000,0,0,74000000,74000000,None,USD,2198000000,186000000,None,33000000,872000000,1326000000,42000000,67000000,0,764000000,187000000,735000000,1008000000,567000000,356000000,1000000,None,-59000000,247000000,943000000,44000000,405000000,119000000,224000000,287000000,0,288000000,0,0,0,0,823000000,-145000000,None,43000000,None,1255000000,None,287000000,187000000,516000000,None,None,None,707000000,2198000000,686000000,None,146000000,USD,-2000000,-107000000,-19000000,22000000,None,-61000000,-1000000,None,74000000,-11000000,8000000,17000000,24000000,0,1000000,0,0,None,39000000,None,-5000000,-16000000,63.02,85.25
