,fiscalDateEnding,reportedCurrency_x,totalRevenue,totalOperatingExpense,costOfRevenue,grossProfit,ebit,netIncome_x,researchAndDevelopment,effectOfAccountingCharges,incomeBeforeTax,minorityInterest,sellingGeneralAdministrative,otherNonOperatingIncome,operatingIncome,otherOperatingExpense,interestExpense,taxProvision,interestIncome,netInterestIncome,extraordinaryItems,nonRecurring,otherItems,incomeTaxExpense,totalOtherIncomeExpense,discontinuedOperations,netIncomeFromContinuingOperations,netIncomeApplicableToCommonShares,preferredStockAndOtherAdjustments,reportedCurrency_y,totalAssets,intangibleAssets,earningAssets,otherCurrentAssets,totalLiabilities,totalShareholderEquity,deferredLongTermLiabilities,otherCurrentLiabilities,commonStock,retainedEarnings,otherLiabilities,goodwill,otherAssets,cash,totalCurrentLiabilities,shortTermDebt,currentLongTermDebt,otherShareholderEquity,propertyPlantEquipment,totalCurrentAssets,longTermInvestments,netTangibleAssets,shortTermInvestments,netReceivables,longTermDebt,inventory,accountsPayable,totalPermanentEquity,additionalPaidInCapital,commonStockTotalEquity,preferredStockTotalEquity,retainedEarningsTotalEquity,treasuryStock,accumulatedAmortization,otherNonCurrrentAssets,deferredLongTermAssetCharges,totalNonCurrentAssets,capitalLeaseObligations,totalLongTermDebt,otherNonCurrentLiabilities,totalNonCurrentLiabilities,negativeGoodwill,warrants,preferredStockRedeemable,capitalSurplus,liabilitiesAndShareholderEquity,cashAndShortTermInvestments,accumulatedDepreciation,commonStockSharesOutstanding,reportedCurrency,investments,changeInLiabilities,cashflowFromInvestment,otherCashflowFromInvestment,netBorrowings,cashflowFromFinancing,otherCashflowFromFinancing,changeInOperatingActivities,netIncome_y,changeInCash,operatingCashflow,otherOperatingCashflow,depreciation,dividendPayout,stockSaleAndPurchase,changeInInventory,changeInAccountReceivables,changeInNetIncome,capitalExpenditures,changeInReceivables,changeInExchangeRate,changeInCashAndCashEquivalents,clossingVal,nextClossingVal
0,2020-06-30,USD,156326000,118659000,None,156326000,37667000,32150000,None,None,37667000,None,118659000,None,37667000,40074000,9653000,5517000,114653000,105000000,None,None,None,5517000,None,None,32150000,32150000,None,USD,15692079000,8895000,None,None,14018135000,1673944000,None,13505473000,13214000,1419552000,191621000,385270000,10975431000,1026640000,13505473000,None,None,10565000,190567000,1084451000,12458184000,1279779000,1884153000,57811000,214716000,None,None,None,None,13214000,None,1419552000,None,None,1564712000,None,14607628000,31076000,214716000,297946000,512662000,None,None,None,230613000,15692079000,1026640000,None,63422439,USD,-1035770000,-1287000,-1039539000,715000,-347394000,1567123000,1929204000,2823000,32150000,622299000,94715000,24392000,13408000,-14687000,0,None,None,26052000,4484000,None,None,622299000,24.52,
1,2020-03-31,USD,148635000,123810000,None,148635000,24825000,22218000,None,None,24825000,None,123810000,None,24825000,41364000,16442000,2607000,120394000,103952000,None,None,None,2607000,None,None,22218000,22218000,None,USD,14019829000,7537000,2865444000,None,12367430000,1652399000,None,11575764000,13209000,1402089000,179080000,381717000,9948824000,404341000,11575764000,None,None,7698000,190179000,460778000,12355647000,1263145000,1833779000,56437000,146086000,None,None,None,None,13209000,None,1402089000,None,None,623971000,None,13559051000,32055000,146086000,645580000,791666000,None,None,None,229403000,14019829000,404341000,None,63396912,USD,-322448000,-204000,-327553000,-951000,165657000,452141000,328728000,-50026000,22218000,45425000,-79163000,406000,10914000,-14706000,-27538000,None,None,-112497000,4154000,None,None,45425000,23.3,24.52
2,2019-12-31,USD,149510000,110027000,None,149510000,39483000,33946000,None,None,39483000,None,110027000,None,39483000,32426000,19046000,5537000,124637000,105591000,None,None,None,5537000,-2941000,None,33946000,33946000,None,USD,13497877000,7343000,2566850000,348747000,11837175000,1660702000,None,11245557000,13376000,1414526000,149929000,379627000,9837570000,358916000,11245557000,None,None,-23600000,189791000,438310000,11847449000,1273732000,1602404000,79394000,147252000,29248000,11245557000,None,None,13376000,None,1414526000,None,None,635357000,None,13059567000,41874000,147252000,444366000,591618000,None,None,None,256400000,13497877000,358916000,None,64200111,USD,-110599000,14901000,-115123000,1468000,-120492000,-146671000,-9100000,15413000,33946000,-127347000,134447000,-2911000,11925000,-14880000,-2199000,None,None,76586000,5992000,None,None,-127347000,34.51,23.3
3,2019-09-30,USD,135079000,106853000,None,153904000,47051000,41035000,None,None,47051000,None,63895000,None,47051000,29625000,21762000,6016000,130228000,108466000,None,None,None,6016000,-331000,None,41035000,41035000,None,USD,13584786000,81361000,2631927000,292800000,11939424000,1645362000,None,11254183000,13390000,1395460000,130805000,379627000,9727598000,486263000,11254183000,None,None,-20858000,221603000,559279000,2339127000,1257390000,1553705000,73016000,138541000,31974000,11254183000,None,None,13390000,None,1395460000,None,None,644769000,None,13025507000,34319000,138541000,546700000,685241000,None,None,None,257370000,13584786000,486263000,None,64262779,USD,103741000,0,103741000,77533000,324638000,-7261000,-312446000,-17461000,41035000,81850000,-14630000,-9062000,10462000,-14904000,-4515000,None,None,-48666000,5643000,None,None,81850000,34.11,34.51
4,2019-06-30,USD,136351000,106101000,None,154771000,48670000,42140000,None,None,48670000,None,63785000,None,48670000,29823000,22412000,6530000,130136000,107724000,None,None,None,6530000,-1968000,None,42140000,42140000,None,USD,13548958000,88384000,2785140000,240380000,11930408000,1618550000,None,11566629000,13418000,1369329000,132300000,379627000,9615268000,404413000,11566629000,None,None,-24816000,189820000,483696000,2469261000,1229822000,1643725000,79283000,140868000,31243000,11566629000,None,None,13418000,None,1369329000,None,None,709470000,None,13065262000,33878000,140868000,222911000,363779000,None,None,None,260619000,13548958000,404413000,None,64398846,USD,-39821000,9436000,-39821000,1755000,5133000,8429000,31291000,-3976000,42140000,-49634000,-18242000,-5417000,9786000,-14987000,-13008000,None,None,-76098000,7073000,None,None,-49634000,33.25,34.11
5,2019-03-31,USD,144610000,106021000,None,144610000,38589000,33339000,None,None,38589000,None,106021000,None,38589000,29179000,20683000,5250000,125491000,104808000,None,None,None,5250000,-3510000,None,33339000,33339000,None,USD,13478017000,10092000,2780447000,172683000,11890989000,1587028000,None,11534815000,13499000,1342176000,125847000,379627000,9497399000,454047000,11534815000,None,None,-40915000,189743000,540889000,11728595000,1197309000,1723445000,86842000,145121000,32139000,11534815000,None,None,13499000,None,1342176000,None,None,629071000,None,12937128000,34921000,145121000,211053000,356174000,None,None,None,272268000,13478017000,454047000,None,64789943,USD,-18423000,-9853000,-23036000,-206000,-3711000,112650000,168287000,-11429000,33339000,104486000,14872000,9414000,11344000,-15033000,-36893000,None,None,-29372000,4407000,None,None,104486000,33.63,33.25
6,2018-12-31,USD,146794000,103927000,21701000,146794000,42867000,36688000,0,0,42867000,0,103927000,None,42867000,29990000,19756000,None,None,None,0,0,0,6179000,-2131000,0,36688000,36688000,None,USD,13286460000,11112000,None,266199000,11695007000,1591453000,None,11364411000,13717000,1323870000,134171000,379627000,9348796000,349561000,11444296000,79885000,None,-55679000,178668000,445157000,11666501000,1200714000,830000,95596000,61856000,34668000,11364411000,None,None,13717000,None,1323870000,None,None,605395000,None,12841303000,None,61856000,188855000,250711000,None,None,None,309545000,13286460000,349561000,None,65834395,USD,45413000,-1291000,43259000,1620000,-561201000,-223654000,407502000,-3703000,36688000,-82910000,97485000,3274000,11412000,-15411000,-54544000,None,None,47402000,3774000,None,None,-82910000,28.43,33.63
7,2018-09-30,USD,145870000,105223000,25993000,145870000,40647000,36253000,0,0,40647000,0,105223000,None,40647000,28099000,17787000,None,None,None,0,0,0,4394000,-3167000,0,36253000,36253000,None,USD,13439812000,12391000,None,182664000,11840208000,1599604000,0,10956910000,14089000,1302593000,139347000,379627000,9303268000,432471000,11147829000,190919000,None,-79946000,178739000,2398478000,9821178000,1207586000,1864633000,101374000,61856000,36475000,10956910000,0,0,14089000,0,1302593000,0,None,649399000,None,11041334000,None,61856000,630523000,692379000,None,None,None,362868000,13439812000,2297104000,None,67621369,USD,104993000,2672000,103071000,2724000,9167000,-122030000,-115530000,-3894000,36253000,45352000,64311000,-3679000,12089000,-15667000,0,13837000,0,16976000,4646000,None,None,45352000,33.65,28.43
8,2018-06-30,USD,149829000,103800000,17828000,149829000,46029000,39813000,0,0,46029000,0,103800000,None,46029000,28628000,15102000,None,None,None,0,0,0,6216000,-2445000,0,39813000,39813000,None,USD,13525265000,13677000,None,196217000,11941193000,1584072000,0,11072435000,14089000,1282007000,136515000,379627000,9267766000,387119000,11259995000,187560000,732243000,-73739000,177686000,2459205000,9817146000,1190768000,1974675000,97411000,61856000,39667000,11072435000,0,0,14089000,0,1282007000,0,None,677924000,None,11066060000,None,61856000,619342000,681198000,None,None,None,361715000,13525265000,2361794000,None,67621111,USD,31610000,4721000,29334000,1086000,-52650000,22880000,96592000,3087000,39813000,71843000,19629000,-4176000,12662000,-15687000,-5375000,0,0,-33391000,3362000,None,None,71843000,32.63,33.65
9,2018-03-31,USD,144775000,102465000,17658000,144775000,42310000,36830000,0,0,42310000,0,102465000,None,42310000,27528000,13547000,None,None,None,0,0,0,5480000,-3861000,0,36830000,36830000,None,USD,13463439000,14963000,None,163882000,11893302000,1570137000,0,10975801000,14121000,1257881000,137194000,379627000,4122099000,315276000,11419419000,443618000,784117000,-67886000,178584000,2507623000,9660161000,1175547000,2097497000,94850000,61856000,203436000,10975801000,0,0,14121000,0,1257881000,0,None,722481000,None,10955816000,None,61856000,412027000,473883000,None,None,None,366021000,13463439000,2412773000,None,67775068,USD,261512000,-7379000,263123000,4473000,-720135000,-341388000,396909000,1342000,36830000,-20492000,57773000,903000,11958000,-15660000,-2502000,17979000,0,15461000,2862000,None,None,-20492000,31.16,32.63
10,2017-12-31,USD,143838000,102951000,17121000,143838000,40887000,15768000,0,0,40887000,0,102951000,None,40887000,187228000,30043000,None,None,None,0,0,0,25119000,-39604000,0,15768000,15768000,None,USD,13797953000,16360000,None,281312000,12226252000,1571701000,0,10577512000,14115000,1228187000,145062000,379627000,4307819000,335768000,11549507000,971995000,1506356000,-39725000,179339000,2658672000,9773460000,1175714000,2238635000,84269000,61856000,223740000,10577512000,0,0,14115000,0,1228187000,0,None,790495000,None,11139281000,None,61856000,614889000,676745000,None,None,None,369124000,13797953000,2574403000,None,67746094,USD,8869000,4888000,11733000,5120000,-424063000,-97054000,342705000,32544000,15768000,-14355000,70966000,-6062000,12570000,-15696000,0,18634000,0,43802000,2256000,None,None,-14355000,31.86,31.16
11,2017-09-30,USD,146373000,103086000,14221000,146373000,43287000,34579000,0,0,43287000,0,103086000,None,43287000,-94510000,2430000,None,None,None,0,0,0,8708000,-1897000,0,34579000,34579000,None,USD,13884655000,17883000,None,204157000,12302120000,1582535000,0,10231742000,14114000,1228115000,139798000,379627000,4492494000,350123000,11554863000,1323121000,250000000,-27825000,181312000,2800689000,9681805000,1185025000,2369089000,81477000,61856000,252513000,10231742000,0,0,14114000,0,1228115000,0,None,823339000,None,11083966000,None,61856000,685401000,747257000,None,None,None,368131000,13884655000,2719212000,None,67742135,USD,32936000,9881000,36969000,6854000,128540000,-78831000,-191669000,17350000,34579000,31794000,73656000,9047000,12761000,-15702000,0,0,0,7388000,2821000,None,None,31794000,33.12,31.86
12,2017-06-30,USD,151837000,122075000,10129000,151837000,29762000,24035000,0,0,29762000,0,122075000,None,29762000,20945000,2456000,None,None,None,0,0,0,5727000,3746000,0,24035000,24035000,None,USD,13909138000,19422000,None,203652000,12347220000,1561918000,0,10423391000,14114000,1209238000,130335000,379627000,4620636000,318329000,11646961000,1223570000,1795318000,-28509000,182315000,2848645000,9613225000,1162869000,2447688000,82628000,61856000,253610000,10423391000,0,0,14114000,0,1209238000,0,None,865904000,None,11060493000,None,61856000,638403000,700259000,None,None,None,367075000,13909138000,2766017000,None,67740901,USD,-282900000,1017000,-293962000,-9239000,73636000,210601000,152665000,16772000,24035000,-61261000,22100000,14553000,12461000,-15700000,0,0,0,-29966000,1823000,None,None,-61261000,32.16,33.12
13,2017-03-31,USD,142466000,102057000,8473000,142466000,40409000,31248000,0,0,40409000,0,102057000,None,40409000,1157000,7316000,None,None,None,0,0,0,9161000,1891000,0,31248000,31248000,None,USD,13490361000,19117000,None,174090000,11952400000,1537961000,0,10104472000,14112000,1200903000,146053000,366156000,4556454000,379590000,11220156000,1115684000,1640019000,-43005000,183311000,2827902000,9318337000,1152688000,2365554000,82758000,61856000,230058000,10104472000,0,0,14112000,0,1200903000,0,None,775538000,None,10662459000,None,61856000,670388000,732244000,None,None,None,365951000,13490361000,2745144000,None,67729434,USD,-108124000,-6693000,-103602000,10841000,84381000,115601000,46917000,5238000,31248000,51884000,39885000,4182000,11643000,-15697000,0,382000,0,-495000,6319000,None,None,51884000,31.79,32.16
14,2016-12-31,USD,137592000,100267000,9497000,137592000,37325000,28923000,0,0,37325000,0,100267000,None,37325000,101274000,18325000,None,None,None,0,0,0,8402000,-24966000,0,28923000,28923000,None,USD,13352333000,20680000,None,270627000,11832125000,1520208000,0,10056012000,14091000,1185352000,153613000,366156000,4560364000,327706000,11076839000,1020827000,1622912000,-45798000,184987000,2768241000,9114518000,1133372000,2356682000,83853000,61856000,237978000,10056012000,0,0,14091000,0,1185352000,0,None,897751000,None,10584092000,None,61856000,693430000,755286000,None,None,None,366563000,13352333000,2684388000,None,67628618,USD,-350127000,1879000,-342582000,10824000,-174808000,179832000,370323000,-12845000,28923000,-56239000,106511000,-13260000,12261000,-15683000,0,12697000,0,76708000,3279000,None,None,-56239000,35.65,31.79
15,2016-09-30,USD,137305000,97908000,11197000,137305000,39397000,30982000,0,0,39397000,0,97908000,None,39397000,24480000,268000,None,None,None,0,0,0,8415000,-98000,0,30982000,30982000,None,USD,13161538000,22366000,None,None,11626777000,1534761000,0,9685701000,14090000,1172193000,150442000,366156000,4566383000,383945000,10849568000,1163867000,1678785000,-17075000,190930000,2864318000,8813664000,1146239000,2410947000,69426000,111849000,307090000,9685701000,0,0,14090000,0,1172193000,0,None,904104000,None,10297220000,None,111849000,665360000,777209000,None,None,None,365553000,13161538000,2794892000,None,67626939,USD,-75751000,6262000,-58484000,19061000,-42771000,95731000,154184000,-15410000,30982000,61896000,24649000,-13569000,12064000,-15682000,0,0,0,-11090000,1794000,None,None,61896000,27.56,35.65
16,2016-06-30,USD,137401000,110179000,9157000,137401000,27222000,21503000,0,0,27222000,0,110179000,None,27222000,-14557000,96000,None,None,None,0,0,0,5719000,484000,0,21503000,21503000,None,USD,13030349000,24058000,None,None,11506882000,1523467000,0,9531524000,14090000,1157025000,145641000,366156000,4568994000,322049000,10643064000,1111540000,1717876000,-12164000,192732000,2787008000,8720135000,1133253000,2388306000,76653000,111841000,283436000,9531524000,0,0,14090000,0,1157025000,0,None,940260000,None,10243341000,None,111841000,751977000,863818000,None,None,None,364516000,13030349000,2710355000,None,67623601,USD,-145140000,6328000,-142544000,4917000,340213000,221704000,-102098000,1725000,21503000,93551000,14391000,2644000,11144000,-15661000,-750000,0,0,-27228000,2321000,None,None,93551000,24.85,27.56
17,2016-03-31,USD,134464000,98944000,9410000,134464000,35520000,27003000,0,0,35520000,0,98944000,None,35520000,3552000,5858000,None,None,None,0,0,0,8517000,888000,0,27003000,27003000,None,USD,12775196000,25751000,None,None,11266940000,1508256000,0,9633643000,14093000,1151757000,142519000,366156000,4539341000,228498000,10546152000,912509000,1378945000,-21573000,194453000,2679800000,8557585000,1116349000,2368120000,83182000,111833000,263330000,9633643000,0,0,14093000,0,1151757000,0,None,951451000,None,10095396000,None,111833000,608955000,720788000,None,None,None,363979000,12775196000,2596618000,None,67639832,USD,-112607000,-7185000,-106054000,9367000,25299000,54925000,45266000,2341000,27003000,-49253000,1876000,4047000,10808000,-15640000,0,0,0,-32797000,2814000,None,None,-49253000,23.03,24.85
18,2015-12-31,USD,135048000,98620000,9301000,135048000,36428000,27858000,0,0,36428000,0,98620000,None,36428000,106656000,20460000,None,None,None,0,0,0,8570000,-15631000,0,27858000,27858000,None,USD,12678896000,27546000,None,242289000,11205839000,1473057000,0,9588230000,14076000,1142908000,150970000,366156000,4564037000,277751000,10502002000,913772000,49969000,-45394000,195656000,2714880000,8371773000,1079355000,2345422000,91707000,111825000,239017000,9588230000,0,0,14076000,0,1142908000,0,None,1002885000,None,9964016000,None,111825000,592012000,703837000,None,None,None,361467000,12678896000,2623173000,None,67559128,USD,-292854000,7759000,-282595000,13082000,100640000,261656000,175827000,35402000,27858000,57699000,78638000,2582000,10443000,-15653000,0,0,0,29996000,2823000,None,None,57699000,23.04,23.03
19,2015-09-30,USD,139809000,103560000,8933000,139809000,36249000,28430000,0,0,36249000,0,103560000,None,36249000,0,0,None,None,None,0,0,0,7819000,0,0,28430000,28430000,None,USD,12390276000,30129000,None,None,10913520000,1476756000,0,9412404000,14076000,1130766000,144077000,365500000,4580143000,220052000,10123422000,711018000,None,-28580000,196558000,2691328000,8078155000,1081127000,2382822000,88454000,111817000,260499000,9412404000,0,0,14076000,0,1130766000,0,None,1028606000,None,9698948000,None,111817000,678281000,790098000,None,None,None,360494000,12390276000,2602874000,None,67557395,USD,-236784000,1276000,-234172000,6484000,557021000,161598000,-379765000,None,28430000,-34998000,37576000,15356000,11522000,-15658000,0,0,0,-19008000,3872000,None,None,-34998000,23.17,23.04
