,fiscalDateEnding,reportedCurrency_x,totalRevenue,totalOperatingExpense,costOfRevenue,grossProfit,ebit,netIncome_x,researchAndDevelopment,effectOfAccountingCharges,incomeBeforeTax,minorityInterest,sellingGeneralAdministrative,otherNonOperatingIncome,operatingIncome,otherOperatingExpense,interestExpense,taxProvision,interestIncome,netInterestIncome,extraordinaryItems,nonRecurring,otherItems,incomeTaxExpense,totalOtherIncomeExpense,discontinuedOperations,netIncomeFromContinuingOperations,netIncomeApplicableToCommonShares,preferredStockAndOtherAdjustments,reportedCurrency_y,totalAssets,intangibleAssets,earningAssets,otherCurrentAssets,totalLiabilities,totalShareholderEquity,deferredLongTermLiabilities,otherCurrentLiabilities,commonStock,retainedEarnings,otherLiabilities,goodwill,otherAssets,cash,totalCurrentLiabilities,shortTermDebt,currentLongTermDebt,otherShareholderEquity,propertyPlantEquipment,totalCurrentAssets,longTermInvestments,netTangibleAssets,shortTermInvestments,netReceivables,longTermDebt,inventory,accountsPayable,totalPermanentEquity,additionalPaidInCapital,commonStockTotalEquity,preferredStockTotalEquity,retainedEarningsTotalEquity,treasuryStock,accumulatedAmortization,otherNonCurrrentAssets,deferredLongTermAssetCharges,totalNonCurrentAssets,capitalLeaseObligations,totalLongTermDebt,otherNonCurrentLiabilities,totalNonCurrentLiabilities,negativeGoodwill,warrants,preferredStockRedeemable,capitalSurplus,liabilitiesAndShareholderEquity,cashAndShortTermInvestments,accumulatedDepreciation,commonStockSharesOutstanding,reportedCurrency,investments,changeInLiabilities,cashflowFromInvestment,otherCashflowFromInvestment,netBorrowings,cashflowFromFinancing,otherCashflowFromFinancing,changeInOperatingActivities,netIncome_y,changeInCash,operatingCashflow,otherOperatingCashflow,depreciation,dividendPayout,stockSaleAndPurchase,changeInInventory,changeInAccountReceivables,changeInNetIncome,capitalExpenditures,changeInReceivables,changeInExchangeRate,changeInCashAndCashEquivalents,clossingVal,nextClossingVal
0,2020-06-30,USD,38904000,8445000,29495000,9409000,721000,798000,None,None,721000,None,8445000,-243000,964000,None,243000,-77000,None,-243000,None,None,None,-77000,None,None,798000,798000,None,USD,124163000,7349000,None,1942000,56707000,67456000,3049000,None,3706000,46591000,5731000,41681000,333000,366000,17917000,2003000,2003000,-847000,20871000,45245000,None,18426000,None,28743000,26524000,14194000,15914000,None,None,3706000,None,46591000,None,None,9017000,None,78918000,6535000,26524000,9217000,38790000,None,None,None,18006000,124163000,366000,None,7411117,USD,-1261000,-2226000,-1261000,None,-1817000,-2721000,None,243000,798000,60000,4042000,-251000,1872000,None,-904000,5000,None,896000,1261000,2948000,-193000,-133000,25.86,
1,2020-03-31,USD,87525000,15697000,65027000,22498000,6160000,2493000,None,None,6160000,None,15697000,-641000,6801000,None,344000,905000,None,-344000,None,None,None,1288000,None,None,4872000,2493000,None,USD,128122000,7977000,None,1697000,61035000,67087000,3025000,None,3691000,46477000,4919000,41540000,319000,499000,20922000,1982000,1982000,-1010000,20833000,48460000,None,17570000,None,32084000,28362000,14180000,18940000,None,None,3691000,None,46477000,None,None,9312000,None,79662000,6832000,28362000,8726000,40113000,None,None,None,17929000,128122000,499000,None,7381180,USD,-14109000,976000,-14109000,-12531000,10636000,10738000,None,182000,2493000,-45000,3326000,222000,1708000,None,102000,534000,None,1094000,1578000,-3701000,340000,295000,26.5,25.86
2,2019-12-31,USD,43179000,7837000,33251000,9928000,1897000,1477000,None,None,1897000,None,7837000,-194000,2091000,None,194000,420000,None,-194000,None,None,None,420000,-194000,None,1477000,1477000,None,USD,114011000,3955000,None,1920000,49227000,64784000,2472000,40000,3688000,43984000,4405000,34961000,321000,204000,19741000,1960000,1960000,-444000,20646000,44607000,500000,25868000,None,28031000,17748000,14452000,17781000,None,None,3688000,None,43984000,None,None,9842000,None,69404000,7333000,17748000,9266000,29486000,None,None,None,17556000,114011000,204000,None,7376488,USD,-1333000,608000,-1333000,-380000,-4954000,-4701000,None,1282000,1477000,-633000,5401000,460000,1648000,None,253000,1148000,-380000,440000,953000,-380000,-83000,-716000,31.86,26.5
3,2019-09-30,USD,41763000,38704000,31318000,10445000,4740000,2379000,None,None,2762000,None,7386000,None,3059000,None,297000,383000,None,-297000,None,None,None,383000,-297000,None,2379000,2379000,None,USD,115005000,4341000,None,2409000,52349000,62656000,2460000,None,3679000,42507000,4339000,34889000,321000,920000,19368000,1940000,1940000,-537000,21189000,46341000,500000,23426000,None,27687000,22722000,15325000,17428000,None,None,3679000,None,42507000,None,None,8245000,None,68664000,5920000,22722000,7799000,32981000,None,None,None,17007000,115005000,920000,None,7357973,USD,-3538000,-2336000,-3538000,-936000,2304000,1831000,None,-1032000,2379000,253000,1960000,-871000,1681000,None,-473000,690000,216000,201000,2602000,216000,46000,299000,25.61,31.86
4,2019-06-30,USD,42395000,8094000,32343000,10052000,1673000,1718000,None,None,1673000,None,8094000,-285000,1958000,None,285000,-45000,None,-285000,None,None,None,-45000,-285000,None,1718000,1718000,None,USD,113663000,4787000,None,1650000,52960000,60703000,2462000,125000,3652000,41129000,4280000,34958000,237000,621000,22015000,1919000,1919000,-482000,19113000,46260000,500000,20958000,None,28052000,20439000,15937000,20096000,None,None,3652000,None,41129000,None,None,8545000,None,67403000,6226000,20439000,8044000,30945000,None,None,None,16404000,113663000,621000,None,7303664,USD,-1262000,-1808000,-1262000,184000,1356000,379000,None,-592000,1718000,-9000,874000,-278000,1622000,None,-977000,-1497000,562000,555000,1446000,562000,-158000,-167000,25.59,25.61
5,2019-03-31,USD,44493000,7909000,32950000,11543000,3355000,2660000,None,None,3355000,None,7909000,-279000,3634000,None,279000,695000,None,-279000,None,None,None,695000,-279000,None,2660000,2660000,None,USD,105230000,5233000,None,1329000,45600000,59630000,2450000,228000,3605000,40169000,4348000,34545000,293000,788000,22149000,1899000,1899000,-611000,19653000,45006000,500000,19852000,None,28585000,19103000,14304000,20250000,None,None,3605000,None,40169000,None,None,793000,None,60224000,None,19103000,1898000,23451000,None,None,None,16467000,105230000,788000,None,7210882,USD,-1730000,2948000,-1730000,-184000,-3548000,-3458000,None,483000,2660000,127000,5315000,117000,1628000,None,90000,-556000,-2778000,1296000,1546000,-2778000,-159000,-32000,22.98,25.59
6,2018-12-31,USD,40868000,7154000,31320000,9548000,2099000,1569000,0,None,2099000,None,7154000,-295000,2394000,None,-250000,530000,None,None,None,None,None,530000,-295000,None,1569000,1569000,None,USD,102017000,5703000,None,1405000,45499000,56518000,1689000,813000,3602000,37509000,3537000,34419000,233000,820000,19308000,1896000,1896000,-615000,19373000,41689000,600000,16396000,None,25832000,22654000,13632000,17412000,None,None,3602000,None,37509000,None,None,833000,None,60328000,None,22654000,1848000,26191000,None,None,None,16022000,102017000,820000,None,8000000,USD,None,-1154000,-1857000,-108000,-746000,-685000,None,-156000,1569000,-161000,2381000,-257000,1666000,None,61000,628000,-463000,392000,1749000,-463000,410000,249000,19.02,22.98
7,2018-09-30,USD,38879000,6963000,29740000,9139000,1981000,1488000,0,None,1981000,None,6963000,-195000,2176000,None,-197000,None,None,None,None,None,None,493000,-195000,None,1488000,1488000,None,USD,102413000,6197000,None,1227000,47547000,54866000,1708000,624000,3601000,35940000,3564000,34120000,270000,571000,20830000,2143000,2143000,-274000,19591000,41635000,600000,14549000,0,25676000,23153000,14161000,18687000,0,0,3601000,0,35940000,0,None,870000,None,60778000,None,23153000,1856000,26717000,None,None,None,15599000,102413000,571000,None,7201589,USD,None,1003000,-5399000,-3614000,3752000,3818000,None,296000,1488000,222000,1803000,97000,1500000,0,66000,-558000,-2081000,354000,1785000,-2081000,-137000,85000,22.85,19.02
8,2018-06-30,USD,36658000,7088000,27545000,9113000,1800000,1428000,0,None,1800000,None,7088000,-225000,2025000,None,-206000,None,None,None,None,None,None,372000,-225000,None,1428000,1428000,None,USD,94510000,5115000,None,1240000,41639000,52871000,1704000,411000,3599000,34451000,3623000,32739000,249000,486000,18614000,2143000,2143000,-376000,17691000,38016000,700000,15017000,0,22980000,19402000,13310000,16471000,0,0,3599000,0,34451000,0,None,949000,None,56494000,None,19402000,1919000,23025000,None,None,None,15197000,94510000,486000,None,7198513,USD,None,-2591000,-1918000,0,-1306000,-1383000,None,-1466000,1428000,-239000,3062000,4000,1567000,0,-77000,-614000,2937000,331000,1918000,2937000,148000,-91000,18.9,22.85
9,2018-03-31,USD,82935000,14439000,62339000,20596000,5622000,4285000,0,0,5622000,0,14439000,-535000,6157000,0,-264000,None,None,None,0,0,0,1337000,-224000,0,4285000,4285000,None,USD,96822000,5505000,None,1240000,45474000,51348000,1709000,232000,3578000,33086000,3617000,32740000,273000,577000,21150000,2143000,2143000,-281000,17091000,40513000,700000,13103000,0,26045000,20707000,12651000,19007000,0,0,3578000,0,33086000,0,None,973000,None,56309000,None,20707000,1908000,24324000,None,None,None,14965000,96822000,577000,None,7155050,USD,None,2477000,-798000,0,-3396000,-3302000,-90000,409000,2454000,-43000,4057000,-230000,1464000,0,94000,-1062000,-1943000,897000,798000,-1943000,116000,73000,15.65,18.9
10,2017-12-31,USD,40483000,107064000,29239000,9920000,6329000,1831000,0,0,2343000,0,7047000,None,2654000,0,250000,None,None,None,0,0,0,512000,-288000,0,3618000,1831000,None,USD,94235000,5984000,None,988000,45631000,48604000,955000,4524000,3572000,30640000,1960000,32823000,39886000,504000,18613000,2143000,2143000,-161000,17478000,36871000,800000,9797000,0,24235000,24103000,11144000,16470000,0,0,3572000,0,30640000,0,None,1079000,None,57364000,None,24103000,1960000,27018000,None,None,None,14553000,94235000,504000,None,7144475,USD,None,1629000,-1131000,11000,-3461000,-3401000,None,249000,1831000,-376000,4156000,116000,1543000,0,60000,408000,-1769000,398000,1142000,-1769000,255000,-121000,14.25,15.65
11,2017-09-30,USD,35927000,6696000,27773000,8154000,1187000,781000,0,0,1187000,0,6696000,-271000,1458000,0,281000,None,None,None,0,0,0,406000,145000,0,781000,781000,None,USD,94071000,6542000,None,1171000,47473000,46598000,1175000,4414000,3570000,28809000,1944000,33019000,40600000,625000,16076000,1429000,1429000,-12000,17419000,36052000,None,7037000,0,22720000,28278000,11536000,14647000,0,0,3570000,0,28809000,0,None,1039000,None,58019000,None,28278000,1944000,31397000,None,None,None,14231000,94071000,625000,None,7139988,USD,None,1955000,-1814000,0,-2254000,-2103000,None,1002000,781000,626000,4543000,101000,1497000,0,151000,353000,760000,582000,1814000,-726000,-602000,24000,13.55,14.25
12,2017-06-30,USD,36279000,7280000,27588000,8691000,1139000,856000,0,0,1139000,0,7280000,-272000,1411000,0,236000,None,None,None,0,0,0,283000,-168000,0,856000,856000,None,USD,92702000,6973000,None,1281000,47721000,44981000,1137000,3535000,3561000,28028000,1930000,32570000,40574000,601000,14122000,1429000,31961000,-365000,16625000,35503000,None,5438000,0,21835000,30532000,11786000,12693000,0,0,3561000,0,28028000,0,None,1031000,None,57199000,None,30532000,1930000,33599000,None,None,None,13757000,92702000,601000,None,7121748,USD,None,-5616000,-2128000,0,4650000,4826000,-90000,-2605000,856000,-184000,-2882000,-246000,1487000,0,176000,-1373000,1486000,524000,2128000,1486000,-57000,-241000,12.15,13.55
13,2017-03-31,USD,38453000,7217000,28671000,9782000,2342000,1512000,0,0,2342000,0,7217000,-223000,2565000,0,218000,None,None,None,0,0,0,830000,-844000,0,1512000,1512000,None,USD,92097000,7519000,None,1193000,48696000,43401000,1134000,5907000,3522000,27297000,1923000,32520000,40940000,842000,19756000,1429000,1429000,-414000,15568000,35589000,700000,3362000,0,23276000,25883000,10278000,18327000,0,0,3522000,0,27297000,0,None,901000,None,56508000,None,25883000,1923000,28940000,None,None,None,12996000,92097000,842000,None,7043754,USD,None,1340000,-1116000,30000,1114000,-2166000,-2702000,181000,1512000,388000,3670000,117000,1517000,0,-578000,542000,-4728000,202000,1146000,-1560000,-105000,283000,12.7,12.15
14,2016-12-31,USD,37813000,6562000,28898000,8915000,2165000,1280000,0,0,2165000,0,6562000,-188000,2353000,0,184000,None,None,None,0,0,0,885000,10000,0,1280000,1280000,None,USD,91268000,8128000,None,1201000,48837000,42431000,1192000,7613000,3506000,25785000,1949000,32436000,41613000,559000,20928000,1429000,1429000,-403000,15378000,34277000,None,1867000,0,21745000,24768000,10772000,19499000,0,0,3506000,0,25785000,0,None,1049000,None,56991000,None,24768000,1949000,27909000,None,None,None,13543000,91268000,559000,None,7012799,USD,None,1433000,-1589000,19000,2406000,2454000,-2702000,-53000,1280000,-270000,-1135000,-53000,1562000,0,48000,-3232000,0,332000,1608000,-2457000,231000,-39000,10.8,12.7
15,2016-09-30,USD,34485000,6449000,26458000,8027000,1387000,896000,0,0,1387000,0,6449000,-191000,1578000,0,180000,None,None,None,0,0,0,491000,-36000,0,896000,896000,None,USD,86039000,8867000,None,1185000,44841000,41198000,951000,7426000,3503000,24505000,1922000,32680000,42580000,598000,19606000,1429000,None,-309000,14691000,28768000,None,-349000,0,19474000,22362000,7511000,18177000,0,0,3503000,0,24505000,0,None,1033000,None,57271000,None,22362000,1922000,25235000,None,None,None,13499000,86039000,598000,None,7005469,USD,None,3871000,-1573000,-44000,-3555000,-3870000,-339000,None,896000,-294000,5149000,145000,1556000,0,24000,80000,0,42000,1529000,-1441000,111000,-183000,10.9365,10.8
16,2016-06-30,USD,33147000,6808000,24901000,8246000,1270000,834000,0,0,1270000,0,6808000,-168000,1438000,0,137000,None,None,None,0,0,0,436000,0,0,834000,834000,None,USD,85221000,9607000,None,1296000,45171000,40050000,1181000,7408000,3494000,23609000,1914000,32705000,43383000,781000,16159000,1429000,None,-279000,14017000,27821000,None,-2262000,0,18155000,25917000,7589000,14730000,0,0,3494000,0,23609000,0,None,1071000,None,57400000,None,25917000,1914000,29012000,None,None,None,13226000,85221000,781000,None,6987342,USD,None,-2317000,-7890000,-6923000,8273000,8350000,None,None,834000,320000,-140000,-433000,1549000,0,77000,-815000,730000,312000,967000,730000,-180000,140000,10.05,10.9365
17,2016-03-31,USD,32860000,6319000,24318000,8542000,2121000,1577000,0,0,2121000,0,6319000,-102000,2223000,0,94000,None,None,None,0,0,0,544000,-895000,0,1577000,1577000,None,USD,76707000,8211000,None,1096000,37796000,38911000,1071000,7688000,3462000,22814000,1823000,29112000,38176000,641000,15829000,19073000,19073000,-358000,12313000,26218000,700000,1588000,0,17961000,19073000,6520000,15829000,0,0,3462000,0,22814000,0,None,853000,None,50489000,None,19073000,1823000,21967000,None,None,None,12993000,76707000,641000,None,6923557,USD,None,1775000,-11315000,-10945000,8535000,8623000,-61000,140000,1577000,887000,3579000,240000,1235000,0,88000,-737000,998000,436000,370000,-947000,-398000,489000,10.14,10.05
18,2015-12-31,USD,30160000,5096000,23382000,6778000,1620000,1068000,0,0,1620000,0,5096000,-62000,1682000,0,54000,None,None,None,0,0,0,552000,0,0,1068000,1068000,None,USD,63456000,3814000,None,1214000,26450000,37006000,1768000,3423000,3452000,21237000,1945000,22462000,27361000,152000,12199000,None,None,-518000,11813000,24282000,None,10730000,0,17118000,10538000,5798000,12199000,0,0,3452000,0,21237000,0,None,964000,121000,39174000,None,10538000,1945000,14251000,None,None,None,12835000,63456000,152000,None,6904442,USD,None,-413000,-1008000,0,-1446000,-1377000,None,None,1068000,-296000,2089000,24000,969000,0,69000,455000,1945000,-120000,1008000,106000,285000,-11000,9.94,10.14
19,2015-09-30,USD,29476000,5367000,22739000,6737000,1334000,878000,0,0,1334000,0,5367000,-36000,1370000,0,48000,None,None,None,0,0,0,456000,0,0,878000,878000,None,USD,64440000,4172000,None,1461000,28444000,35996000,1782000,4318000,3448000,20171000,1922000,22652000,27783000,163000,12756000,None,None,-387000,11419000,25238000,None,9172000,0,17345000,11984000,6269000,12756000,0,0,3448000,0,20171000,0,None,959000,None,39202000,None,11984000,1922000,15688000,None,None,None,12764000,64440000,163000,None,6895703,USD,None,1522000,-3852000,-2218000,513000,636000,None,None,878000,-538000,2678000,-120000,902000,0,101000,298000,1839000,255000,1634000,-1057000,651000,113000,9.7499,9.94
