,fiscalDateEnding,reportedCurrency_x,totalRevenue,totalOperatingExpense,costOfRevenue,grossProfit,ebit,netIncome_x,researchAndDevelopment,effectOfAccountingCharges,incomeBeforeTax,minorityInterest,sellingGeneralAdministrative,otherNonOperatingIncome,operatingIncome,otherOperatingExpense,interestExpense,taxProvision,interestIncome,netInterestIncome,extraordinaryItems,nonRecurring,otherItems,incomeTaxExpense,totalOtherIncomeExpense,discontinuedOperations,netIncomeFromContinuingOperations,netIncomeApplicableToCommonShares,preferredStockAndOtherAdjustments,reportedCurrency_y,totalAssets,intangibleAssets,earningAssets,otherCurrentAssets,totalLiabilities,totalShareholderEquity,deferredLongTermLiabilities,otherCurrentLiabilities,commonStock,retainedEarnings,otherLiabilities,goodwill,otherAssets,cash,totalCurrentLiabilities,shortTermDebt,currentLongTermDebt,otherShareholderEquity,propertyPlantEquipment,totalCurrentAssets,longTermInvestments,netTangibleAssets,shortTermInvestments,netReceivables,longTermDebt,inventory,accountsPayable,totalPermanentEquity,additionalPaidInCapital,commonStockTotalEquity,preferredStockTotalEquity,retainedEarningsTotalEquity,treasuryStock,accumulatedAmortization,otherNonCurrrentAssets,deferredLongTermAssetCharges,totalNonCurrentAssets,capitalLeaseObligations,totalLongTermDebt,otherNonCurrentLiabilities,totalNonCurrentLiabilities,negativeGoodwill,warrants,preferredStockRedeemable,capitalSurplus,liabilitiesAndShareholderEquity,cashAndShortTermInvestments,accumulatedDepreciation,commonStockSharesOutstanding,reportedCurrency,investments,changeInLiabilities,cashflowFromInvestment,otherCashflowFromInvestment,netBorrowings,cashflowFromFinancing,otherCashflowFromFinancing,changeInOperatingActivities,netIncome_y,changeInCash,operatingCashflow,otherOperatingCashflow,depreciation,dividendPayout,stockSaleAndPurchase,changeInInventory,changeInAccountReceivables,changeInNetIncome,capitalExpenditures,changeInReceivables,changeInExchangeRate,changeInCashAndCashEquivalents,clossingVal,nextClossingVal
0,2020-06-30,USD,62685000,73383000,6859000,62685000,-11133000,-11242000,13103000,None,-11133000,None,46996000,-435000,-10698000,13284000,None,109000,72000,72000,None,None,None,109000,-507000,None,-11242000,-11242000,None,USD,391437000,14167000,None,14111000,74243000,317194000,386000,4665000,11000,-453973000,1528000,63124000,3567000,173086000,38083000,None,None,None,27775000,228737000,21005000,239903000,None,41540000,None,None,33418000,None,None,11000,None,-453973000,None,None,36629000,None,162700000,39297000,None,35774000,36160000,None,None,None,771156000,391437000,173086000,None,107910000,USD,-2789000,-957000,-2789000,None,-2263000,-3119000,-3119000,1417000,-11242000,-9769000,-3861000,-2462000,6425000,None,None,None,-2674000,7131000,2789000,-2674000,None,-9769000,2.58,
1,2020-03-31,USD,83526000,87561000,7221000,76305000,-11105000,-10669000,12216000,None,-11105000,None,58887000,151000,-11256000,6271000,None,-436000,533000,533000,None,10187000,None,-436000,-10569000,None,-10669000,-10669000,None,USD,400757000,15713000,None,10484000,78320000,322437000,344000,5089000,11000,-442731000,2711000,63124000,3691000,182855000,39696000,None,None,None,28704000,233465000,21512000,243600000,None,40126000,None,None,34607000,None,None,11000,None,-442731000,None,None,38239000,None,167292000,41002000,None,38280000,38624000,None,None,None,765157000,400757000,182855000,None,107183633,USD,-3505000,-13517000,-3505000,None,-2263000,-724000,-727000,-9055000,-10669000,1321000,5550000,4505000,6271000,None,3000,None,2537000,16341000,3505000,2537000,None,1321000,2.42,2.58
2,2019-12-31,USD,89668000,90780000,7768000,81900000,-8750000,-8813000,12462000,None,-8750000,None,72054000,130000,-8880000,6264000,0,63000,673000,673000,None,None,None,63000,-543000,None,-8813000,-8813000,None,USD,421687000,17260000,None,13319000,94416000,327271000,783000,5875000,11000,-432062000,3119000,73311000,3620000,181534000,54170000,None,None,None,29797000,239741000,21894000,236700000,None,44888000,None,None,48295000,None,None,11000,None,-432062000,None,None,39684000,None,181946000,43002000,None,39463000,40246000,None,None,None,759322000,421687000,181534000,None,106865830,USD,-3134000,-22618000,-3134000,-23174000,-2263000,-888000,-890000,6336000,-8813000,9071000,13093000,53969000,7772000,None,2000,None,114000,9798000,3134000,114000,None,9071000,4.75,2.42
3,2019-09-30,USD,90555000,90151000,8391000,82164000,-7596000,-7652000,13027000,None,-7596000,None,70979000,391000,-7987000,6145000,0,56000,855000,855000,None,None,None,56000,-464000,None,-7652000,-7652000,None,USD,448583000,18807000,None,43189000,118605000,329978000,736000,6383000,10000,-423249000,3042000,73311000,4247000,172463000,77223000,None,None,None,30949000,261259000,22437000,237860000,None,45607000,None,None,70840000,None,None,10000,None,-423249000,None,None,41820000,None,187324000,44723000,None,40646000,41382000,None,None,None,753217000,448583000,172463000,None,106492395,USD,-2745000,-9651000,-2745000,-23174000,-2263000,-1384000,-1406000,-12424000,-7652000,-4102000,27000,47000,6175000,None,22000,None,3337000,7771000,2745000,3337000,None,-4102000,3.4,4.75
4,2019-06-30,USD,88075000,104427000,8332000,79743000,-23991000,-24060000,16045000,None,-23991000,None,81615000,693000,-24684000,6767000,0,69000,966000,966000,None,None,None,69000,-273000,None,-24060000,-24060000,None,USD,461510000,20353000,None,43008000,130111000,331399000,695000,6933000,10000,-415597000,3179000,73311000,4738000,176565000,87081000,None,None,None,32282000,268859000,22901000,237735000,None,49286000,None,None,80148000,None,None,10000,None,-415597000,None,None,43804000,None,192651000,46784000,None,42335000,43030000,None,None,None,746986000,461510000,176565000,None,105895609,USD,-2500000,38940000,-2500000,-23174000,None,-476000,-500000,9476000,-24060000,-3333000,-357000,-26908000,6767000,None,24000,None,-11055000,15959000,2500000,-11055000,None,-3333000,5.46,3.4
5,2019-03-31,USD,85582000,91911000,8936000,76646000,-14264000,-14365000,15654000,None,-14264000,None,69842000,1001000,-15265000,6415000,0,101000,1001000,1001000,None,None,None,101000,-4321000,None,-14365000,-14365000,None,USD,433597000,21901000,None,14861000,93730000,339867000,640000,6849000,10000,-391537000,6295000,73311000,7112000,179898000,45834000,6849000,6849000,None,34427000,233127000,23174000,244655000,None,38368000,41601000,None,38985000,None,None,10000,None,-391537000,None,None,47657000,None,200470000,48450000,None,47256000,47896000,None,None,None,731394000,433597000,179898000,None,105119046,USD,-23174000,136000,-26079000,-23174000,None,2268000,-543000,1470000,-14365000,-16230000,7581000,-2431000,6415000,None,2811000,None,9044000,8782000,2905000,9044000,None,-16230000,6.64,5.46
6,2018-12-31,USD,91074000,89671000,8213000,82861000,-5738000,-6393000,14715000,0,-6402000,0,69087000,1072000,-6810000,5869000,664000,None,None,None,0,0,0,-9000,904000,0,-6393000,-6393000,None,USD,420960000,23451000,None,11571000,74407000,346553000,568000,200000,10000,-373482000,9858000,73311000,6028000,196128000,41562000,None,None,None,61511000,255459000,1200000,249791000,None,47760000,22987000,None,41562000,None,None,10000,None,-373482000,None,None,7228000,None,165501000,None,22987000,9290000,32845000,None,None,None,720025000,420960000,196128000,None,104337508,USD,-23174000,-1422000,-30102000,-26091000,None,-369000,-741000,1114000,-6393000,-21621000,8850000,25079000,-681000,None,372000,None,-543000,8937000,4011000,-543000,None,-21621000,9.06,6.64
7,2018-09-30,USD,93586000,92398000,7737000,85849000,-5661000,-6251000,15345000,0,-6323000,0,71061000,888000,-6549000,5992000,662000,None,None,None,0,0,0,-72000,-109000,0,-6251000,-6251000,None,USD,420844000,13016000,None,15097000,77002000,343842000,605000,22595000,10000,-367089000,4515000,53270000,5113000,217749000,49528000,None,None,None,69174000,280271000,None,277556000,0,47425000,22959000,0,49528000,0,0,10000,0,-367089000,0,None,5113000,None,140573000,None,22959000,3910000,27474000,None,None,None,710921000,420844000,217749000,None,103819348,USD,-23174000,2869000,-3473000,800000,None,15319000,-870000,-6459000,-6251000,19262000,7416000,-558000,5990000,0,16189000,0,-5005000,10371000,3473000,-5005000,None,19262000,14.1,9.06
8,2018-06-30,USD,87850000,86843000,7752000,80098000,-5995000,-6622000,15694000,0,-6657000,0,65508000,750000,-6745000,5641000,662000,None,None,None,0,0,0,-35000,-774000,0,-6622000,-6622000,None,USD,398059000,13981000,None,13328000,74080000,323979000,692000,21460000,10000,-360838000,4882000,53270000,5188000,198487000,39905000,29293000,29293000,None,70956000,254664000,None,256728000,0,42849000,29293000,0,39905000,0,0,10000,0,-360838000,0,None,5188000,None,143395000,None,29293000,4190000,34175000,None,None,None,684807000,398059000,198487000,None,101606400,USD,-23174000,6355000,-4283000,800000,None,1824000,-691000,1610000,-6622000,2665000,5124000,-3373000,5649000,0,2515000,0,-5993000,9108000,4283000,-5993000,None,2665000,10.09,14.1
9,2018-03-31,USD,81061000,82668000,7452000,73609000,-8455000,-9055000,15594000,0,-9116000,0,61899000,604000,-9059000,5175000,661000,None,None,None,0,0,0,-61000,-856000,0,-9055000,-9055000,None,USD,387424000,14947000,None,10164000,68173000,319251000,739000,16075000,10000,-354216000,4806000,53270000,4504000,195822000,34093000,29274000,29274000,None,71385000,243318000,None,251034000,0,37332000,29274000,0,34093000,0,0,10000,0,-354216000,0,None,4504000,None,144106000,None,29274000,4067000,34080000,None,None,None,673457000,387424000,195822000,None,100897465,USD,None,-3055000,-5332000,800000,None,-51000,-732000,-2582000,-9055000,-1940000,3443000,-320000,5169000,0,681000,0,1502000,9202000,5332000,1502000,None,-1940000,9.46,10.09
10,2017-12-31,USD,83133000,86419000,7617000,75516000,-10427000,-8475000,15953000,0,-11082000,0,65511000,476000,-10903000,4955000,655000,None,None,None,0,0,0,-2607000,-10984000,0,-8475000,-8475000,None,USD,384834000,15912000,None,6620000,71716000,313118000,812000,17058000,10000,-351084000,3797000,53270000,70573000,197762000,37978000,29129000,29129000,None,70710000,243551000,None,243936000,0,39169000,29129000,0,37978000,0,0,10000,0,-351084000,0,None,1391000,None,141283000,None,29129000,3797000,33738000,None,None,None,664192000,384834000,197762000,None,100428656,USD,None,-1520000,-4615000,0,None,770000,-905000,-548000,-8475000,1360000,5205000,25483000,5856000,0,1675000,0,-3687000,7103000,4615000,95000,None,1360000,11.2,9.46
11,2017-09-30,USD,82440000,84498000,7088000,75352000,-8744000,-9519000,15357000,0,-9398000,0,63376000,402000,-9146000,5765000,654000,None,None,None,0,0,0,121000,0,0,-9519000,-9519000,None,USD,386041000,16878000,None,9935000,74908000,311133000,3393000,17646000,10000,-342609000,3393000,53270000,71737000,196402000,38955000,29086000,29086000,None,68380000,245924000,None,240985000,0,39587000,29086000,0,38955000,0,0,10000,0,-342609000,0,None,1589000,None,140117000,None,29086000,3474000,35953000,None,None,None,653732000,386041000,196402000,None,99892583,USD,None,1191000,-4854000,0,None,15340000,-994000,-2852000,-9519000,14680000,4194000,-618000,5734000,0,16334000,0,3782000,10210000,4854000,-2804000,None,14680000,15.79,11.2
12,2017-06-30,USD,81819000,82145000,7130000,74689000,-7207000,-8060000,14131000,0,-7859000,0,62346000,249000,-7456000,5668000,652000,None,None,None,0,0,0,201000,0,0,-8060000,-8060000,None,USD,368040000,17843000,None,8093000,73506000,294534000,3282000,19393000,10000,-333090000,3782000,53270000,72772000,181722000,37411000,29031000,29031000,None,68397000,226871000,None,223421000,0,37056000,29031000,0,37411000,0,0,10000,0,-333090000,0,None,1659000,None,141169000,None,29031000,3782000,36095000,None,None,None,627614000,368040000,181722000,None,97575225,USD,None,-3403000,-4867000,0,None,64369000,-833000,-3362000,-8060000,67204000,7702000,7979000,5668000,0,65202000,0,978000,7089000,4867000,-1571000,None,67204000,19.93,15.79
13,2017-03-31,USD,75757000,75523000,6392000,69365000,-6025000,-6795000,13629000,0,-6674000,0,55810000,133000,-6158000,6084000,649000,None,None,None,0,0,0,121000,0,0,-6795000,-6795000,None,USD,308826000,18809000,None,16146000,77259000,231567000,3101000,32141000,9000,-325030000,2405000,53270000,73758000,114518000,42758000,28995000,28995000,None,68542000,166526000,None,159488000,0,35862000,28995000,0,42758000,0,0,9000,0,-325030000,0,None,1679000,None,142300000,None,28995000,2405000,34501000,None,None,None,556588000,308826000,114518000,None,89098426,USD,None,6491000,-5473000,0,None,7253000,-477000,-7984000,-6795000,6797000,5017000,-7572000,6079000,0,7730000,0,593000,6221000,5473000,593000,None,6797000,15.47,19.93
14,2016-12-31,USD,74081000,75061000,6257000,67824000,-7147000,-7950000,13265000,0,-7792000,0,56258000,90000,-7237000,5538000,645000,None,None,None,0,0,0,158000,-10379000,0,-7950000,-7950000,None,USD,294448000,19774000,None,8322000,69867000,224581000,2994000,18734000,9000,-318235000,2679000,53270000,74597000,107721000,35361000,28833000,28833000,None,66941000,152910000,None,151537000,0,36867000,28833000,0,35361000,0,0,9000,0,-318235000,0,None,1553000,None,141538000,None,28833000,2679000,34506000,None,None,None,542807000,294448000,107721000,None,86159527,USD,None,1135000,-3767000,0,1521000,3145000,-561000,2729000,-7950000,4748000,5370000,24312000,5428000,0,3706000,0,-4391000,7047000,3767000,-1463000,None,4748000,12.5,15.47
15,2016-09-30,USD,75139000,75510000,6320000,68819000,-6600000,-7436000,13153000,0,-7245000,0,56322000,91000,-6691000,6035000,645000,None,None,None,0,0,0,191000,0,0,-7436000,-7436000,None,USD,289966000,20740000,None,8622000,67571000,222395000,2850000,20364000,8000,-310285000,2574000,53270000,75261000,102973000,33373000,None,None,None,67238000,147467000,None,148385000,0,35872000,28774000,0,33373000,0,0,8000,0,-310285000,0,None,1251000,None,142499000,None,28774000,2574000,34198000,None,None,None,532672000,289966000,102973000,None,85289658,USD,None,-1968000,-3087000,0,None,3475000,-360000,-314000,-7436000,-147000,-535000,-87000,6034000,0,3835000,0,2928000,6313000,3087000,-3391000,None,-147000,9.44,12.5
16,2016-06-30,USD,66427000,74017000,6365000,60062000,-13853000,-14655000,14022000,0,-14485000,0,54127000,102000,-13955000,5868000,632000,None,None,None,0,0,0,170000,0,0,-14655000,-14655000,None,USD,289208000,21749000,None,8369000,69398000,219810000,2694000,21776000,8000,-302222000,2479000,53270000,76275000,103120000,35521000,None,None,None,68736000,144197000,None,144791000,0,32708000,28704000,0,35521000,0,0,8000,0,-302222000,0,None,1256000,None,145011000,None,28704000,2479000,33877000,None,None,None,522024000,289208000,103120000,None,84286286,USD,None,6569000,-3477000,0,None,2203000,1291000,-2907000,-14655000,-2851000,-1577000,-2701000,5775000,0,912000,0,463000,6443000,3477000,-3008000,None,-2851000,7.85,9.44
17,2016-03-31,USD,61860000,66651000,6225000,55635000,-10923000,-11667000,13140000,0,-11531000,0,47607000,93000,-11016000,5904000,608000,None,None,None,0,0,0,136000,0,0,-11667000,-11667000,None,USD,288714000,22782000,None,5742000,61054000,227660000,2538000,18127000,8000,-287567000,1132000,53270000,76994000,105971000,30242000,None,None,None,70101000,141619000,None,151608000,0,29906000,27142000,0,30242000,0,0,8000,0,-287567000,0,None,942000,None,147095000,None,27142000,1132000,30812000,None,None,None,515219000,288714000,105971000,None,83739806,USD,None,-6104000,-6308000,0,None,398000,-261000,None,-11667000,-6400000,-490000,1475000,5902000,0,659000,0,3471000,6433000,6308000,3471000,None,-6400000,5.59,7.85
18,2015-12-31,USD,63588000,84785000,5987000,57601000,-27149000,-27444000,14942000,0,-27270000,0,64718000,35000,-27184000,5125000,121000,None,None,None,0,0,0,174000,-22826000,0,-27444000,-27444000,None,USD,302374000,23815000,None,6827000,69682000,232692000,2413000,18324000,8000,-275900000,1178000,53270000,78025000,112371000,39104000,28900000,28900000,None,71390000,152959000,None,155607000,0,33761000,26987000,0,39104000,0,0,8000,0,-275900000,0,None,940000,None,149415000,None,26987000,1178000,30578000,None,None,None,508584000,302374000,112371000,None,83016735,USD,None,279000,-10210000,0,617000,532000,-230000,-7996000,-27444000,-11335000,-1657000,16654000,5420000,0,762000,0,-5938000,18017000,10210000,3311000,None,-11335000,9.54,5.59
19,2015-09-30,USD,72405000,77253000,5952000,66453000,-10773000,-11105000,12340000,0,-10932000,0,60436000,27000,-10800000,4477000,159000,None,None,None,0,0,0,173000,0,0,-11105000,-11105000,None,USD,315107000,24848000,None,6924000,72066000,243041000,2660000,19107000,8000,-248456000,546000,53270000,79107000,123706000,41840000,None,None,None,67978000,168022000,None,164923000,0,37392000,27020000,0,41840000,0,0,8000,0,-248456000,0,None,989000,None,147085000,None,27020000,546000,30226000,None,None,None,491489000,315107000,123706000,None,82573963,USD,None,4717000,-5594000,0,None,586000,226000,None,-11105000,-2263000,2745000,4338000,4454000,0,360000,0,9249000,7539000,5594000,-7198000,None,-2263000,5.21,9.54
