,fiscalDateEnding,reportedCurrency_x,totalRevenue,totalOperatingExpense,costOfRevenue,grossProfit,ebit,netIncome_x,researchAndDevelopment,effectOfAccountingCharges,incomeBeforeTax,minorityInterest,sellingGeneralAdministrative,otherNonOperatingIncome,operatingIncome,otherOperatingExpense,interestExpense,taxProvision,interestIncome,netInterestIncome,extraordinaryItems,nonRecurring,otherItems,incomeTaxExpense,totalOtherIncomeExpense,discontinuedOperations,netIncomeFromContinuingOperations,netIncomeApplicableToCommonShares,preferredStockAndOtherAdjustments,reportedCurrency_y,totalAssets,intangibleAssets,earningAssets,otherCurrentAssets,totalLiabilities,totalShareholderEquity,deferredLongTermLiabilities,otherCurrentLiabilities,commonStock,retainedEarnings,otherLiabilities,goodwill,otherAssets,cash,totalCurrentLiabilities,shortTermDebt,currentLongTermDebt,otherShareholderEquity,propertyPlantEquipment,totalCurrentAssets,longTermInvestments,netTangibleAssets,shortTermInvestments,netReceivables,longTermDebt,inventory,accountsPayable,totalPermanentEquity,additionalPaidInCapital,commonStockTotalEquity,preferredStockTotalEquity,retainedEarningsTotalEquity,treasuryStock,accumulatedAmortization,otherNonCurrrentAssets,deferredLongTermAssetCharges,totalNonCurrentAssets,capitalLeaseObligations,totalLongTermDebt,otherNonCurrentLiabilities,totalNonCurrentLiabilities,negativeGoodwill,warrants,preferredStockRedeemable,capitalSurplus,liabilitiesAndShareholderEquity,cashAndShortTermInvestments,accumulatedDepreciation,commonStockSharesOutstanding,reportedCurrency,investments,changeInLiabilities,cashflowFromInvestment,otherCashflowFromInvestment,netBorrowings,cashflowFromFinancing,otherCashflowFromFinancing,changeInOperatingActivities,netIncome_y,changeInCash,operatingCashflow,otherOperatingCashflow,depreciation,dividendPayout,stockSaleAndPurchase,changeInInventory,changeInAccountReceivables,changeInNetIncome,capitalExpenditures,changeInReceivables,changeInExchangeRate,changeInCashAndCashEquivalents,clossingVal,nextClossingVal
0,2020-06-30,USD,16335000,8661000,None,16335000,7674000,6211000,None,None,7674000,None,8661000,None,7674000,1388000,1188000,1463000,13645000,12457000,None,None,None,1463000,None,None,6211000,6211000,None,USD,1521642000,1727000,None,72014000,1338836000,182806000,None,1318540000,42352000,140478000,7601000,15131000,1037654000,315480000,1326141000,None,None,-24000,23119000,1405844000,43497000,165948000,977000,1017373000,10000000,None,7601000,None,None,42352000,None,140478000,None,None,32324000,None,115798000,2695000,None,12695000,12695000,None,None,None,None,1521642000,316457000,None,8310793,USD,-93689000,4029000,-94004000,151000,None,191247000,192892000,None,6211000,103496000,6253000,-1589000,4591000,-1662000,17000,None,None,-2960000,466000,None,None,103496000,18.21,
1,2020-04-30,USD,16494000,None,None,None,None,6211000,None,None,7674000,None,5603000,None,None,1388000,1188000,1463000,13645000,12457000,None,None,None,1463000,None,None,6211000,6211000,None,USD,None,None,None,None,None,None,None,None,42352000,140478000,7601000,None,1037654000,None,None,None,None,-24000,25781000,None,None,165948000,None,None,None,None,None,None,None,None,None,None,None,None,None,None,None,None,None,None,None,None,None,None,None,None,None,None,None,USD,None,4029000,-94004000,None,None,None,192892000,None,None,None,6253000,None,None,None,None,None,None,-3285000,0,None,None,None,19.35,18.21
2,2020-03-31,USD,14560000,8286000,None,14560000,6274000,5049000,None,None,6274000,None,8286000,None,6274000,1465000,1251000,1225000,14096000,12845000,None,None,None,1225000,None,None,5049000,5049000,None,USD,1323101000,1828000,316615000,82472000,1145093000,178008000,None,1125648000,42258000,135929000,6686000,15131000,931685000,211540000,1132334000,None,None,-179000,23072000,1206233000,45465000,161049000,969000,911252000,10000000,None,6686000,None,None,42258000,None,135929000,None,None,31372000,None,116868000,2759000,None,12759000,12759000,None,None,None,None,1323101000,212509000,None,8309193,USD,-4146000,-140000,-4988000,14000,10000000,48464000,41171000,None,5049000,49297000,5821000,-1325000,424000,-1673000,-1034000,None,None,1673000,856000,None,None,49297000,18.29,19.35
3,2020-01-31,USD,15849000,None,None,None,None,5049000,None,None,6274000,None,5440000,None,None,1465000,1251000,1225000,14096000,12845000,None,None,None,1225000,None,None,5049000,5049000,None,USD,None,None,None,None,None,None,None,None,42258000,135929000,6686000,None,931685000,None,None,None,None,-179000,25831000,None,None,161049000,None,None,None,None,None,None,None,None,None,None,None,None,None,None,None,None,None,None,None,None,None,None,None,None,None,None,None,USD,None,-140000,-4988000,-485000,10000000,None,41171000,None,None,None,5821000,None,None,None,None,None,None,1415000,0,None,None,None,28.16,18.29
4,2019-12-31,USD,16740000,8373000,None,16740000,8367000,6652000,None,None,8367000,None,8373000,None,8367000,1523000,1189000,1715000,14154000,12965000,None,None,None,1715000,-229000,None,6652000,6652000,None,USD,1270542000,1930000,257588000,76249000,1094889000,175653000,None,1084477000,43246000,132553000,7589000,15131000,937030000,158161000,1092066000,None,None,-146000,22588000,1152178000,47500000,158592000,953000,916815000,None,1913000,7589000,None,None,43246000,None,132553000,None,None,31215000,None,118364000,2823000,None,2823000,2823000,None,None,None,None,1270542000,159114000,None,8346394,USD,-47901000,36000,-47873000,367000,10000000,14334000,16250000,None,6652000,-24164000,9375000,1382000,553000,-2086000,170000,None,None,788000,339000,None,None,-24164000,29.74,28.16
5,2019-10-31,USD,16094000,None,None,None,None,6652000,None,None,8367000,None,5597000,None,None,1523000,1189000,1715000,14154000,12965000,None,None,None,1715000,None,None,6652000,6652000,None,USD,None,None,None,None,None,None,None,None,43246000,132553000,7589000,None,937030000,None,None,None,None,-146000,25411000,None,None,158592000,None,None,None,None,None,None,None,None,None,None,None,None,None,None,None,None,None,None,None,None,None,None,None,None,None,None,None,USD,None,36000,-47873000,-485000,10000000,None,16250000,None,None,None,9375000,None,None,None,None,None,None,393000,0,None,None,None,26.5,29.74
6,2019-09-30,USD,16748000,-62386000,None,16748000,79134000,6335000,None,None,79134000,None,-62386000,None,79134000,1489000,1233000,1639000,14342000,13109000,None,None,None,-10163000,-184000,None,89297000,6335000,None,USD,1247132000,2031000,261282000,78346000,1076065000,171067000,None,1068227000,43030000,127987000,3131000,15131000,911486000,166984000,1076065000,None,None,50000,22830000,1136548000,40173000,153905000,958000,890260000,None,1977000,7838000,None,None,43030000,None,127987000,None,None,30419000,None,110584000,None,None,None,None,None,None,None,None,1247132000,167942000,None,8329419,USD,-23638000,-3305000,-22435000,1314000,10000000,-5928000,-4308000,None,6335000,-27820000,543000,-592000,-219000,-1252000,-368000,None,None,-1676000,111000,None,None,-27820000,27.5,26.5
7,2019-07-31,USD,15891000,None,None,None,None,6335000,None,None,7974000,None,5843000,None,None,1489000,1233000,1639000,14342000,13109000,None,None,None,1639000,None,None,6335000,6335000,None,USD,None,None,None,None,None,None,None,None,43030000,127987000,3131000,None,911486000,None,None,None,None,50000,22830000,None,None,153905000,None,None,None,None,None,None,None,None,None,None,None,None,None,None,None,None,None,None,None,None,None,None,None,None,None,None,None,USD,None,-40000,-22435000,1019000,10000000,None,-4308000,None,None,None,543000,None,None,None,None,None,None,-2443000,0,None,None,None,27.64,27.5
8,2019-06-30,USD,16475000,8967000,None,16475000,7508000,5956000,None,None,7508000,None,8967000,None,7508000,1496000,1248000,1552000,14142000,12894000,None,None,None,1552000,-410000,None,5956000,5956000,None,USD,1247310000,2144000,276317000,81184000,1081041000,166269000,None,1072535000,43398000,122904000,8506000,15131000,898374000,174300000,1081041000,None,None,-33000,23090000,1134176000,43983000,148994000,951000,877741000,None,2022000,8506000,None,None,43398000,None,122904000,None,None,28786000,None,113134000,None,None,None,None,None,None,None,None,1247310000,175251000,None,8340928,USD,-12156000,-18000,-10459000,2377000,10000000,-1156000,941000,None,5956000,-3751000,7864000,1599000,640000,-2084000,-13000,None,None,-331000,680000,None,None,-3751000,29.88,27.64
9,2019-03-31,USD,16668000,9277000,None,16668000,7391000,6114000,None,None,7391000,None,9277000,None,7391000,1501000,1113000,1277000,13802000,12728000,None,None,None,1277000,657000,None,6114000,6114000,None,USD,1240569000,2264000,270421000,65737000,1078231000,162338000,None,1071594000,43351000,119032000,6637000,15131000,899682000,178164000,1078231000,None,None,-45000,22852000,1121824000,47429000,144943000,937000,876986000,None,2349000,6637000,None,None,43351000,None,119032000,None,None,31069000,None,118745000,None,None,None,None,None,None,None,None,1240569000,179101000,None,8336419,USD,-25089000,-19000,-25465000,6900000,None,35381000,36417000,None,6114000,12843000,2927000,-2884000,348000,-1248000,212000,None,None,-651000,376000,None,None,12843000,27.98,29.88
10,2018-12-31,USD,15610000,8562000,971000,15610000,7048000,5615000,0,None,7048000,None,8562000,None,7048000,1443000,971000,None,None,None,None,None,None,1433000,-384000,None,5615000,5615000,None,USD,1200315000,2374000,None,65830000,1043410000,156905000,None,1035177000,42951000,114166000,8233000,14620000,882176000,165335000,1043410000,None,None,-212000,22884000,1092657000,37938000,139911000,925000,860567000,None,2398000,8233000,None,None,42951000,None,114166000,-67000,None,29842000,None,107658000,None,None,None,None,None,None,None,None,1200315000,166260000,None,8313403,USD,-6388000,238000,13812000,14284000,None,-7707000,-5867000,None,5615000,12879000,6774000,1436000,803000,-1911000,71000,None,None,-1080000,984000,None,None,12879000,22.3,27.98
11,2018-09-30,USD,13450000,-50696000,782000,13450000,64146000,4422000,0,0,64146000,0,-50696000,None,64146000,1353000,2048000,None,None,None,0,0,0,-10032000,-636000,0,74178000,4422000,None,USD,1018290000,2028000,None,63290000,893633000,124657000,0,889506000,14394000,110525000,1235000,5650000,747470000,151208000,893633000,None,None,-262000,18953000,942766000,17595000,119007000,63290000,728268000,0,2319000,4127000,0,0,14394000,0,110525000,-133000,None,33326000,None,75524000,None,None,None,None,None,None,None,None,1018290000,151208000,None,7401177,USD,-13201000,-190000,-20713000,-6713000,None,7843000,8779000,None,4422000,-7962000,4908000,-1458000,646000,-962000,26000,3707000,0,1488000,799000,None,None,-7962000,31.24,22.3
12,2018-06-30,USD,12872000,7122000,730000,12872000,5750000,4416000,0,0,5750000,0,7122000,None,5750000,1188000,65000,None,None,None,0,0,0,1334000,-232000,0,4416000,4416000,None,USD,1006383000,1980000,None,63132000,885489000,120894000,0,880727000,14162000,107065000,4762000,5650000,739300000,159192000,885489000,None,None,-333000,18515000,942445000,13272000,115244000,63132000,720121000,0,2545000,4762000,0,0,14162000,0,107065000,-199000,None,26501000,None,63938000,None,None,None,None,None,None,None,None,1006383000,159192000,None,7395927,USD,-18992000,-46000,-19379000,394000,None,-1326000,316000,None,4416000,-12579000,8126000,1635000,394000,-1700000,58000,2705000,0,1681000,781000,None,None,-12579000,37.34,31.24
13,2018-03-31,USD,12706000,7221000,665000,12706000,5485000,4269000,0,0,5485000,0,7221000,None,5485000,1231000,64000,None,None,None,0,0,0,1216000,-145000,0,4269000,4269000,None,USD,1001201000,1910000,None,52938000,883358000,117843000,0,880411000,13891000,104349000,2947000,5650000,731018000,171705000,883358000,None,None,-397000,18053000,935866000,15051000,112193000,52938000,711223000,0,2221000,2947000,0,0,13891000,0,104349000,-265000,None,26581000,None,65335000,None,None,None,None,None,None,None,None,1001201000,171705000,None,7390227,USD,-3684000,11000,-3011000,1080000,None,3551000,4337000,None,4269000,3198000,2658000,-1524000,444000,-959000,173000,610000,0,-531000,407000,None,None,3198000,30.4,37.34
14,2017-12-31,USD,12571000,7176000,601000,12571000,5395000,3614000,0,0,5395000,0,7176000,None,5395000,1202000,601000,None,None,None,0,0,0,1781000,-257000,0,3614000,3614000,None,USD,993895000,7521000,None,53528000,879783000,114112000,0,876074000,13540000,101039000,3709000,5650000,47178000,168535000,879783000,None,None,-467000,18307000,930074000,13484000,108462000,53528000,708011000,0,3407000,3709000,0,0,13540000,0,101039000,-331000,None,26380000,None,63821000,None,None,None,None,None,None,None,None,993895000,168535000,None,7367327,USD,-25462000,38000,-25166000,495000,None,37427000,38176000,None,3614000,18019000,5758000,1279000,468000,-810000,61000,713000,0,397000,199000,None,None,18019000,26.55,30.4
15,2017-09-30,USD,12274000,-34501000,581000,12274000,46775000,3615000,0,0,46775000,0,-34501000,None,46775000,3474000,2279000,None,None,None,0,0,0,-12404000,-589000,0,59179000,3615000,None,USD,952024000,7475000,None,43034000,841024000,111000000,0,837898000,13286000,98235000,3126000,5650000,48421000,150536000,841024000,None,None,-521000,18418000,886454000,13738000,105350000,43034000,692884000,0,3599000,3126000,0,0,13286000,0,98235000,-397000,None,27764000,None,65570000,None,None,None,None,None,None,None,None,952024000,150536000,None,7361077,USD,-4996000,-1610000,-5129000,144000,-30000000,17388000,18949000,None,3615000,15748000,3489000,271000,591000,-1398000,-163000,2162000,0,622000,277000,None,None,15748000,31.34,26.55
16,2017-06-30,USD,13403000,6938000,-598000,13403000,6465000,4277000,0,0,6465000,0,6938000,None,6465000,1318000,70000,None,None,None,0,0,0,2188000,0,0,4277000,4277000,None,USD,931009000,7431000,None,41187000,822393000,108616000,0,818818000,13223000,96018000,3575000,5650000,48236000,134807000,822393000,None,None,-625000,18465000,865589000,13767000,102966000,0,689595000,0,3523000,3575000,0,0,13223000,0,96018000,-463000,None,27538000,None,65420000,None,None,None,None,None,None,None,None,931009000,134807000,None,7354577,USD,-506000,58000,-1183000,78000,-30000000,-20650000,9999000,None,4277000,-15600000,6233000,261000,485000,-809000,160000,1737000,0,1210000,755000,None,None,-15600000,25.27,31.34
17,2017-03-31,USD,11553000,6857000,598000,11553000,4696000,3128000,0,0,4696000,0,6857000,None,4696000,500000,-2000,None,None,None,0,0,0,1568000,0,0,3128000,3128000,None,USD,946682000,7360000,None,52934000,841853000,104829000,0,808852000,12986000,92550000,3001000,5650000,45818000,151619000,811853000,30000000,30000000,-707000,18013000,883075000,13124000,99179000,0,678522000,30000000,5798000,3001000,0,0,12986000,0,92550000,-529000,None,26820000,None,63607000,None,None,30000000,30000000,None,None,None,None,946682000,151619000,None,7345477,USD,-6438000,67000,-6507000,455000,-30000000,20819000,18938000,None,3128000,12570000,-1742000,-1333000,517000,-808000,2689000,0,0,-4054000,524000,None,None,12570000,22.4,25.27
18,2016-12-31,USD,11529000,-6810000,850000,11529000,18339000,3147000,0,0,18339000,0,-6810000,None,18339000,-250000,850000,None,None,None,0,0,0,1572000,0,0,16767000,3147000,None,USD,923751000,7356000,None,53432000,824117000,99634000,0,789975000,10188000,90230000,4142000,5650000,45885000,138962000,794117000,30000000,30000000,-784000,17816000,863977000,9426000,93984000,0,671583000,30000000,2008000,4142000,0,0,10188000,0,90230000,-595000,None,26882000,None,59774000,None,None,30000000,30000000,None,None,None,None,923751000,138962000,None,6956568,USD,-6276000,None,-7344000,902000,-30000000,27994000,28478000,None,3147000,26529000,5879000,768000,393000,-626000,142000,2285000,0,1571000,1970000,None,None,26529000,20.66,22.4
