,fiscalDateEnding,reportedCurrency_x,totalRevenue,totalOperatingExpense,costOfRevenue,grossProfit,ebit,netIncome_x,researchAndDevelopment,effectOfAccountingCharges,incomeBeforeTax,minorityInterest,sellingGeneralAdministrative,otherNonOperatingIncome,operatingIncome,otherOperatingExpense,interestExpense,taxProvision,interestIncome,netInterestIncome,extraordinaryItems,nonRecurring,otherItems,incomeTaxExpense,totalOtherIncomeExpense,discontinuedOperations,netIncomeFromContinuingOperations,netIncomeApplicableToCommonShares,preferredStockAndOtherAdjustments,reportedCurrency_y,totalAssets,intangibleAssets,earningAssets,otherCurrentAssets,totalLiabilities,totalShareholderEquity,deferredLongTermLiabilities,otherCurrentLiabilities,commonStock,retainedEarnings,otherLiabilities,goodwill,otherAssets,cash,totalCurrentLiabilities,shortTermDebt,currentLongTermDebt,otherShareholderEquity,propertyPlantEquipment,totalCurrentAssets,longTermInvestments,netTangibleAssets,shortTermInvestments,netReceivables,longTermDebt,inventory,accountsPayable,totalPermanentEquity,additionalPaidInCapital,commonStockTotalEquity,preferredStockTotalEquity,retainedEarningsTotalEquity,treasuryStock,accumulatedAmortization,otherNonCurrrentAssets,deferredLongTermAssetCharges,totalNonCurrentAssets,capitalLeaseObligations,totalLongTermDebt,otherNonCurrentLiabilities,totalNonCurrentLiabilities,negativeGoodwill,warrants,preferredStockRedeemable,capitalSurplus,liabilitiesAndShareholderEquity,cashAndShortTermInvestments,accumulatedDepreciation,commonStockSharesOutstanding,reportedCurrency,investments,changeInLiabilities,cashflowFromInvestment,otherCashflowFromInvestment,netBorrowings,cashflowFromFinancing,otherCashflowFromFinancing,changeInOperatingActivities,netIncome_y,changeInCash,operatingCashflow,otherOperatingCashflow,depreciation,dividendPayout,stockSaleAndPurchase,changeInInventory,changeInAccountReceivables,changeInNetIncome,capitalExpenditures,changeInReceivables,changeInExchangeRate,changeInCashAndCashEquivalents,clossingVal,nextClossingVal
0,2020-06-30,USD,310090000,287963000,252385000,57705000,82630000,19052000,19424000,None,23958000,-5865000,16154000,None,22127000,None,None,2484000,1831000,1831000,None,None,None,2484000,None,None,21474000,19052000,None,USD,2005876000,16298000,None,28158000,613732000,1398009000,None,9113000,428063000,-511326000,83136000,None,91834000,258793000,310832000,None,79668000,95615000,765895000,1090630000,41219000,1381711000,465149000,128401000,219764000,210129000,154517000,None,None,None,None,None,None,None,None,None,915246000,None,None,521000,302900000,None,None,None,None,None,None,None,None,USD,-55967000,-7320000,-55967000,None,-5000000,-3873000,None,13853000,19052000,7445000,66603000,None,60503000,None,None,-11209000,-12981000,4705000,62537000,None,None,None,19.09,
1,2020-03-31,USD,300171000,283733000,247628000,52543000,73234000,17020000,19414000,None,14325000,-5865000,16691000,None,16438000,None,None,-1706000,-2113000,-2113000,None,None,None,-1706000,None,None,16031000,17020000,None,USD,1938176000,9963000,None,22332000,577581000,1368419000,None,54192000,1360595000,None,81426000,7000000,93032000,251348000,275939000,None,62885000,1360595000,732169000,1056450000,39562000,1343632000,469291000,115194000,220216000,198285000,148671000,None,None,None,None,None,None,None,881726000,None,881726000,None,220216000,None,301642000,None,None,None,None,None,720639000,None,108000000,USD,-148263000,-9998000,-148263000,-85356000,-24197000,-24110000,None,4076000,17020000,-104213000,68336000,None,56796000,None,87000,-6171000,11685000,-5072000,62907000,None,None,None,15.92,19.09
2,2019-12-31,USD,305710000,286812000,250878000,54832000,75302000,20707000,18877000,None,21956000,-7824000,17057000,None,18898000,None,-10122000,2360000,-1235000,3058000,None,None,None,2360000,3058000,None,19596000,20707000,None,USD,1932833000,13456000,None,22019000,586110000,1354547000,None,5962000,426111000,-547398000,87233000,7000000,86454000,355561000,253056000,65932000,65932000,89530000,699767000,1088481000,28225000,1337266000,391679000,126966000,245821000,192256000,119199000,None,None,None,None,None,-9072000,None,105047000,None,844352000,None,245821000,514000,333054000,None,None,None,1395376000,None,747240000,None,107000000,USD,-131234000,4613000,-131234000,-413000,-3247000,-1845000,None,1721000,20707000,-62075000,71561000,None,56404000,None,1842000,-4728000,-3458000,-3699000,43704000,None,None,None,24.06,15.92
3,2019-09-30,USD,312122000,289403000,253841000,58281000,75922000,22188000,18722000,None,22293000,-7824000,16840000,None,22719000,None,-426000,-61000,-426000,-426000,None,None,None,-61000,-426000,None,22354000,22188000,None,USD,1904422000,10800000,None,21571000,581686000,1329001000,None,59065000,1322736000,None,92259000,7000000,90269000,417636000,234744000,64774000,64774000,1322736000,703569000,1056122000,36662000,1304936000,305494000,123519000,254683000,187902000,104366000,None,None,None,None,None,None,None,848300000,None,848300000,None,254683000,None,346942000,None,None,None,None,None,723130000,None,108000000,USD,-54590000,16625000,-54590000,-413000,-5606000,-5563000,None,-8504000,22188000,12478000,72735000,None,53203000,None,440000,-13276000,-496000,2995000,43017000,None,None,None,19.24,24.06
4,2019-06-30,USD,306064000,288307000,252657000,53407000,70610000,20936000,18812000,None,18704000,-6265000,16838000,None,17757000,None,-426000,-1018000,947000,947000,None,None,None,-1018000,947000,None,19722000,20936000,None,USD,1871498000,11279000,None,22374000,576641000,1301122000,None,8364000,424511000,-590294000,88928000,7000000,89171000,405158000,211799000,45173000,45173000,1294857000,707122000,1020052000,36874000,1282843000,293925000,123789000,275914000,174806000,92747000,None,None,None,None,None,None,None,89171000,None,851446000,None,275914000,969000,364842000,None,None,None,None,None,699083000,None,107000000,USD,-70826000,-16116000,-119270000,-33825000,-7475000,-7475000,None,878000,20936000,-2940000,72156000,None,52853000,None,397000,378000,12665000,562000,43727000,None,None,None,15.77,19.24
5,2019-03-31,USD,310107000,282765000,246956000,63151000,79356000,26216000,19168000,None,28067000,-6265000,16641000,None,27342000,None,-426000,1667000,725000,725000,None,None,None,1667000,725000,None,26400000,26216000,None,USD,1845991000,11759000,None,22084000,578805000,1267186000,None,60512000,1267186000,None,90999000,7000000,89357000,408098000,222409000,43148000,43148000,1267186000,698447000,1003311000,36117000,1248427000,265124000,134223000,265397000,173782000,109536000,None,None,None,None,None,None,None,89357000,None,842680000,None,265397000,None,356396000,None,None,None,None,None,673222000,None,107000000,USD,-48444000,-14301000,-48444000,-6726000,-3074000,-2677000,None,-8440000,26400000,23007000,74868000,None,52014000,None,397000,-3395000,18606000,4168000,41718000,None,None,None,16.56,15.77
6,2018-12-31,USD,333590000,293351000,257957000,75633000,40239000,38073000,18378000,0,36332000,-6761000,17016000,None,40239000,0,-5926000,None,None,None,0,0,0,-183000,-3907000,0,36515000,38073000,None,USD,1789977000,13435000,None,22752000,553772000,1242966000,None,36842000,418492000,-637446000,93382000,7000000,95297000,385091000,203721000,None,None,90596000,657234000,987959000,29052000,1222531000,255929000,161991000,220288000,170778000,104329000,None,None,None,None,None,-9072000,None,None,None,None,None,256669000,None,None,None,None,None,1401154000,None,641020000,None,103000000,USD,-108590000,5524000,-171780000,-14536000,-2924000,-2915000,None,-5895000,38073000,-79355000,91496000,None,54157000,None,714000,-9702000,10933000,-1594000,89105000,None,None,None,14.74,16.56
7,2018-09-30,USD,322596000,284037000,249975000,72621000,38559000,33646000,18236000,0,36062000,-6761000,15826000,None,38559000,0,-2497000,None,None,None,0,0,0,2388000,-2497000,0,33674000,33646000,None,USD,1740657000,15006000,None,20967000,587371000,1153286000,None,82219000,1153286000,None,97323000,7000000,96722000,464446000,242291000,None,None,None,639042000,951708000,31179000,1131280000,143041000,163747000,247757000,159507000,114375000,None,None,None,None,None,None,None,None,None,None,None,None,None,None,None,None,None,None,None,None,None,102000000,USD,-4899000,-2828000,-45791000,-14536000,-43078000,-43057000,None,-3923000,33646000,-22434000,69471000,None,52764000,None,None,-7237000,-3767000,816000,40892000,None,None,None,21.76,14.74
8,2018-06-30,USD,335138000,290898000,256610000,78528000,44240000,37742000,18173000,0,38787000,-5778000,16115000,None,44240000,0,-7031000,None,None,None,0,0,0,2778000,-5453000,0,36009000,37742000,None,USD,1762623000,16671000,None,19089000,661948000,1106453000,None,31537000,394470000,-709165000,100722000,7000000,101022000,486880000,312541000,95000000,95000000,84415000,648413000,960539000,28978000,1082782000,140140000,161017000,248685000,153413000,126135000,None,None,None,None,None,-9072000,None,None,None,None,None,None,None,None,None,None,None,None,None,None,None,101000000,USD,-15488000,-395000,-55636000,-14536000,3809000,3835000,None,19261000,37742000,22219000,76929000,None,53493000,None,None,-6713000,-18351000,-8108000,40148000,None,None,None,22.01,21.76
9,2018-03-31,USD,312710000,280805000,246545000,66165000,31905000,26118000,18266000,0,28136000,-5778000,15994000,None,31905000,0,-598000,None,None,None,0,0,0,955000,-3769000,0,27181000,26118000,None,USD,1719524000,18479000,None,19175000,651769000,1067755000,None,78321000,1067755000,None,113176000,7000000,110771000,464661000,309580000,343776000,343776000,None,652816000,901660000,28798000,1042276000,125105000,144352000,229013000,148367000,116496000,None,None,None,None,None,None,None,None,None,None,None,None,None,None,None,None,None,None,None,None,None,101000000,USD,-14963000,-8556000,-55010000,-14536000,-6656000,-5998000,None,-1236000,26118000,18700000,75001000,None,53977000,None,658000,-2692000,8089000,-699000,40047000,None,None,None,26.91,22.01
10,2017-12-31,USD,357614000,1166132000,216946000,362541000,226659000,147211000,18370000,0,47406000,1431000,34872000,None,54486000,0,1783000,None,None,None,0,0,0,-93187000,-16023000,0,303823000,147211000,None,USD,1673639000,26841000,None,12372000,643933000,1036060000,63924000,81068000,391727000,-773025000,48913000,7000000,164183000,445961000,302373000,49629000,49629000,78564000,635124000,874332000,30761000,1009219000,113874000,159548000,228723000,143315000,115347000,None,None,None,None,None,-9072000,None,None,None,None,None,None,None,None,None,None,None,None,None,None,None,106000000,USD,-80643000,-138911000,-245360000,2921000,-50255000,-23318000,-4378000,-20172000,147211000,90677000,355635000,None,208411000,-4378000,31315000,-4277000,-6564000,19137000,187676000,None,None,None,34.08,26.91
11,2017-09-30,USD,354557000,268302000,210425000,70239000,41318000,55274000,17094000,0,50907000,-1674000,33916000,None,55202000,0,1776000,None,None,None,0,0,0,-9384000,-6506000,0,40198000,55274000,None,USD,1552258000,28627000,None,21465000,678471000,873787000,None,90713000,873787000,None,137224000,7000000,74202000,389377000,245762000,341149000,341149000,None,633107000,844949000,27091000,845160000,140768000,150039000,295485000,143300000,109385000,None,None,None,None,None,None,None,None,None,None,None,None,None,None,None,None,None,None,None,None,None,106000000,USD,-80643000,10914000,-91577000,-49869000,-15932000,-14905000,-49869000,-11054000,55274000,-3196000,270350000,None,55014000,None,1027000,-4636000,361000,-1957000,123368000,None,None,None,30.75,34.08
12,2017-06-30,USD,345059000,-544283000,201609000,-163243000,-100898000,50017000,16432000,0,54410000,1710000,33670000,None,57391000,0,2070000,None,None,None,0,0,0,2683000,8173000,0,-89411000,50017000,None,USD,1498508000,30848000,None,34391000,684493000,820405000,None,103740000,389329000,-975510000,46441000,7000000,62494000,483603000,254363000,352904000,352904000,69698000,628279000,807735000,27291000,789557000,None,150731000,297609000,139010000,95328000,None,None,None,None,None,-9072000,None,None,None,None,None,None,None,None,None,None,None,None,None,None,None,106000000,USD,39211000,-14324000,-2101000,34093000,-5655000,5172000,39211000,5325000,50017000,90701000,166434000,None,52389000,None,14254000,267000,-17242000,6441000,90514000,None,None,None,23.85,30.75
13,2017-03-31,USD,330080000,277317000,195614000,84768000,52763000,45509000,15768000,0,49045000,1537000,32005000,None,52763000,0,2211000,None,None,None,0,0,0,1999000,-3718000,0,47046000,45509000,None,USD,1427403000,33164000,None,27235000,681512000,745891000,None,90414000,745891000,None,140531000,7000000,64228000,392902000,237829000,346483000,346483000,None,629554000,733621000,26661000,712727000,39211000,133539000,303152000,140734000,104084000,None,None,None,None,None,None,None,None,None,None,None,None,None,None,None,None,None,None,None,None,None,105000000,USD,34093000,-15303000,-45466000,-5118000,-11805000,-3427000,-4378000,-13786000,45509000,37618000,82140000,None,49698000,None,12756000,-1421000,9529000,7914000,40348000,None,None,None,23.05,23.85
14,2016-12-31,USD,340379000,797858000,201060000,221806000,125567000,48281000,16320000,0,53239000,3972000,32341000,None,55202000,0,2230000,None,None,None,0,-627000,0,986000,36071000,0,209166000,48281000,None,USD,1379884000,35129000,None,15421000,697270000,690032000,95233000,99769000,369057000,-1071036000,58778000,7000000,65200000,355284000,247115000,31869000,31869000,82358000,616686000,697998000,15715000,654903000,34093000,155668000,296144000,137532000,99262000,None,None,None,None,None,-9072000,None,None,None,None,None,None,None,None,None,None,None,None,None,None,None,101000000,USD,-17101000,5550000,-226725000,2921000,37091000,73331000,-2563000,-347000,48281000,179709000,327468000,None,197606000,-2563000,38803000,-22069000,-30104000,-46109000,217496000,None,None,None,19.03,23.05
15,2016-09-30,USD,326209000,12249000,195922000,8294000,8960000,51213000,15547000,0,48559000,805000,32147000,None,48960000,0,3272000,None,None,None,0,0,0,-7285000,0,0,0,51213000,None,USD,1379637000,39687000,None,23916000,743602000,636035000,None,107126000,636035000,None,50716000,7000000,68838000,175575000,254517000,372172000,372172000,None,643046000,667753000,24616000,None,187258000,137914000,330526000,143090000,105745000,None,None,None,None,None,None,None,None,None,None,None,None,None,None,None,None,None,None,None,None,None,102000000,USD,None,None,-67447000,None,None,30472000,-12500000,-2610000,51213000,51771000,86410000,None,49194000,None,None,-6245000,-1469000,None,54947000,None,None,None,15.18,19.03
16,2016-06-30,USD,305003000,265000000,184397000,73000000,40000000,38486000,16030000,0,44173000,1861000,32362000,None,40178000,0,2997000,None,None,None,0,0,0,3826000,0,0,0,38486000,None,USD,1293017000,41807000,None,21581000,734248000,563591000,None,106188000,342934000,-1171000000,63028000,7000000,58254000,311062000,243191000,359000000,359000000,None,625163000,610000000,12000000,None,None,141000000,320444000,136125000,98829000,None,None,None,None,None,-9072000,None,None,None,None,None,None,None,None,None,None,None,None,None,None,None,100000000,USD,None,10273000,-35000000,29600000,None,37868000,20000000,6000000,38486000,86000000,159223000,None,48000000,None,None,-6000000,-2000000,None,111856000,None,None,None,12.42,15.18
17,2016-03-31,USD,278043000,0,165295000,0,0,65944000,15237000,0,64627000,0,30972000,None,33192000,0,3358000,None,None,None,0,0,0,79000,0,0,0,65944000,None,USD,1163910000,42601000,None,16666000,659543000,504367000,None,104990000,None,None,44947000,7000000,60105000,224577000,258757000,None,None,None,582250000,None,None,None,20000000,None,260201000,128031000,104617000,None,None,None,None,None,None,None,None,None,None,None,None,None,None,None,None,None,None,None,None,None,99000000,USD,None,10145000,None,None,None,10064000,None,None,65944000,None,77442000,None,None,None,None,None,None,None,57533000,None,None,None,12.12,12.42
18,2015-12-31,USD,254602000,879658000,146597000,205365000,80903000,22079000,15704000,0,19292000,1992000,30994000,None,33348000,0,2366000,None,None,None,0,-991000,0,-13205000,-122308000,0,-29127000,22079000,None,USD,966224000,41468000,None,18030000,580638000,397343000,69744000,86087000,326572000,-1273654000,42900000,7000000,59964000,175575000,211119000,26681000,26681000,79952000,459533000,446727000,1722000,355875000,30000000,116978000,256875000,105681000,91773000,None,None,None,None,None,-9072000,None,None,None,None,None,None,None,None,None,None,None,None,None,None,None,89000000,USD,-30000000,2389000,-195489000,2921000,903000,13757000,-1570000,-46206000,22079000,-11592000,170306000,None,168032000,-1570000,14424000,-17908000,-11115000,104761000,171959000,None,None,None,14.06,12.12
19,2015-09-30,USD,244181000,0,149928000,0,0,13551000,15980000,0,14929000,451000,31140000,None,24055000,0,3567000,None,None,None,0,0,0,927000,0,0,0,13551000,None,USD,906889000,43718000,None,23731000,582282000,324607000,None,91517000,None,None,46626000,7000000,62988000,155348000,252658000,None,None,None,430477000,None,None,None,None,None,206801000,104396000,111917000,None,None,None,None,None,None,None,None,None,None,None,None,None,None,None,None,None,None,None,None,None,87000000,USD,None,None,None,None,None,None,None,None,13551000,None,None,None,None,None,None,None,None,None,0,None,None,None,12.87,14.06
