,fiscalDateEnding,reportedCurrency_x,totalRevenue,totalOperatingExpense,costOfRevenue,grossProfit,ebit,netIncome_x,researchAndDevelopment,effectOfAccountingCharges,incomeBeforeTax,minorityInterest,sellingGeneralAdministrative,otherNonOperatingIncome,operatingIncome,otherOperatingExpense,interestExpense,taxProvision,interestIncome,netInterestIncome,extraordinaryItems,nonRecurring,otherItems,incomeTaxExpense,totalOtherIncomeExpense,discontinuedOperations,netIncomeFromContinuingOperations,netIncomeApplicableToCommonShares,preferredStockAndOtherAdjustments,reportedCurrency_y,totalAssets,intangibleAssets,earningAssets,otherCurrentAssets,totalLiabilities,totalShareholderEquity,deferredLongTermLiabilities,otherCurrentLiabilities,commonStock,retainedEarnings,otherLiabilities,goodwill,otherAssets,cash,totalCurrentLiabilities,shortTermDebt,currentLongTermDebt,otherShareholderEquity,propertyPlantEquipment,totalCurrentAssets,longTermInvestments,netTangibleAssets,shortTermInvestments,netReceivables,longTermDebt,inventory,accountsPayable,totalPermanentEquity,additionalPaidInCapital,commonStockTotalEquity,preferredStockTotalEquity,retainedEarningsTotalEquity,treasuryStock,accumulatedAmortization,otherNonCurrrentAssets,deferredLongTermAssetCharges,totalNonCurrentAssets,capitalLeaseObligations,totalLongTermDebt,otherNonCurrentLiabilities,totalNonCurrentLiabilities,negativeGoodwill,warrants,preferredStockRedeemable,capitalSurplus,liabilitiesAndShareholderEquity,cashAndShortTermInvestments,accumulatedDepreciation,commonStockSharesOutstanding,reportedCurrency,investments,changeInLiabilities,cashflowFromInvestment,otherCashflowFromInvestment,netBorrowings,cashflowFromFinancing,otherCashflowFromFinancing,changeInOperatingActivities,netIncome_y,changeInCash,operatingCashflow,otherOperatingCashflow,depreciation,dividendPayout,stockSaleAndPurchase,changeInInventory,changeInAccountReceivables,changeInNetIncome,capitalExpenditures,changeInReceivables,changeInExchangeRate,changeInCashAndCashEquivalents,clossingVal,nextClossingVal
0,2020-05-31,USD,14796401,14446686,12363754,2432647,372933,420176,None,None,314528,28380,2082932,None,349715,None,None,-121000,None,-41115,None,None,None,-121000,5928,None,435528,420176,None,USD,18875600,None,None,None,13085417,5761803,None,791570,31142,14141796,827822,None,833653,9730022,5405966,None,501134,None,397373,17644574,None,5761803,50344,7057365,6659220,None,503166,None,None,None,None,None,None,None,49653,None,1231026,381208,None,827822,7679451,None,None,None,None,None,None,None,None,USD,-9987,-79002,-9987,None,6220050,6220050,None,65660,420176,6256740,46677,None,3229,None,None,None,-239425,474932,9987,None,None,None,3.3573,
1,2020-02-29,USD,14144569,3270723,12124514,2020055,-1293993,-945102,None,None,-1293993,3109,3270723,-43325,-1250668,None,None,-352000,-43320,-41301,None,None,None,-352000,-2024,None,-941993,-945102,None,USD,12342566,None,None,254911,6987911,5341627,None,206380,31142,13721620,818000,None,1298653,3473282,5941719,940304,940304,None,13433,10599426,None,5341627,44416,6826817,None,None,4795035,None,None,31142,None,13721620,-13514003,None,480707,1249000,1743140,434572,None,1046192,1046192,None,None,None,5102868,12342566,3517698,None,1962062,USD,245000,-194171,233511,492000,940304,922513,-17791,825181,-941993,776406,-379618,46131,1563,-17791,None,None,250117,459024,11489,249828,None,776406,3.46,3.3573
2,2019-11-30,USD,15233869,2385530,12784085,2449784,75758,61512,None,None,75758,6246,2385530,11504,64254,None,None,8000,2992,2992,None,None,None,8000,8512,None,67758,61512,None,USD,11825823,None,None,300321,5511384,6286729,None,251576,31142,14666722,None,None,937653,2696876,5240782,None,None,None,3507,10365282,None,6286729,291440,7076645,None,None,4989206,None,None,31142,None,14666722,-13514003,None,569034,888000,1460541,522178,None,270602,270602,None,None,None,5102868,11825823,2988316,None,1962062,USD,0,-253831,233511,247000,940304,-11000,-11000,-200634,67758,-115643,-104643,-206978,1498,-11000,None,None,280433,8488,0,278422,None,-115643,3.2001,3.46
3,2019-08-31,USD,14946562,3189463,12671052,2275510,-906342,-663014,None,None,-906342,3672,3189463,7611,-913953,None,None,-247000,4915,4915,None,None,None,-247000,2696,None,-659342,-663014,None,USD,12108569,None,None,92198,5850888,6225217,None,281205,31142,14605210,None,None,954653,2812519,5524242,None,None,None,5005,10542712,None,6225217,282928,7355067,None,None,5243037,None,None,31142,None,14605210,-13514003,None,655852,905000,1565857,607851,None,326646,326646,None,None,None,5102868,12108569,3095447,None,1962062,USD,247000,-374085,247000,247000,940304,0,-11000,53468,-659342,-882470,-1129470,80321,1497,None,None,None,95091,-271696,0,93835,None,-882470,4.29,3.2001
4,2019-05-31,USD,15574045,3223451,13234630,2339415,-883534,-600815,None,None,-883534,8281,3223451,502,-884036,None,None,-291000,7638,7638,None,None,None,-291000,-7136,None,-592534,-600815,None,USD,12534145,None,None,170867,5617122,6888231,None,956965,31142,15268224,None,None,685653,3694989,5617122,None,None,None,6502,11841990,None,6888231,527232,7448902,None,None,5617122,None,None,31142,None,15268224,-13514003,None,49653,636000,692155,None,None,None,0,None,None,None,5102868,12534145,4222221,-268886,1962062,USD,0,912705,247000,11000,940304,0,-11000,46943,-592534,-417166,-417166,43270,2298,0,None,None,-491148,-290864,3240,-492041,None,-417166,4.8502,4.29
5,2019-02-28,USD,14782706,3046720,12651580,2131126,-910460,-676234,0,None,-910460,774,3046720,5134,-915594,None,0,-235000,8020,5096,None,None,None,-235000,38,None,-675460,-676234,None,USD,12213974,None,None,214137,4704417,7489046,None,1227605,31142,15869039,None,None,387650,4112155,4704417,None,None,None,8800,11817521,None,7489046,534368,6956861,None,None,4704417,None,None,31142,None,15869039,-13514003,None,49653,338000,396453,None,None,None,0,None,None,None,5102868,12213974,4646523,None,1962062,USD,7955,-576092,7955,10000,None,-4500,-52700,25879,-675460,-437303,-440758,33769,1509,-4500,None,None,1018444,-259038,2045,1034554,None,-437303,5.3,4.8502
6,2018-11-30,USD,16402356,2882226,13643879,2758477,-118097,-96741,0,None,-118097,9644,2882226,5652,-123749,None,0,None,None,None,None,None,None,-31000,5652,None,-87097,-96741,None,USD,13470026,0,None,247906,5280509,8165280,0,1203482,31142,16545273,None,0,128653,4549458,5280509,None,None,None,21146,13320227,None,8165280,531448,7991415,0,0,5280509,8165349,5102868,31142,0,16545273,-13514003,None,49653,79000,149799,None,None,None,None,None,None,None,5102868,13470026,5080906,None,1962062,USD,247000,-9573,-1199,1000,None,-4500,-4500,-62045,-87097,-402228,-396529,-100490,3889,-4500,0,0,-184999,-704,1199,-202554,None,-402228,5.55,5.3
7,2018-08-31,USD,16580921,2520549,13984547,2596374,75036,37795,0,None,75036,18241,2520549,-789,75825,None,0,None,None,None,None,None,None,19000,-789,None,56036,37795,None,USD,13571196,0,None,147416,5290082,8262021,0,1206255,31142,16642014,None,0,128653,4951686,5290082,None,None,None,23836,13418707,None,8262021,530744,7788861,0,0,5290082,7915484,5102868,31142,0,16642014,-13514003,None,49653,79000,152489,None,None,None,None,None,None,None,5102868,13571196,5482430,None,1962062,USD,1000,186409,1000,0,None,-43700,-43700,-34142,56036,-371751,-329051,-20858,3890,-43700,0,0,-558055,4416,1199,-558944,None,-371751,7.5,5.55
8,2018-05-31,USD,16379609,2291888,13849129,2530480,247499,136877,0,0,247499,12622,2291888,8907,238592,0,0,None,None,None,0,0,0,98000,8907,0,149499,136877,None,USD,13372451,0,None,126558,5103673,8224226,0,1408222,31142,16604219,None,0,127653,5323437,5103673,None,None,None,27726,13217072,None,8224226,537160,7229917,0,0,5103673,0,5102868,31142,0,16604219,-13514003,None,49653,78000,155379,None,None,None,None,None,None,None,5102868,13372451,5860597,-263742,1962062,USD,1000,944233,-977,0,None,-3181,-3181,49306,149499,990653,994811,58456,5,-3181,0,0,-159504,272,977,-157654,None,990653,5.15,7.5
9,2018-02-28,USD,15057682,2323748,12771586,2286096,-31043,-18846,0,0,-31043,10803,2323748,6609,-37652,0,0,None,None,None,0,0,0,-23000,6609,0,-8043,-18846,None,USD,12281900,0,None,185014,4159440,8087349,0,3488000,31142,16467342,None,0,133000,4332784,4159440,None,None,None,26754,12122493,None,8087349,532432,7072263,0,0,4159440,9646194,5102868,31142,0,16467342,-13514003,None,49653,83000,159407,None,None,None,None,None,None,None,5102868,12281900,4865216,None,1962062,USD,3000,-439459,1885,0,None,-34846,-34846,-1947,-8043,51881,84842,-41019,5913,-34846,0,0,271000,21440,1115,546010,None,51881,6.0,5.15
10,2017-11-30,USD,16515596,2287898,13795750,2719846,442215,227088,0,0,442215,27127,2287898,10267,431948,0,0,None,None,None,0,0,0,188000,0,0,254215,227088,None,USD,12764248,0,None,143995,4598899,8106195,0,3760000,31142,16486188,None,0,158000,4280903,4598899,None,None,None,31552,12575043,None,8106195,531872,7618273,0,0,4598899,9708225,5102868,31142,0,16486188,-13514003,None,49653,108000,189205,None,None,None,None,None,None,None,5102868,12764248,4812775,None,1962062,USD,248000,-592609,228677,0,None,-4350,-4350,-33694,254215,-277683,-502010,-34199,4211,-4350,0,0,0,-3816,19323,-129812,None,-277683,5.1,6.0
11,2017-08-31,USD,17037108,2567989,14192630,2844478,278359,141089,0,0,278359,19270,2567989,1870,276489,0,0,None,None,None,0,0,0,118000,0,0,160359,141089,None,USD,13106992,0,None,109796,5191508,7879107,0,4426000,31142,16259100,None,0,162000,4558586,5191508,None,None,None,16440,12928899,None,7879107,772056,7488461,0,0,5191508,0,5102868,31142,0,16259100,-13514003,None,49653,112000,178093,None,None,None,None,None,None,None,5102868,13106992,5330642,None,1962062,USD,248000,377902,248000,0,None,-1966412,-4350,80749,160359,-1165390,553022,161434,4210,-1966412,0,0,0,-5168,0,-145715,None,-1165390,4.25,5.1
12,2017-05-31,USD,16897177,-35579938,52326521,-35429344,153343,62496,0,0,153343,15847,-35579938,2749,150594,0,0,None,None,None,0,0,0,75000,14504,0,78343,62496,None,USD,14535143,0,None,271230,6775668,7738018,0,6131000,31142,16118011,None,0,49000,5723976,9613726,None,None,None,20650,14464840,None,7738018,1020888,7448746,0,0,9613726,0,5102868,31142,0,16118011,-13514003,None,49653,None,70303,None,None,None,None,None,None,None,5102868,14535143,6744864,-269069,1962062,USD,270000,924897,263516,0,None,-3000,-63924,-84930,78343,825354,564838,131662,5605,-3000,0,0,372000,13072,6484,-588741,None,825354,7.35,4.25
13,2017-02-28,USD,15390236,15509466,12985000,15390236,-115381,-68401,0,0,-115381,11020,15509466,3849,-119230,0,0,None,None,None,0,0,0,-58000,0,0,-57381,-68401,None,USD,13534903,0,None,372333,3888709,9637584,0,3473000,31142,18017577,None,0,81000,4898622,3888709,None,None,None,19771,13433920,None,9637584,1290960,6872005,0,0,3888709,0,5102868,31142,0,18017577,-13514003,None,80212,1000,100983,None,None,None,None,None,None,None,5102868,13534903,6189582,None,1962062,USD,249000,-234476,245191,0,None,-4650,None,-81790,-57381,201557,-38984,-81790,3652,-4650,0,0,961000,-1200,3809,332211,None,201557,5.5,7.35
14,2016-11-30,USD,15042789,14797433,12447000,15042789,247086,126317,0,0,247086,10769,14797433,1730,245356,0,0,None,None,None,0,0,0,110000,0,0,137086,126317,None,USD,13831410,0,None,273874,4123185,9705985,0,3578000,31142,18085978,None,0,97000,4697065,4123185,None,None,None,19614,13713915,None,9705985,1538760,7204216,0,0,4123185,0,5102868,31142,0,18085978,-13514003,None,96881,1000,117495,None,None,None,None,None,None,None,5102868,13831410,6235825,None,1962062,USD,18000,-557731,15665,0,None,-51624,None,None,137086,160339,196298,-143425,5360,-51624,0,0,629000,6952,2335,748056,None,160339,5.65,5.5
15,2016-08-31,USD,15242383,14956640,12635000,15242383,291919,147777,0,0,291919,8142,14956640,6176,285743,0,0,None,None,None,0,0,0,136000,0,0,155919,147777,None,USD,14303679,0,None,177677,4680916,9579668,0,3987000,31142,17959661,None,0,52000,4536726,4680916,None,None,None,22639,14229387,None,9579668,1557712,7957272,0,0,4680916,0,5102868,31142,0,17959661,-13514003,None,49653,2000,74292,None,None,None,None,None,None,None,5102868,14303679,6094438,None,1962062,USD,-1000,62728,-1000,0,None,-4650,None,None,155919,22569,28219,-78608,5359,-4650,0,0,0,2560,0,-119739,None,22569,6.54,5.65
16,2016-05-31,USD,15503655,-35835988,51038879,-35535224,304986,169060,0,0,304986,16926,-35835988,4222,300764,0,0,None,None,None,0,0,0,119000,6325,0,185986,169060,None,USD,14089682,0,None,99069,4618188,9431891,0,3880000,31142,17811884,None,0,53000,4514157,4618188,None,None,None,27998,14009031,None,9431891,1553272,7842533,0,0,4618188,0,5102868,31142,0,17811884,-13514003,None,49653,3000,80651,None,None,None,None,None,None,None,5102868,14089682,6067429,-262076,1962062,USD,1000,-171106,-1975,0,None,-87641,-87641,8632,185986,901527,903502,44962,5846,0,0,0,1028000,6400,2975,831414,None,901527,3.7992,6.54
17,2016-02-29,USD,15074832,15088616,12764000,15074832,-15678,-23647,0,0,-15678,14969,15088616,-1894,-13784,0,0,None,None,None,0,0,0,-7000,0,0,-8678,-23647,None,USD,14074802,0,None,144031,4789294,9262831,0,3807000,31142,17642824,None,0,54000,3612630,4789294,None,None,None,30869,13990280,None,9262831,1552672,8680947,0,0,4789294,0,0,31142,0,17642824,-13514003,None,49653,4000,84522,None,None,None,None,None,None,None,5102868,14074802,5165302,None,1962062,USD,1000,-51188,-248,0,None,-79841,None,None,-8678,-1067597,-987508,21068,5792,-79841,0,0,196000,13144,1248,-967646,None,-1067597,3.5726,3.7992
18,2015-11-30,USD,15185006,14921084,12675000,15185006,270826,120065,0,0,270826,13761,14921084,6904,263922,0,0,None,None,None,0,0,0,137000,0,0,133826,120065,None,USD,14214509,0,None,165099,4840482,9286478,0,3884000,31142,17666471,None,0,63000,4680227,4840482,None,None,None,35413,14116443,None,9286478,1557816,7713301,0,0,4840482,0,0,31142,0,17666471,-13514003,None,49653,13000,98066,None,None,None,None,None,None,None,5102868,14214509,6238043,None,1962062,USD,-286000,-312142,-287787,0,None,-7800,None,None,133826,1094789,1390376,-59183,5588,-7800,0,0,1164000,5016,1787,1617271,None,1094789,4.83,3.5726
19,2015-08-31,USD,15234788,14946814,12709000,15234788,285067,133748,0,0,285067,11319,14946814,-2907,287974,0,0,None,None,None,0,0,0,140000,0,0,145067,133748,None,USD,14400625,0,None,105916,5152624,9166413,0,4068000,31142,17546406,None,0,73000,3585438,5152624,None,None,None,39214,14288758,None,9166413,1266832,9330572,0,0,5152624,0,0,31142,0,17546406,-13514003,None,49653,23000,111867,None,None,None,None,None,None,None,5102868,14400625,4852270,None,1962062,USD,None,204278,-5822,0,None,0,None,None,145067,-84352,-78530,10180,5539,0,0,0,0,9736,5822,-453330,None,-84352,4.37,4.83
