,fiscalDateEnding,reportedCurrency_x,totalRevenue,totalOperatingExpense,costOfRevenue,grossProfit,ebit,netIncome_x,researchAndDevelopment,effectOfAccountingCharges,incomeBeforeTax,minorityInterest,sellingGeneralAdministrative,otherNonOperatingIncome,operatingIncome,otherOperatingExpense,interestExpense,taxProvision,interestIncome,netInterestIncome,extraordinaryItems,nonRecurring,otherItems,incomeTaxExpense,totalOtherIncomeExpense,discontinuedOperations,netIncomeFromContinuingOperations,netIncomeApplicableToCommonShares,preferredStockAndOtherAdjustments,reportedCurrency_y,totalAssets,intangibleAssets,earningAssets,otherCurrentAssets,totalLiabilities,totalShareholderEquity,deferredLongTermLiabilities,otherCurrentLiabilities,commonStock,retainedEarnings,otherLiabilities,goodwill,otherAssets,cash,totalCurrentLiabilities,shortTermDebt,currentLongTermDebt,otherShareholderEquity,propertyPlantEquipment,totalCurrentAssets,longTermInvestments,netTangibleAssets,shortTermInvestments,netReceivables,longTermDebt,inventory,accountsPayable,totalPermanentEquity,additionalPaidInCapital,commonStockTotalEquity,preferredStockTotalEquity,retainedEarningsTotalEquity,treasuryStock,accumulatedAmortization,otherNonCurrrentAssets,deferredLongTermAssetCharges,totalNonCurrentAssets,capitalLeaseObligations,totalLongTermDebt,otherNonCurrentLiabilities,totalNonCurrentLiabilities,negativeGoodwill,warrants,preferredStockRedeemable,capitalSurplus,liabilitiesAndShareholderEquity,cashAndShortTermInvestments,accumulatedDepreciation,commonStockSharesOutstanding,reportedCurrency,investments,changeInLiabilities,cashflowFromInvestment,otherCashflowFromInvestment,netBorrowings,cashflowFromFinancing,otherCashflowFromFinancing,changeInOperatingActivities,netIncome_y,changeInCash,operatingCashflow,otherOperatingCashflow,depreciation,dividendPayout,stockSaleAndPurchase,changeInInventory,changeInAccountReceivables,changeInNetIncome,capitalExpenditures,changeInReceivables,changeInExchangeRate,changeInCashAndCashEquivalents,clossingVal,nextClossingVal
0,2020-06-30,USD,453081000,-66813000,337306000,453081000,49453000,31325000,None,None,44588000,-2224000,-47360000,491000,48962000,-18660000,-3104000,11039000,491000,-2613000,None,-793000,None,1867000,-2554000,None,42721000,31325000,None,USD,1766989000,108205000,None,87950000,1265036000,490050000,10008000,89155000,467000,810234000,97265000,307139000,72993000,482255000,344790000,None,None,-128528000,177099000,958852000,None,74706000,None,388647000,700000000,None,255635000,None,None,467000,None,810234000,-602117000,None,215694000,None,808137000,161679000,700000000,210238000,920246000,None,54026000,None,355968000,1766989000,482255000,None,46682482,USD,-14279000,14382000,-14279000,823000,-1956000,-70893000,-50094000,11068000,33549000,-42059000,43113000,9789000,18918000,-15843000,-3000000,None,-37618000,4112000,15102000,-37618000,None,-42059000,46.56,
1,2020-03-31,USD,432213000,-69244000,321557000,432213000,41080000,21534000,None,None,34884000,-3151000,-49834000,364000,40716000,-18872000,-9592000,10199000,364000,-9228000,None,-538000,None,1700000,2162000,None,33184000,21534000,None,USD,1764768000,112315000,None,91149000,1309995000,441737000,10938000,93214000,466000,778909000,101905000,305531000,70028000,520369000,380398000,None,None,-143208000,173717000,958108000,None,23891000,None,346590000,700000000,None,287184000,None,None,466000,None,778909000,-603531000,None,215097000,None,806660000,165335000,700000000,218659000,929597000,None,53367000,None,355734000,1764768000,520369000,None,46596873,USD,-22041000,-24425000,-22041000,-5228000,407565000,403664000,-1810000,19219000,24685000,443788000,62165000,22439000,19185000,0,-2091000,None,11611000,8651000,16813000,11611000,None,443788000,36.72,46.56
2,2019-12-31,USD,461326000,-72703000,345694000,167992000,43385000,28263000,None,None,36335000,-2402000,-53894000,622000,42763000,-18634000,-5576000,5670000,622000,-4954000,None,-175000,None,2715000,-1815000,None,33620000,28263000,None,USD,1376788000,115596000,None,96287000,896135000,467467000,10602000,94206000,465000,773218000,106555000,301694000,82232000,82407000,363289000,None,None,-106234000,176633000,549825000,None,50177000,None,371131000,290000000,None,269083000,None,None,465000,None,773218000,-605314000,None,233040000,None,826963000,172613000,290000000,232244000,532846000,None,48923000,None,356409000,1376788000,82407000,None,46488938,USD,-118768000,-2194000,-118768000,-102430000,88512000,72229000,-58000,5988000,30665000,7053000,53592000,8120000,19059000,-14875000,-1350000,None,-7097000,5039000,16338000,-7097000,None,7053000,39.62,36.72
3,2019-09-30,USD,395507000,-64904000,304622000,395507000,26503000,18101000,None,None,25175000,-1878000,-48062000,522000,25981000,-16659000,-4041000,5196000,522000,-3519000,None,-183000,None,1693000,2530000,None,23482000,18101000,None,USD,1181866000,72091000,None,80709000,794723000,374721000,9916000,92851000,465000,744954000,100886000,203823000,79278000,85480000,358306000,None,None,-118700000,164972000,515610000,None,98807000,None,349421000,199000000,None,265455000,None,None,465000,None,744954000,-605370000,None,225370000,None,666256000,167510000,199000000,227501000,436417000,None,None,None,353372000,1181866000,85480000,None,46485595,USD,-15982000,3916000,-15982000,28000,-31351000,-34891000,-2190000,8322000,19979000,12258000,63131000,9084000,17096000,0,-1350000,None,9017000,4039000,16010000,9017000,None,12258000,47.88,39.62
4,2019-06-30,USD,392515000,-68342000,299237000,392515000,23302000,11798000,None,None,20959000,-1816000,-50864000,429000,22873000,-17050000,-4208000,7345000,429000,-3779000,None,-428000,None,1787000,-626000,None,19172000,11798000,None,USD,1179341000,75589000,None,75287000,788692000,378570000,11232000,91012000,464000,741728000,108697000,205758000,85609000,75517000,322869000,None,None,-110686000,162643000,512482000,None,97223000,None,361678000,228000000,None,231857000,None,None,464000,None,741728000,-607004000,None,222869000,None,666859000,157069000,228000000,226591000,465823000,None,None,None,354068000,1179341000,75517000,None,46386727,USD,-14916000,-8861000,-14916000,312000,-16608000,-31605000,217000,7234000,13614000,-5218000,41303000,5315000,17464000,-13864000,-1350000,None,9108000,4663000,15228000,9108000,None,-5218000,46.59,47.88
5,2019-03-31,USD,394356000,-67424000,-293334000,687690000,32432000,19002000,None,None,27942000,-1474000,-49720000,340000,32092000,-16743000,-5288000,7466000,-4948000,-4948000,None,-961000,None,1503000,-1669000,None,26439000,19002000,None,USD,1188642000,78532000,None,91468000,823368000,355664000,10061000,93459000,463000,729930000,151507000,205180000,81719000,89046000,304902000,37660000,37660000,-119878000,165367000,522651000,None,71952000,None,342137000,242000000,None,211443000,None,None,463000,None,729930000,-608490000,None,200195000,16717000,665991000,152010000,242000000,266405000,518466000,None,None,None,353639000,1188642000,89046000,None,46296816,USD,-13185000,14161000,-13185000,15000,-46227000,-53107000,-5980000,5869000,20476000,13671000,79963000,7233000,17552000,0,-900000,None,18580000,1961000,13200000,18580000,None,13671000,36.23,46.59
6,2018-12-31,USD,419133000,-66476000,-313372000,732505000,39489000,20333000,0,0,32617000,-449000,-47817000,536000,38953000,-17127000,-6040000,None,None,None,0,-1532000,0,353000,-8200000,0,32264000,20333000,None,USD,1054508000,80911000,None,88487000,701659000,345172000,26955000,64246000,462000,725551000,184241000,204633000,80964000,78237000,235418000,None,None,-124596000,161523000,526477000,None,59628000,None,359753000,282000000,None,171172000,None,None,462000,None,725551000,-610177000,None,65441000,15523000,528031000,None,282000000,157286000,466241000,None,None,None,353932000,1054508000,78237000,None,46194717,USD,-2119000,-6201000,-11596000,13000,8124000,-6297000,-589000,9314000,20782000,-15657000,2236000,10943000,19207000,-12932000,-900000,None,-47201000,4706000,11609000,-47201000,None,-15657000,28.57,36.23
7,2018-09-30,USD,364936000,-63354000,-286925000,651861000,16058000,5375000,0,0,8637000,-1369000,-43321000,1401000,14657000,-17317000,-8410000,None,None,None,0,-2716000,0,1313000,-8736000,0,7324000,5375000,None,USD,1038606000,82902000,None,93876000,709748000,320634000,25640000,58942000,462000,705218000,194278000,201826000,89662000,93879000,242970000,None,None,-125973000,161244000,502972000,None,35906000,0,315217000,272500000,0,184028000,0,351141000,462000,0,705218000,-610214000,None,67327000,22335000,535634000,None,272500000,168638000,466778000,None,None,None,351141000,1038606000,93879000,None,46192458,USD,None,61366000,-14970000,-12000,-18272000,-21295000,-2331000,-39715000,6744000,25138000,61403000,-36639000,17992000,-12932000,-692000,0,11488000,452000,14958000,11488000,None,37538000,25.9,28.57
8,2018-06-30,USD,349853000,-62090000,-274260000,624113000,14974000,5518000,0,0,6950000,-779000,-44245000,1471000,13503000,-16811000,-7765000,None,None,None,0,-1034000,0,516000,-7587000,0,6434000,5518000,None,USD,988530000,87321000,None,80119000,656866000,323853000,26590000,53082000,460000,712775000,165618000,203518000,60966000,71260000,202248000,289000000,289000000,-129325000,156210000,480515000,None,33014000,0,329136000,289000000,0,149166000,0,352784000,460000,0,712775000,-612841000,None,43489000,17477000,508015000,None,289000000,139028000,454618000,None,None,None,352784000,988530000,71260000,None,46033516,USD,None,-14422000,-10913000,-1538000,-14813000,-28358000,-951000,-2374000,6297000,-1952000,37319000,2743000,17454000,-12414000,-180000,0,24501000,746000,9375000,24501000,-8382000,-10334000,34.55,25.9
9,2018-03-31,USD,375249000,-65818000,-283370000,658619000,26009000,4591000,0,0,8034000,-1341000,-47045000,1068000,24941000,-17924000,-6459000,None,None,None,0,-849000,0,1442000,-18876000,0,6592000,4591000,None,USD,1034862000,88707000,None,79252000,689639000,337748000,26135000,52691000,460000,707257000,162212000,205632000,65644000,81594000,224927000,302500000,302500000,-107903000,157215000,517664000,None,43409000,0,356818000,302500000,0,172236000,0,351672000,460000,0,707257000,-613738000,None,49168000,16476000,517198000,None,302500000,136077000,464712000,None,None,None,351672000,1034862000,81594000,None,45979290,USD,-2119000,-21967000,-10083000,-456000,-43063000,-46129000,-2121000,2337000,5932000,11175000,67387000,4348000,18533000,-945000,-945000,0,41197000,19344000,7508000,41197000,-4018000,7157000,30.7,34.55
10,2017-12-31,USD,426623000,-72073000,-312618000,739241000,37431000,-41452000,0,0,28292000,-728000,-49942000,821000,36610000,-17234000,-5035000,None,None,None,0,-4897000,0,780000,-33435000,0,27512000,-41452000,None,USD,1078736000,92086000,None,71503000,715891000,355867000,26999000,45262000,459000,721664000,158828000,206694000,372649000,74437000,201778000,344000000,344000000,-102304000,163297000,542790000,None,57087000,0,396850000,344000000,0,156516000,0,351725000,459000,0,721664000,-615677000,None,61857000,12012000,535946000,None,344000000,143114000,514113000,None,None,None,351725000,1078736000,74437000,None,45861959,USD,-1384000,32924000,-42733000,-34707000,86580000,73023000,-1195000,-19266000,-40724000,-6201000,-36491000,10738000,17863000,-8717000,-3645000,0,-59284000,21808000,8026000,-72744000,1796000,-4405000,40.25,30.7
11,2017-09-30,USD,359036000,-67688000,-275548000,634584000,16699000,14769000,0,0,17646000,-806000,-45167000,899000,15800000,-16515000,-3469000,None,None,None,0,-6006000,0,899000,6044000,0,16747000,14769000,None,USD,949518000,61784000,None,76795000,549724000,392696000,16178000,49404000,458000,763116000,74591000,166584000,318949000,78842000,219978000,255000000,255000000,-103893000,162361000,468208000,None,164328000,0,312571000,255000000,0,170574000,0,348932000,458000,0,763116000,-615917000,None,59628000,30953000,481310000,None,255000000,58568000,329746000,None,None,None,348932000,949518000,78842000,None,45847389,USD,-2119000,7203000,-15979000,-1636000,-3511000,-7756000,-3735000,-4158000,15575000,453000,24188000,-10506000,17159000,-945000,-945000,0,13460000,1550000,14343000,-13209000,479000,932000,41.75,40.25
12,2017-06-30,USD,353429000,-63836000,-268004000,621433000,22284000,14694000,0,0,17391000,-1100000,-43985000,695000,21589000,-16258000,-2912000,None,None,None,0,-3593000,0,1240000,-3266000,0,16151000,14694000,None,USD,930123000,60742000,None,76049000,534865000,388114000,15937000,47961000,458000,759809000,78468000,166874000,320099000,77910000,199260000,257000000,257000000,-104707000,160321000,449703000,None,160498000,0,295744000,257000000,0,151299000,0,351006000,458000,0,759809000,-618452000,None,59495000,32988000,480420000,None,257000000,62668000,335605000,None,None,None,351006000,930123000,77910000,None,45694081,USD,-231000,20933000,-96079000,-78294000,73187000,56119000,-2563000,-15469000,15794000,10563000,50523000,-12280000,16831000,-10069000,-5375000,0,26669000,11246000,17554000,-1941000,872000,11435000,40.8,41.75
13,2017-03-31,USD,338277000,-57889000,-253898000,592175000,26916000,19245000,0,0,25558000,-922000,-43220000,426000,26490000,-14500000,-2318000,None,None,None,0,-169000,0,1014000,-932000,0,24544000,19245000,None,USD,840151000,29656000,None,76969000,464879000,368513000,15926000,54667000,458000,745115000,79865000,129765000,264369000,66475000,202713000,182057000,182057000,-112515000,151841000,423941000,None,209092000,0,280497000,182000000,0,148046000,0,349688000,458000,0,745115000,-614233000,None,57883000,47065000,416210000,None,182000000,64240000,262166000,None,None,None,349688000,840151000,66475000,None,45768986,USD,-1153000,18527000,-14196000,-1008000,-36515000,-49805000,687000,-7187000,20167000,10931000,74932000,-7167000,15077000,-945000,-12603000,0,28610000,-282000,12035000,28610000,280000,11211000,29.6,40.8
14,2016-12-31,USD,344947000,-441019000,-1633241000,1978188000,-6135000,-614000,0,0,6535000,-6561000,-306699000,-12380000,6245000,-120436000,-13701000,None,None,None,0,-13884000,0,-5887000,-38206000,0,12422000,-614000,None,USD,846304000,30787000,None,70620000,484409000,354914000,15416000,53829000,462000,735939000,86920000,129648000,261540000,55264000,180029000,147000,147000,-126964000,151037000,433727000,None,194479000,0,307843000,217300000,0,126200000,0,348739000,462000,0,735939000,-603262000,None,47520000,53585000,412577000,None,217300000,71664000,304380000,None,None,None,348739000,846304000,55264000,None,46113693,USD,-3179000,-17186000,-61187000,-46039000,87384000,59622000,9529000,-92000,339000,-814000,751000,-2563000,21565000,-6103000,-21721000,0,-7858000,19634000,11969000,-31638000,-5230000,-6044000,30.5,29.6
15,2016-09-30,USD,312796000,66729000,233541000,79255000,24477000,11451000,0,0,11836000,1198000,40628000,11951000,12526000,16811000,2041000,None,None,None,0,9290000,0,389000,44000,0,11447000,11451000,None,USD,807287000,33994000,None,71408000,412224000,387767000,15009000,55404000,468000,736551000,83423000,111088000,245818000,61308000,197762000,None,None,-109832000,164007000,397462000,None,242685000,0,264746000,129000000,0,142358000,0,346637000,468000,0,736551000,-586057000,None,45485000,55251000,409825000,None,129000000,70453000,214462000,None,None,None,346637000,807287000,61308000,None,46708311,USD,-3179000,9183000,-11090000,30000,-7097000,-29281000,18000,1892000,12649000,13749000,54120000,7192000,12631000,-1034000,-21168000,0,23780000,12630000,11120000,-165000,-7771000,5978000,28.99,30.5
16,2016-06-30,USD,305105000,62109000,226768000,78337000,17247000,11616000,0,0,15494000,926000,44774000,1019000,16228000,17221000,1753000,None,None,None,0,114000,0,3744000,586000,0,11750000,11616000,None,USD,822148000,46845000,None,68262000,397949000,417097000,15317000,47107000,474000,734441000,81455000,114092000,254484000,55330000,177998000,None,None,-98542000,170124000,397540000,None,256160000,0,273948000,135000000,0,130891000,0,347704000,474000,0,734441000,-566980000,None,45526000,48021000,424608000,None,135000000,69634000,219951000,None,None,None,347704000,822148000,55330000,None,47319652,USD,-3179000,-13667000,-12932000,-138000,1336000,-41524000,-1514000,-5019000,12542000,-12968000,41488000,-5019000,17613000,-10225000,-31121000,0,23945000,6403000,12794000,23616000,-7124000,-20092000,27.13,28.99
17,2016-03-31,USD,312410000,63317000,231340000,81070000,18397000,11225000,0,0,16433000,680000,45500000,644000,17753000,17729000,1964000,None,None,None,0,88000,0,5268000,-1320000,0,11165000,11225000,None,USD,865893000,49950000,None,71008000,410271000,448540000,15262000,46374000,483000,723317000,78095000,114506000,255017000,75422000,195997000,None,None,-85815000,169551000,441325000,None,284084000,0,294895000,133000000,0,149623000,0,0,483000,0,723317000,-541187000,None,45249000,45312000,424568000,None,133000000,66012000,214274000,None,4105000,None,347637000,865893000,75422000,None,48231632,USD,-3179000,-13251000,-15148000,-199000,30567000,13511000,-7432000,-9525000,11905000,9901000,11538000,-9525000,18278000,-900000,-8724000,0,329000,3802000,14949000,329000,5217000,15118000,27.76,27.13
18,2015-12-31,USD,341816000,71073000,245668000,96148000,26312000,17003000,0,0,24485000,916000,48575000,1237000,25075000,17279000,1827000,None,None,None,0,5219000,0,7149000,-10504000,0,17336000,17003000,None,USD,843327000,51215000,None,64180000,398379000,437747000,15124000,49664000,485000,720989000,88140000,114183000,259966000,60304000,206906000,549000,549000,-101365000,168289000,415072000,None,272349000,0,290588000,100000000,0,157242000,0,0,485000,0,720989000,-533744000,None,42486000,52082000,428255000,None,100000000,76349000,191473000,None,4131000,None,347251000,843327000,60304000,None,48481323,USD,-9000000,-1365000,-17325000,86000,-15666000,-25436000,242000,-5379000,17919000,-25175000,17586000,1460000,17533000,-9749000,-263000,0,-19867000,6628000,17411000,-24589000,-691000,-25866000,27.91,27.76
19,2015-09-30,USD,309195000,67592000,225978000,83217000,15967000,11195000,0,0,13630000,1243000,48418000,342000,15625000,15486000,2337000,None,None,None,0,3688000,0,2098000,-3701000,0,11532000,11195000,None,USD,858215000,53564000,None,75798000,432426000,418166000,12374000,57479000,485000,703898000,91034000,118784000,242031000,86170000,224041000,None,None,-102902000,165795000,450389000,None,245818000,0,288421000,115000000,0,166562000,0,0,485000,0,703898000,-534680000,None,45524000,24159000,407826000,None,115000000,81011000,208385000,None,3920000,None,347445000,858215000,86170000,None,48404250,USD,None,-275000,-19680000,-1000,-836000,-6046000,11000,None,12438000,4925000,30651000,-7629000,16790000,-900000,-4321000,0,4722000,13796000,19679000,-4469000,-12597000,-7672000,26.79,27.91
