,fiscalDateEnding,reportedCurrency_x,totalRevenue,totalOperatingExpense,costOfRevenue,grossProfit,ebit,netIncome_x,researchAndDevelopment,effectOfAccountingCharges,incomeBeforeTax,minorityInterest,sellingGeneralAdministrative,otherNonOperatingIncome,operatingIncome,otherOperatingExpense,interestExpense,taxProvision,interestIncome,netInterestIncome,extraordinaryItems,nonRecurring,otherItems,incomeTaxExpense,totalOtherIncomeExpense,discontinuedOperations,netIncomeFromContinuingOperations,netIncomeApplicableToCommonShares,preferredStockAndOtherAdjustments,reportedCurrency_y,totalAssets,intangibleAssets,earningAssets,otherCurrentAssets,totalLiabilities,totalShareholderEquity,deferredLongTermLiabilities,otherCurrentLiabilities,commonStock,retainedEarnings,otherLiabilities,goodwill,otherAssets,cash,totalCurrentLiabilities,shortTermDebt,currentLongTermDebt,otherShareholderEquity,propertyPlantEquipment,totalCurrentAssets,longTermInvestments,netTangibleAssets,shortTermInvestments,netReceivables,longTermDebt,inventory,accountsPayable,totalPermanentEquity,additionalPaidInCapital,commonStockTotalEquity,preferredStockTotalEquity,retainedEarningsTotalEquity,treasuryStock,accumulatedAmortization,otherNonCurrrentAssets,deferredLongTermAssetCharges,totalNonCurrentAssets,capitalLeaseObligations,totalLongTermDebt,otherNonCurrentLiabilities,totalNonCurrentLiabilities,negativeGoodwill,warrants,preferredStockRedeemable,capitalSurplus,liabilitiesAndShareholderEquity,cashAndShortTermInvestments,accumulatedDepreciation,commonStockSharesOutstanding,reportedCurrency,investments,changeInLiabilities,cashflowFromInvestment,otherCashflowFromInvestment,netBorrowings,cashflowFromFinancing,otherCashflowFromFinancing,changeInOperatingActivities,netIncome_y,changeInCash,operatingCashflow,otherOperatingCashflow,depreciation,dividendPayout,stockSaleAndPurchase,changeInInventory,changeInAccountReceivables,changeInNetIncome,capitalExpenditures,changeInReceivables,changeInExchangeRate,changeInCashAndCashEquivalents,clossingVal,nextClossingVal
0,2020-06-30,USD,709771000,50872000,595374000,114397000,63525000,45497000,None,None,59961000,6000,50872000,None,63525000,None,3564000,14458000,None,-3564000,None,None,None,14458000,-50000,None,45503000,45497000,None,USD,2289309000,12457000,None,170843000,1101581000,992894000,13421000,441115000,539000,1170087000,104249000,958162000,80086000,141658000,732660000,12654000,12654000,-177732000,35398000,956246000,6684000,216977000,None,643745000,264672000,None,278891000,None,None,539000,None,1170087000,None,None,293579000,None,26783000,261931000,264672000,90828000,368921000,None,None,None,None,2289309000,141658000,None,53888000,USD,6596000,27216000,6596000,10080000,-70863000,-113327000,-13096000,25395000,45504000,4620000,111351000,34342000,6257000,-9176000,-20192000,None,44845000,-1968000,3484000,None,None,4620000,79.12,
1,2020-04-30,USD,709771000,646196000,595374000,114397000,69782000,45497000,None,None,59961000,132000,50822000,None,63575000,None,3564000,14458000,None,-3564000,None,None,None,14458000,-50000,None,45503000,45497000,None,USD,None,None,None,None,None,None,None,None,539000,1170087000,104249000,None,80086000,None,None,None,None,-177732000,275674000,None,None,22275000,None,None,None,None,None,None,None,None,None,None,None,None,None,None,None,None,None,None,None,None,None,None,None,None,None,None,None,USD,6596000,-15201000,6596000,None,-70863000,-113327000,-12810000,25395000,45497000,6695000,111351000,None,6257000,-9176000,-20528000,None,44845000,-1912000,3484000,None,None,None,75.28,79.12
2,2020-03-31,USD,734133000,49470000,637133000,97000000,47530000,36397000,None,None,44029000,16000,49470000,None,47530000,None,3501000,7616000,None,-3501000,None,None,None,7616000,1571000,None,36413000,36397000,None,USD,2343150000,14859000,None,185768000,1180683000,950108000,12908000,441149000,541000,1138485000,111887000,944718000,76124000,134981000,735755000,12525000,12525000,-199391000,35486000,1001940000,7345000,202760000,None,681191000,333041000,None,282081000,None,None,541000,None,1138485000,None,None,314729000,None,24073000,282823000,333041000,98979000,444928000,None,None,None,10473000,2343150000,134981000,None,54142000,USD,-24423000,2956000,-24423000,-21878000,14557000,-48063000,-427000,42566000,36413000,28737000,101223000,50170000,6574000,-8224000,-53969000,None,58448000,5110000,2545000,None,None,28737000,70.62,75.28
3,2020-01-31,USD,734133000,688174000,637133000,97000000,54104000,36397000,None,None,44029000,130000,51041000,None,45959000,None,3501000,7616000,None,-3501000,None,None,None,7616000,1571000,None,36413000,36397000,None,USD,None,None,None,None,None,None,None,None,541000,1138485000,111887000,None,76124000,None,None,None,None,-199391000,298164000,None,None,-9469000,None,None,None,None,None,None,None,None,None,None,None,None,None,None,None,None,None,None,None,None,None,None,None,None,None,None,None,USD,-24423000,-37326000,-24423000,None,14557000,-48063000,-388000,42566000,36397000,24128000,101223000,None,6574000,-8224000,-60483000,None,58448000,3555000,2545000,None,None,None,85.6,70.62
4,2019-12-31,USD,797623000,46435000,687886000,109737000,63302000,47310000,None,None,59953000,7000,46435000,None,63302000,None,3349000,12636000,None,-3349000,2600000,None,None,12636000,-3349000,None,47317000,47310000,None,USD,2352553000,14081000,None,193860000,1153667000,1026591000,13134000,435416000,547000,1110312000,118695000,937068000,79560000,110833000,712476000,12546000,12546000,-145015000,40438000,1050304000,7172000,247563000,None,745611000,322496000,None,264514000,None,None,547000,None,1110312000,None,None,275663000,None,27827000,243079000,322496000,105561000,441191000,None,None,None,60747000,2352553000,110833000,None,54565000,USD,-2876000,-157300000,-2876000,455000,56814000,8806000,-20054000,-96068000,47317000,-12094000,-18024000,77073000,6235000,-8190000,-19764000,None,40919000,8651000,3331000,None,None,-12094000,86.16,85.6
5,2019-10-31,USD,797623000,734321000,687886000,109737000,69537000,47310000,None,None,59953000,174000,46435000,None,63302000,None,3349000,12636000,None,-3349000,None,None,None,12636000,None,None,47317000,47310000,None,USD,None,None,None,None,None,None,None,None,547000,1110312000,118695000,None,79560000,None,None,None,None,-145015000,264368000,None,None,75442000,None,None,None,None,None,None,None,None,None,None,None,None,None,None,None,None,None,None,None,None,None,None,None,None,None,None,None,USD,-2876000,-28174000,-2876000,None,56814000,8806000,-9236000,-96068000,47310000,-9894000,-18024000,None,6235000,-8190000,-21177000,None,40919000,8658000,3331000,None,None,None,87.47,86.16
6,2019-09-30,USD,841502000,801674000,746460000,95042000,29948000,11527000,None,None,16646000,178000,55214000,None,39828000,None,5751000,5112000,None,-4019000,None,None,None,5112000,-19163000,None,11534000,11527000,None,USD,2147408000,16440000,None,5569000,1157944000,989286000,None,181778000,546000,1071192000,124041000,924800000,80042000,120732000,769954000,12572000,12572000,-160584000,39441000,1079792000,6873000,48026000,None,522256000,263949000,None,206609000,None,None,None,None,None,None,None,51657000,None,1067596000,None,263949000,111070000,387990000,None,None,None,78132000,None,120732000,None,56000000,USD,-55049000,18053000,-55049000,-83508000,-57932000,-87757000,-575000,29984000,11527000,-48893000,95128000,None,7551000,-8185000,-25000000,None,31073000,3413000,6199000,None,None,None,86.76,87.47
7,2019-07-31,USD,841502000,801674000,746460000,95042000,29948000,11527000,None,None,16646000,178000,55214000,None,39828000,None,5751000,5112000,None,-4019000,None,None,None,5112000,-19163000,None,11534000,11527000,None,USD,None,None,None,None,None,None,None,None,546000,1071192000,124041000,None,80042000,None,None,None,None,-160584000,39441000,None,None,48026000,None,None,None,None,None,None,None,None,None,None,None,None,None,None,None,None,None,None,None,None,None,None,None,None,None,None,None,USD,-55049000,18053000,-55049000,None,-57932000,-87757000,-575000,29984000,11527000,-48893000,95128000,None,7551000,-8185000,-25000000,None,31073000,3413000,6199000,None,None,None,79.2,86.76
8,2019-06-30,USD,825793000,53146000,707806000,117987000,64841000,49233000,None,None,61295000,18000,53146000,None,64841000,None,3546000,12044000,-3546000,-3546000,None,None,None,12044000,-3546000,None,49251000,49233000,None,USD,2096423000,10438000,None,269488000,1080630000,1015612000,24890000,294341000,547000,1067851000,109659000,851621000,70163000,111231000,646897000,12526000,12526000,-147078000,40072000,1116474000,7655000,153553000,None,735755000,324074000,None,340030000,None,None,547000,None,1067851000,None,None,39591000,None,30572000,None,324074000,84769000,433733000,None,None,None,94292000,2096423000,111231000,None,54714000,USD,-41274000,41642000,-41274000,-38453000,93078000,63374000,-410000,1762000,49251000,36237000,14137000,-93469000,6562000,-8219000,-21075000,None,-89340000,10151000,2821000,None,None,36237000,78.55,79.2
9,2019-03-31,USD,722621000,48926000,626150000,96471000,47545000,55911000,None,None,44381000,33000,48926000,None,47545000,None,3164000,-11563000,-3164000,-3164000,None,None,None,-11563000,-28000,None,55944000,55911000,None,USD,1951865000,11698000,None,229917000,961260000,990445000,25622000,293854000,549000,1026836000,105486000,827676000,68875000,130728000,624442000,37239000,37239000,-148217000,41660000,998420000,3536000,151071000,None,637775000,231332000,None,293349000,None,None,549000,None,1026836000,None,None,38294000,None,30581000,None,231332000,79864000,336818000,None,None,None,111277000,1951865000,130728000,None,54947000,USD,355000,46186000,355000,3680000,-16434000,-51659000,-5129000,36130000,55944000,63246000,114550000,20494000,6457000,-6616000,-23480000,None,33513000,-14531000,3325000,None,None,63246000,59.59,78.55
10,2018-12-31,USD,717431000,42973000,618747000,98684000,55711000,41997000,0,None,52814000,35000,42973000,None,55711000,None,2897000,None,None,None,2600000,None,None,10782000,-4597000,None,42032000,41997000,None,USD,1834889000,11984000,None,189186000,880586000,954156000,27331000,271485000,553000,977543000,101039000,782564000,44100000,66502000,531966000,12573000,15422000,-154693000,41795000,951542000,2904000,159608000,2695000,695854000,247581000,None,247908000,None,None,553000,None,977543000,None,None,35652000,None,8448000,None,247581000,73708000,348620000,None,None,None,130753000,1834889000,66502000,None,55326000,USD,None,-88786000,-3738000,115000,-16941000,-59021000,-12740000,-63878000,42032000,-78061000,-15302000,16682000,8274000,-6654000,-22686000,None,14528000,6496000,3853000,None,None,-78061000,51.77,59.59
11,2018-09-30,USD,739342000,46009000,650048000,89294000,45109000,28825000,0,0,39358000,11000,46009000,1824000,43285000,0,5751000,None,None,None,0,0,0,10522000,-4136000,0,28836000,28802000,None,USD,1959421000,16123000,None,56003000,992321000,966971000,30166000,121849000,553000,944965000,109516000,798820000,47450000,146185000,618093000,12599000,12599000,-127350000,43278000,1050380000,3370000,152028000,2700000,848192000,264712000,0,483645000,967100000,148803000,553000,0,944965000,0,None,38843000,None,8607000,None,264712000,79350000,374228000,None,None,None,148803000,1959421000,146185000,None,55349000,USD,None,69687000,-9782000,-6402000,-162215000,-169094000,-558000,48685000,28813000,-69461000,109415000,7694000,8044000,-6641000,320000,0,12440000,-17263000,3380000,12440000,1606000,-67855000,68.3,51.77
12,2018-06-30,USD,764795000,54098000,655201000,109594000,55496000,33322000,0,0,51151000,23000,54098000,None,55496000,0,4345000,None,None,None,0,0,0,17806000,-7971000,0,33345000,33322000,None,USD,2033830000,15378000,None,60115000,1097537000,936091000,41687000,104779000,553000,922806000,115504000,795752000,41478000,214040000,563083000,18737000,18737000,-131738000,44719000,1133943000,2560000,124961000,0,859788000,418950000,0,439567000,936293000,0,553000,0,922806000,0,None,35277000,None,6201000,None,418950000,73817000,534454000,None,None,None,144470000,2033830000,214040000,None,55332000,USD,None,13767000,34513000,36294000,-41420000,-71829000,-2295000,6212000,33345000,15357000,52673000,-4819000,10280000,-6664000,-23745000,0,-15801000,15901000,1781000,-15801000,-4494000,10863000,58.5,68.3
13,2018-03-31,USD,700262000,48709000,608837000,91425000,42716000,28725000,0,0,38624000,22000,48709000,None,42716000,0,4092000,None,None,None,0,0,0,9877000,-6010000,0,28747000,28725000,None,USD,2082793000,20847000,None,65102000,1142565000,940046000,45740000,104532000,557000,896146000,119013000,809690000,43690000,203177000,560008000,15466000,15466000,-118044000,55495000,1149904000,3167000,109509000,0,881625000,463544000,0,440010000,940228000,0,557000,0,896146000,0,None,35102000,None,8588000,None,463544000,73273000,582557000,None,None,None,161387000,2082793000,203177000,None,55749000,USD,None,43419000,-47638000,-45216000,22917000,-2159000,-854000,41605000,28747000,31471000,81268000,2711000,10329000,-5583000,-18639000,0,-6901000,2963000,2422000,-6901000,-1319000,30152000,48.95,58.5
14,2017-12-31,USD,759749000,45556000,665604000,94145000,48589000,46011000,0,0,45429000,18000,45556000,None,48589000,0,3160000,None,None,None,0,0,0,-600000,-3160000,0,46029000,46034000,None,USD,1970987000,24533000,None,65856000,1023866000,946956000,39240000,90014000,560000,873004000,68279000,763455000,823387000,173025000,483916000,15511000,15511000,-101901000,56929000,1090671000,2419000,158968000,0,851790000,432431000,0,378391000,947121000,0,560000,0,873004000,0,None,32980000,None,880316000,None,432431000,68279000,539950000,None,None,None,175293000,1970987000,173025000,None,55988000,USD,None,-66462000,-19727000,-17584000,95000000,69995000,-854000,-67870000,46052000,-16226000,-66494000,-16321000,9983000,-5589000,-19416000,0,-36011000,-3735000,2143000,-36011000,-724000,-16950000,48.15,48.95
15,2017-09-30,USD,735189000,46378000,634164000,101025000,55376000,34467000,0,0,51868000,19000,46378000,729000,54647000,0,3508000,None,None,None,0,0,0,17382000,-4658000,0,34486000,34467000,None,USD,1902745000,26688000,None,49969000,974121000,928453000,43781000,83535000,559000,832559000,51389000,740886000,803887000,189975000,537668000,15588000,15588000,-98500000,56835000,1042023000,2700000,160879000,2700000,802079000,341283000,0,438545000,928624000,193835000,559000,0,832559000,0,None,31850000,None,1763000,None,341283000,51389000,436453000,None,None,None,193835000,1902745000,189975000,None,55873000,USD,-85000,98451000,-2410000,398000,30959000,-15454000,-1319000,7263000,34486000,48555000,66419000,6715000,11379000,-5657000,-39437000,0,-64781000,-29316000,2723000,-55296000,2648000,51203000,46.55,48.15
16,2017-06-30,USD,685539000,44366000,595289000,90250000,45884000,29983000,0,0,43089000,-8000,44366000,None,45884000,0,2795000,None,None,None,0,0,0,13114000,0,0,29975000,29983000,None,USD,1819724000,31795000,None,56920000,904690000,914864000,53671000,74703000,568000,803725000,51738000,729338000,798024000,138772000,489011000,15543000,325813000,-119232000,59423000,962277000,2852000,153731000,0,766585000,310270000,0,398765000,0,0,568000,0,803725000,0,None,31801000,2238000,857447000,None,310270000,51738000,415679000,None,None,None,229803000,1819724000,138772000,None,56762000,USD,-85000,-11501000,-2918000,204000,-17018000,-52425000,-1343000,-8223000,29975000,-33176000,21209000,-7219000,11143000,-5738000,-29669000,0,0,10927000,3122000,-12116000,608000,-32568000,45.75,46.55
17,2017-03-31,USD,663781000,38046000,582779000,81002000,42956000,26862000,0,0,39857000,5000,38046000,None,42956000,0,3099000,None,None,None,0,0,0,12990000,0,0,26867000,26862000,None,USD,1798369000,37313000,None,50140000,895501000,902697000,46291000,71770000,572000,779481000,57090000,721762000,793974000,171340000,465258000,18587000,18587000,-133419000,61319000,943076000,2239000,143622000,0,721596000,326862000,0,374901000,0,0,572000,0,779481000,0,None,31569000,1091000,855293000,None,326862000,57090000,430243000,None,None,None,256063000,1798369000,171340000,None,57203000,USD,-85000,13223000,-9824000,-7959000,-45938000,-55837000,-1319000,-195000,26867000,44359000,109111000,-7344000,12043000,-5157000,-4742000,0,2631000,19729000,1865000,44593000,None,44359000,40.85,45.75
18,2016-12-31,USD,668851000,41506000,587490000,81361000,39855000,26562000,0,0,36947000,27000,41506000,None,39855000,0,2908000,None,None,None,0,0,0,10358000,0,0,26589000,26562000,None,USD,1800423000,42167000,None,53740000,927679000,872571000,63470000,72002000,572000,757776000,62843000,709739000,783119000,126981000,428645000,15483000,15483000,-143194000,63302000,954002000,1964000,120665000,0,773281000,372721000,0,341160000,0,0,572000,0,757776000,0,None,28233000,1016000,846421000,None,372721000,62843000,499034000,None,None,None,257417000,1800423000,126981000,None,57219000,USD,-85000,-51423000,-1808000,223000,41685000,28944000,-1319000,-7392000,26589000,-33478000,-58747000,-7392000,11191000,-5144000,-7597000,0,0,4250000,2031000,-41962000,-724000,-33478000,43.15,40.85
