,fiscalDateEnding,reportedCurrency_x,totalRevenue,totalOperatingExpense,costOfRevenue,grossProfit,ebit,netIncome_x,researchAndDevelopment,effectOfAccountingCharges,incomeBeforeTax,minorityInterest,sellingGeneralAdministrative,otherNonOperatingIncome,operatingIncome,otherOperatingExpense,interestExpense,taxProvision,interestIncome,netInterestIncome,extraordinaryItems,nonRecurring,otherItems,incomeTaxExpense,totalOtherIncomeExpense,discontinuedOperations,netIncomeFromContinuingOperations,netIncomeApplicableToCommonShares,preferredStockAndOtherAdjustments,reportedCurrency_y,totalAssets,intangibleAssets,earningAssets,otherCurrentAssets,totalLiabilities,totalShareholderEquity,deferredLongTermLiabilities,otherCurrentLiabilities,commonStock,retainedEarnings,otherLiabilities,goodwill,otherAssets,cash,totalCurrentLiabilities,shortTermDebt,currentLongTermDebt,otherShareholderEquity,propertyPlantEquipment,totalCurrentAssets,longTermInvestments,netTangibleAssets,shortTermInvestments,netReceivables,longTermDebt,inventory,accountsPayable,totalPermanentEquity,additionalPaidInCapital,commonStockTotalEquity,preferredStockTotalEquity,retainedEarningsTotalEquity,treasuryStock,accumulatedAmortization,otherNonCurrrentAssets,deferredLongTermAssetCharges,totalNonCurrentAssets,capitalLeaseObligations,totalLongTermDebt,otherNonCurrentLiabilities,totalNonCurrentLiabilities,negativeGoodwill,warrants,preferredStockRedeemable,capitalSurplus,liabilitiesAndShareholderEquity,cashAndShortTermInvestments,accumulatedDepreciation,commonStockSharesOutstanding,reportedCurrency,investments,changeInLiabilities,cashflowFromInvestment,otherCashflowFromInvestment,netBorrowings,cashflowFromFinancing,otherCashflowFromFinancing,changeInOperatingActivities,netIncome_y,changeInCash,operatingCashflow,otherOperatingCashflow,depreciation,dividendPayout,stockSaleAndPurchase,changeInInventory,changeInAccountReceivables,changeInNetIncome,capitalExpenditures,changeInReceivables,changeInExchangeRate,changeInCashAndCashEquivalents,clossingVal,nextClossingVal
0,2020-06-30,USD,570298000,77434000,469868000,100430000,23451000,192810000,5181000,None,4879000,None,62692000,455000,22996000,9561000,18572000,-4467000,None,-18572000,None,None,None,-4467000,455000,183464000,9346000,192810000,None,USD,3594671000,303790000,None,640068000,2149106000,1445565000,2226000,116239000,107000,665945000,84218000,706524000,29586000,694668000,1197457000,649975000,649975000,-42676000,660866000,1871912000,None,435251000,None,414329000,832834000,122847000,431243000,None,None,107000,None,665945000,None,None,51579000,None,1722759000,15015000,832834000,118815000,951649000,None,None,None,822189000,3594671000,694668000,None,106701000,USD,145040000,99341000,145040000,167488000,None,0,None,13752000,192810000,264036000,118996000,-38662000,32476000,None,None,1103000,44304000,-212376000,22448000,44304000,None,264036000,11.86,
1,2020-03-31,USD,497646000,65160000,416304000,81342000,18684000,-1174000,4762000,None,-1097000,None,50836000,2502000,16182000,9562000,19781000,2123000,None,-19781000,2046000,None,None,2123000,2502000,2046000,-3220000,-1174000,None,USD,3524118000,314735000,None,810207000,2246918000,1277200000,2369000,274527000,106000,473135000,79010000,706524000,62737000,361992000,904363000,249975000,249975000,-15584000,666611000,1751787000,None,255941000,None,458639000,1229372000,120949000,379861000,None,None,106000,None,473135000,None,None,84461000,None,1772331000,14832000,1229372000,113183000,1342555000,None,None,None,819543000,3524118000,361992000,None,106217000,USD,2891000,-66872000,2891000,35342000,None,0,None,-20040000,-1174000,30804000,27913000,6971000,46184000,None,None,-7573000,45019000,5358000,32451000,45019000,None,30804000,10.34,11.86
2,2019-12-31,USD,719253000,75123000,594704000,124549000,46506000,25259000,None,None,26399000,None,57936000,-2920000,49426000,10206000,20107000,1140000,None,-20107000,17980000,6981000,None,1140000,-9901000,2046000,25259000,25259000,None,USD,3560933000,332008000,None,316847000,2281896000,1279037000,2511000,114405000,106000,474309000,80684000,774791000,64365000,400154000,946666000,249975000,249975000,-10086000,1022929000,1342684000,None,172238000,None,503664000,1225962000,122019000,582286000,None,None,106000,None,474309000,None,None,88521000,None,2218249000,16517000,1225962000,109268000,1335230000,None,None,None,814708000,3560933000,400154000,None,105510000,USD,-46982000,32974000,-46982000,222000,-164000,-164000,-164000,20215000,25259000,83002000,130148000,738000,45519000,None,None,4305000,26278000,-4925000,47204000,26278000,None,83002000,15.05,10.34
3,2019-09-30,USD,716817000,67473000,612983000,103834000,44487000,15870000,None,None,23919000,None,57298000,8126000,36361000,10175000,20568000,8049000,-20568000,-20568000,None,None,None,8049000,8126000,2046000,15870000,15870000,None,USD,3498358000,334116000,None,304980000,2251005000,1247353000,2654000,113864000,105000,449050000,81014000,767045000,67824000,316589000,666673000,None,None,-11885000,1027868000,1277835000,None,146192000,None,529942000,1472578000,126324000,552809000,None,None,105000,None,449050000,None,None,91494000,None,2220523000,16727000,1472578000,111754000,1584332000,None,None,None,810083000,3498358000,316589000,None,105493000,USD,-25803000,31319000,-25803000,470000,29893000,-107000,-30000000,2110000,15870000,32832000,58742000,7130000,45170000,None,None,-4175000,-47202000,10630000,26273000,-47202000,None,33044000,12.195,15.05
4,2019-06-30,USD,633038000,67771000,548423000,84615000,21465000,3424000,None,None,594000,None,56504000,4621000,16844000,11267000,20871000,-2830000,None,-20871000,None,None,None,-2830000,4621000,2046000,3424000,3424000,None,USD,3440113000,345471000,None,300331000,2211036000,1229077000,2741000,109529000,105000,433180000,86753000,767045000,75199000,284466000,623955000,None,None,-9629000,1037087000,1189686000,None,116561000,None,482740000,1469270000,122149000,514426000,None,None,105000,None,433180000,None,None,100824000,None,2250427000,18365000,1469270000,117811000,1587081000,None,None,None,805421000,3440113000,284466000,None,105491000,USD,-34741000,-1053000,-34741000,875000,-1532000,-1532000,-1532000,3295000,3424000,49850000,86123000,14113000,44703000,None,None,-7349000,34088000,-1803000,35616000,34088000,-603000,49247000,10.2,12.195
5,2019-03-31,USD,620200000,71195000,531515000,88685000,16960000,-3252000,None,None,-4728000,None,54369000,-530000,17490000,16826000,21688000,2386000,None,-21688000,-9490000,None,None,-1476000,-530000,None,-3252000,-3252000,None,USD,3414285000,357918000,None,302702000,2187426000,1226859000,1170000,104423000,105000,429756000,92104000,767045000,60446000,235219000,607732000,7405000,7405000,-4821000,1037696000,1169549000,None,101896000,None,516828000,1466010000,114800000,503309000,None,None,105000,None,429756000,None,None,82077000,None,2244736000,14598000,1466010000,113684000,1579694000,None,None,None,801819000,3414285000,235219000,None,105421000,USD,-28446000,-37744000,-28446000,5037000,-30010000,-30010000,-1532000,-40367000,-3252000,-21532000,36924000,33241000,45447000,None,None,-5423000,6337000,-1682000,33483000,6337000,391000,-21141000,11.73,10.2
6,2018-12-31,USD,710955000,79832000,588323000,122632000,45157000,52482000,0,0,22624000,0,56592000,2357000,42800000,17722000,22533000,None,None,None,0,5518000,0,-29858000,-32736000,0,52482000,52482000,None,USD,3457503000,375923000,None,318012000,2230416000,1227087000,1420000,3220000,104000,433008000,90042000,767045000,55597000,256360000,673214000,30000000,30000000,-3920000,1052024000,1206914000,None,84119000,None,523165000,1462425000,109377000,639994000,None,None,104000,None,433008000,None,None,55597000,None,2250589000,None,1462425000,94777000,1557202000,None,None,None,797895000,3457503000,256360000,None,103687000,USD,None,-6871000,-33671000,69000,-70000000,-70001000,-1532000,20922000,52482000,48096000,151768000,77968000,1780000,None,-1000,12855000,55146000,-32497000,33740000,46051000,312000,48408000,9.73,11.73
7,2018-09-30,USD,755837000,75034000,626253000,129584000,56763000,27001000,0,0,34538000,0,58425000,2213000,54550000,16609000,22225000,None,None,None,0,0,0,7537000,-20324000,0,27001000,27001000,None,USD,3489226000,394825000,None,333609000,2314315000,1174911000,1670000,5025000,104000,343177000,100724000,765867000,36280000,207952000,695276000,40000000,40000000,39467000,1059246000,1233008000,None,14219000,0,569215000,1518315000,122232000,650251000,0,0,104000,0,343177000,0,None,36280000,None,2256218000,None,1518315000,100724000,1619039000,None,None,None,792163000,3489226000,207952000,None,103677000,USD,None,12333000,-35038000,11000,-40660000,-40660000,-1532000,1344000,27001000,4294000,79992000,-1583000,63834000,0,0,-286000,-23748000,6322000,35049000,-27629000,-442000,3852000,15.91,9.73
8,2018-06-30,USD,716887000,84406000,600747000,116140000,37912000,84004000,0,0,17459000,0,64917000,6178000,31734000,19489000,20453000,None,None,None,0,0,0,-66545000,-26027000,0,84004000,84004000,None,USD,3478932000,414600000,None,335667000,2337639000,1141293000,1921000,7680000,104000,315975000,92938000,758849000,30266000,204100000,689276000,40729000,42145000,38512000,1072578000,1202639000,None,-32156000,0,541587000,1555425000,121285000,640867000,0,0,104000,0,315975000,0,None,30266000,None,2276293000,None,1555425000,92938000,1648363000,None,None,None,786702000,3478932000,204100000,None,103674000,USD,None,-42780000,-635344000,-596198000,433900000,432592000,-1500000,-1004000,84004000,-147113000,55639000,-2867000,63116000,0,192000,16789000,-6326000,-58407000,39146000,-4216000,-1363000,-148476000,17.63,15.91
9,2018-03-31,USD,663582000,58677000,574904000,88678000,28894000,10097000,0,0,15147000,0,52816000,-1107000,30001000,5861000,13747000,None,None,None,0,0,0,5050000,-18854000,0,10097000,10097000,None,USD,2786349000,97088000,None,307988000,1732019000,1054330000,2171000,185094000,103000,232013000,77078000,372571000,29345000,352576000,677528000,4616000,4616000,41568000,1039751000,1247594000,None,584671000,0,504914000,977413000,82116000,672912000,0,0,103000,0,232013000,0,None,29345000,None,1538755000,None,977413000,77078000,1054491000,None,None,None,780646000,2786349000,352576000,None,103445000,USD,None,-38909000,-42139000,53000,-875000,-875000,-9153000,-46551000,10097000,-57275000,-14261000,-13353000,48665000,0,0,-11104000,-27208000,3183000,42192000,-12840000,525000,-56750000,15.29,17.63
10,2017-12-31,USD,739349000,60817000,607488000,131861000,67427000,49211000,0,0,53645000,105000,54845000,-3617000,71044000,5907000,13782000,None,None,None,0,65000,0,4329000,-73655000,0,49316000,49211000,None,USD,2781882000,102950000,None,33490000,1770502000,1011380000,2421000,58465000,102000,193342000,69808000,372571000,503730000,409326000,720356000,4578000,4578000,40911000,1056845000,1221307000,None,535859000,0,483903000,975479000,294588000,657313000,0,0,102000,0,193342000,0,None,28209000,None,1560575000,None,975479000,74667000,1050146000,None,None,None,777025000,2781882000,409326000,None,100396000,USD,None,52643000,-32209000,203000,-5387000,-13955000,-20160000,24654000,49316000,106527000,152691000,5157000,49990000,0,-8568000,691000,-51115000,3741000,32412000,-8847000,865000,107392000,15.67,15.29
11,2017-09-30,USD,666814000,52744000,569980000,96834000,36338000,21453000,0,0,22740000,82000,46739000,-7752000,44090000,5905000,13598000,None,None,None,0,100000,0,1205000,838000,0,21535000,21453000,None,USD,2673944000,108841000,None,38692000,1721397000,943861000,0,63136000,102000,149807000,74453000,372524000,510204000,301934000,672783000,4184000,4184000,22134000,1052779000,1110961000,None,462496000,0,475056000,974161000,295279000,605463000,952547000,0,102000,0,149807000,0,None,28839000,None,1562983000,None,974161000,74453000,1048614000,None,None,None,771818000,2673944000,301934000,None,101815000,USD,None,38503000,-22877000,8950000,6670000,4920000,-1750000,7524000,21535000,53409000,71366000,-3633000,46074000,0,0,-12794000,0,3910000,31827000,-22229000,1578000,54987000,15.37,15.67
12,2017-06-30,USD,627182000,50811000,531315000,95867000,39231000,20591000,0,0,26309000,160000,44485000,-5825000,45056000,5910000,12922000,None,None,None,0,416000,0,5558000,11865000,0,20751000,20591000,None,USD,2571950000,114750000,None,43002000,1661359000,901987000,0,229818000,102000,128337000,74837000,372529000,512304000,246947000,722675000,110669000,974516000,6409000,1034385000,1025261000,None,414708000,0,452827000,863847000,282485000,612006000,910591000,0,102000,0,128337000,0,None,25025000,None,1546689000,None,863847000,74837000,938684000,None,None,None,767139000,2571950000,246947000,None,101814000,USD,None,26254000,-45626000,8221000,-50015000,-50015000,-7080000,6323000,20751000,-36527000,59114000,53000,44759000,0,0,-7393000,0,8177000,53847000,-33487000,603000,-35924000,17.36,15.37
13,2017-03-31,USD,625247000,52449000,520228000,105019000,50860000,32959000,0,0,37264000,166000,45928000,-1710000,52570000,5912000,13596000,None,None,None,0,609000,0,4139000,-15306000,0,33125000,32959000,None,USD,2530245000,120688000,None,49988000,1657563000,864238000,0,198781000,102000,107746000,74592000,372586000,526508000,282871000,721580000,160658000,160658000,-5749000,976446000,1027291000,None,370964000,0,419340000,861391000,275092000,560922000,872682000,0,102000,0,107746000,0,None,33234000,None,1502954000,None,861391000,74592000,935983000,None,None,None,762139000,2530245000,282871000,None,101742000,USD,None,-36139000,-23378000,9881000,-50015000,74000,-7080000,-3582000,33125000,26280000,49584000,-3582000,44590000,0,74000,-5880000,13448000,4022000,33259000,13448000,314000,26594000,16.13,17.36
14,2016-12-31,USD,706534000,63199000,573689000,132845000,30873000,-2005000,0,0,15606000,195000,55789000,-38773000,69646000,6407000,15267000,None,None,None,0,1003000,0,17416000,-154252000,0,-1810000,-2005000,None,USD,2500076000,126613000,None,54564000,1670951000,820847000,3423000,206803000,100000,74787000,58807000,372609000,520597000,256277000,689065000,110652000,110652000,-12480000,966638000,1012841000,None,321625000,0,432788000,909030000,269212000,578413000,0,0,100000,0,74787000,0,None,21375000,None,1487235000,None,909030000,72856000,981886000,None,None,None,758440000,2500076000,256277000,None,100396000,USD,None,-28617000,-20501000,2118000,-112370000,-110750000,-1227000,-10371000,-1810000,-33601000,97650000,474000,47612000,0,1620000,11957000,23212000,50898000,22619000,17136000,-1905000,-35506000,13.63,16.13
15,2016-09-30,USD,641720000,59336000,532158000,109562000,54156000,25582000,0,0,35283000,188000,51284000,3930000,50226000,5949000,18873000,None,None,None,0,2103000,0,9513000,31866000,0,25770000,25582000,None,USD,2607226000,133019000,None,33112000,1754111000,845032000,0,212781000,100000,82232000,71867000,372607000,19399000,291783000,746867000,146473000,146473000,9082000,1026213000,1055988000,None,339406000,0,449924000,935377000,281169000,600394000,853115000,0,100000,0,82232000,0,None,19399000,None,1551238000,None,935377000,71867000,1007244000,None,None,None,753618000,2607226000,291783000,None,100251000,USD,None,62710000,-25552000,-1331000,-111143000,123000,None,-1350000,25770000,77308000,102737000,-1350000,47650000,0,123000,-10379000,-25410000,3746000,24221000,-25410000,-1676000,75632000,11.45,13.63
16,2016-06-30,USD,601847000,62966000,504202000,97645000,37870000,18548000,0,0,17786000,217000,53028000,3191000,34679000,5949000,20084000,None,None,None,0,3989000,0,-979000,-16893000,0,18765000,18548000,None,USD,2521787000,138959000,None,30520000,1692063000,821829000,0,189680000,100000,57247000,72367000,372596000,532625000,216151000,622489000,80358000,80358000,13784000,1047187000,941975000,None,310274000,0,424514000,997207000,270790000,542131000,829724000,0,100000,0,57247000,0,None,21070000,None,1579812000,None,997207000,72367000,1069574000,None,None,None,750698000,2521787000,216151000,None,100234000,USD,None,12626000,-15329000,2854000,-30000000,-30000000,None,-2503000,18765000,34728000,80057000,-2503000,51986000,0,0,-6235000,31486000,-2320000,18183000,7738000,-2255000,32473000,7.53,11.45
17,2016-03-31,USD,583258000,64661000,499695000,83563000,20111000,-7264000,0,None,-1673000,114000,53512000,1209000,18902000,5947000,21784000,None,None,None,None,5202000,None,5477000,-20575000,None,-7150000,-7264000,None,USD,2495832000,144916000,None,27725000,1677905000,810249000,0,190006000,100000,38699000,57633000,347014000,512009000,183678000,598406000,80358000,80358000,23597000,1075613000,908210000,None,318319000,0,432252000,1021866000,264555000,518048000,817927000,817927000,100000,817927000,38699000,-817927000,None,20079000,None,1587622000,None,1021866000,57633000,1079499000,None,None,None,747853000,2495832000,183678000,None,100165000,USD,None,-68492000,-16586000,3530000,-76482000,-76482000,None,6985000,-7150000,-75176000,17892000,6985000,52299000,0,0,4368000,23748000,6134000,20116000,23748000,-246000,-75422000,6.65,7.53
18,2015-12-31,USD,668874000,71729000,560604000,108270000,40466000,9521000,0,0,20258000,136000,59601000,3925000,36541000,6683000,20208000,None,None,None,0,5445000,0,10601000,-74687000,0,9657000,9521000,None,USD,2671304000,150874000,None,34967000,1844635000,819105000,4303000,210397000,99000,45963000,41911000,346990000,545717000,262630000,744994000,157375000,157375000,27435000,1103067000,1022520000,None,321241000,3530000,456000000,1044582000,268923000,587619000,826669000,826669000,99000,826669000,45963000,-826669000,None,47853000,None,1648784000,None,1044582000,55059000,1099641000,None,None,None,745608000,2671304000,262630000,None,99137000,USD,None,4003000,-21029000,2020000,-2406000,-2406000,-67385000,33881000,9657000,116395000,139830000,3979000,50603000,0,0,23248000,66062000,15647000,23049000,32693000,-1946000,114449000,6.51,6.65
19,2015-09-30,USD,652005000,65522000,562887000,89118000,27594000,-2237000,0,0,6592000,99000,57165000,3998000,23596000,6421000,21002000,None,None,None,0,1936000,0,8730000,-4105000,0,-2138000,-2237000,None,USD,2670967000,520812000,None,49763000,1844938000,818601000,0,196860000,99000,41338000,73320000,363255000,562460000,150118000,660018000,107759000,None,34237000,1127774000,980733000,None,297789000,5467000,488021000,1111600000,292831000,552259000,826029000,826029000,99000,826029000,41338000,-826029000,None,41648000,None,1690234000,None,1111600000,73320000,1184920000,None,None,None,742927000,2670967000,150118000,None,99132000,USD,None,-8259000,-16385000,14028000,-358000,-290000,None,None,-2138000,-1940000,14735000,762000,51258000,0,68000,-2890000,33369000,-702000,30413000,-23296000,-2357000,-4297000,6.23,6.51
