,fiscalDateEnding,reportedCurrency_x,totalRevenue,totalOperatingExpense,costOfRevenue,grossProfit,ebit,netIncome_x,researchAndDevelopment,effectOfAccountingCharges,incomeBeforeTax,minorityInterest,sellingGeneralAdministrative,otherNonOperatingIncome,operatingIncome,otherOperatingExpense,interestExpense,taxProvision,interestIncome,netInterestIncome,extraordinaryItems,nonRecurring,otherItems,incomeTaxExpense,totalOtherIncomeExpense,discontinuedOperations,netIncomeFromContinuingOperations,netIncomeApplicableToCommonShares,preferredStockAndOtherAdjustments,reportedCurrency_y,totalAssets,intangibleAssets,earningAssets,otherCurrentAssets,totalLiabilities,totalShareholderEquity,deferredLongTermLiabilities,otherCurrentLiabilities,commonStock,retainedEarnings,otherLiabilities,goodwill,otherAssets,cash,totalCurrentLiabilities,shortTermDebt,currentLongTermDebt,otherShareholderEquity,propertyPlantEquipment,totalCurrentAssets,longTermInvestments,netTangibleAssets,shortTermInvestments,netReceivables,longTermDebt,inventory,accountsPayable,totalPermanentEquity,additionalPaidInCapital,commonStockTotalEquity,preferredStockTotalEquity,retainedEarningsTotalEquity,treasuryStock,accumulatedAmortization,otherNonCurrrentAssets,deferredLongTermAssetCharges,totalNonCurrentAssets,capitalLeaseObligations,totalLongTermDebt,otherNonCurrentLiabilities,totalNonCurrentLiabilities,negativeGoodwill,warrants,preferredStockRedeemable,capitalSurplus,liabilitiesAndShareholderEquity,cashAndShortTermInvestments,accumulatedDepreciation,commonStockSharesOutstanding,reportedCurrency,investments,changeInLiabilities,cashflowFromInvestment,otherCashflowFromInvestment,netBorrowings,cashflowFromFinancing,otherCashflowFromFinancing,changeInOperatingActivities,netIncome_y,changeInCash,operatingCashflow,otherOperatingCashflow,depreciation,dividendPayout,stockSaleAndPurchase,changeInInventory,changeInAccountReceivables,changeInNetIncome,capitalExpenditures,changeInReceivables,changeInExchangeRate,changeInCashAndCashEquivalents,clossingVal,nextClossingVal
0,2020-06-30,USD,211821000,None,None,None,None,30496000,None,None,55353000,814901000,108431000,None,None,None,None,12945000,-286000,-286000,None,None,None,12945000,None,None,42408000,30496000,None,USD,5463881000,1402892000,None,None,634738000,4014242000,None,None,2000,94374000,421792000,2694797000,563788000,570844000,None,None,None,-2693000,60745000,None,None,-83447000,None,101512000,None,None,105955000,None,None,None,None,None,None,None,None,None,None,30306000,None,None,None,None,None,None,None,None,None,None,None,USD,-10819000,-6658000,-10819000,None,None,-39892000,-4934000,14397000,30496000,135532000,186311000,None,37919000,-14483000,None,None,32291000,37239000,10819000,None,None,None,58.14,
1,2020-04-30,USD,211821000,None,None,None,None,30496000,None,None,55353000,814901000,108431000,None,None,None,None,12945000,-286000,-286000,None,None,None,12945000,None,None,42408000,30496000,None,USD,5463881000,1402892000,None,None,634738000,4014242000,None,None,2000,94374000,421792000,2694797000,563788000,570844000,None,None,None,-2693000,60745000,None,None,-83447000,None,101512000,None,None,105955000,None,None,None,None,None,None,None,None,None,None,30306000,None,None,None,None,None,None,None,None,None,None,None,USD,-10819000,-6658000,-10819000,None,None,-39892000,-4934000,14397000,30496000,135532000,186311000,None,37919000,-14483000,None,None,32291000,37239000,10819000,None,None,None,52.16,58.14
2,2020-03-31,USD,235305000,None,None,None,None,43928000,None,None,78314000,1186039000,109178000,None,77615000,None,None,15829000,699000,699000,None,None,None,15829000,None,None,62485000,43928000,None,USD,5184716000,1428689000,None,None,495868000,3502809000,None,None,2000,78361000,299870000,2694797000,329342000,435664000,None,None,None,-2179000,64342000,None,None,-620677000,None,133468000,None,None,101291000,None,None,None,None,None,None,None,None,None,None,33366000,None,None,None,None,None,None,3426625000,None,435664000,None,None,USD,-8361000,16373000,-8361000,None,None,-2277000,-308000,-68974000,43928000,-36354000,-21758000,None,37176000,-13400000,35422000,None,-43453000,33755000,8361000,None,None,None,42.04,52.16
3,2020-01-31,USD,235305000,None,None,None,None,43928000,None,None,78314000,1186039000,109178000,None,None,None,None,15829000,699000,699000,None,None,None,15829000,None,None,62485000,43928000,None,USD,5184716000,1428689000,None,None,495868000,3502809000,None,None,2000,78361000,299870000,2694797000,329342000,435664000,None,None,None,-2179000,64342000,None,None,-620677000,None,133468000,None,None,101291000,None,None,None,None,None,None,None,None,None,None,33366000,None,None,None,None,None,None,None,None,None,None,None,USD,-8361000,16373000,-8361000,None,None,-2277000,-308000,-68974000,43928000,-36354000,-21758000,None,37176000,-13400000,None,None,-43453000,33755000,8361000,None,None,None,46.18,42.04
4,2019-12-31,USD,198012000,142979000,10199000,187109000,None,41329000,None,None,88167000,1214157000,95743000,None,54329000,1200000,None,30889000,704000,704000,None,None,None,30889000,33838000,None,57278000,41329000,None,USD,5095334000,1454527000,None,10724000,502589000,3378588000,None,2700000,3000,47833000,286379000,2694797000,283686000,470435000,193771000,None,None,1366000,64909000,597415000,None,-770736000,None,92814000,None,None,63286000,None,None,None,None,None,None,None,None,None,None,30955000,None,None,None,None,None,None,3329386000,None,470435000,None,157000000,USD,-14695000,-556552000,-14695000,None,None,-39286000,-17302000,2375000,41329000,70581000,120538000,None,36402000,-13067000,1971224000,None,5138000,15589000,14695000,None,None,None,46.35,46.18
5,2019-10-31,USD,198012000,None,None,None,None,41329000,None,None,88167000,1214157000,95743000,None,None,1200000,None,30889000,704000,704000,None,None,None,30889000,None,None,57278000,41329000,None,USD,5095334000,1454527000,None,None,502589000,3378588000,None,None,3000,47833000,286379000,2694797000,283686000,470435000,None,None,None,1366000,64909000,None,None,-770736000,None,92814000,None,None,63286000,None,None,None,None,None,None,None,None,None,None,30955000,None,None,None,None,None,None,None,None,None,None,None,USD,-14695000,-556552000,-14695000,None,None,-39286000,-17302000,2375000,41329000,70581000,120538000,None,36402000,-13067000,None,None,5138000,15589000,14695000,None,None,None,41.75,46.35
6,2019-09-30,USD,201617000,142723000,9527000,191454000,None,29612000,None,None,58894000,1613633000,96678000,None,58258000,1200000,None,10316000,636000,636000,None,None,None,10316000,636000,None,48578000,29612000,None,USD,5622680000,1479359000,None,13301000,1135444000,2873603000,700000,2800000,2000,19570000,220603000,2694797000,132803000,402031000,881711000,24938000,None,-1854000,65917000,1249804000,None,-1300553000,None,95398000,None,None,757670000,None,None,None,None,None,None,None,None,None,None,33130000,None,None,None,None,None,None,2855885000,None,402031000,None,151000000,USD,-12060000,471422000,-12060000,None,None,-23206000,-11772000,50724000,29612000,76348000,113492000,None,35133000,-11434000,1161270000,None,-3665000,22676000,12060000,None,None,None,36.98,41.75
7,2019-07-31,USD,201617000,None,None,None,None,29612000,None,None,58894000,1613633000,96678000,None,None,1200000,None,10316000,636000,636000,None,None,None,10316000,None,None,48578000,29612000,None,USD,5622680000,1479359000,None,None,1135444000,2873603000,700000,None,2000,19570000,220603000,2694797000,132803000,402031000,None,None,None,-1854000,65917000,None,None,-1300553000,None,95398000,None,None,757670000,None,None,None,None,None,None,None,None,None,None,33130000,None,None,None,None,None,None,None,None,None,None,None,USD,-12060000,471422000,-12060000,None,None,-23206000,-11772000,50724000,29612000,76348000,113492000,None,35133000,-11434000,None,None,-3665000,22676000,12060000,None,None,None,47.36,36.98
8,2019-06-30,USD,190660000,159530000,9519000,180966000,None,12828000,None,None,31130000,1607249000,114879000,None,30955000,1200000,None,6314000,175000,175000,None,None,None,6314000,175000,None,24816000,12828000,None,USD,5072347000,1503759000,None,14598000,617547000,2847551000,None,2722000,2000,1393000,218000000,2694797000,128771000,326980000,365019000,None,None,-525000,65887000,679133000,None,-1351005000,None,92854000,None,None,289665000,None,None,None,None,None,None,None,None,None,None,34528000,None,None,None,None,None,None,2846681000,None,326980000,None,151000000,USD,-9424000,171984000,-9424000,None,None,-135650000,-24215000,9409000,12828000,-48026000,98052000,None,34292000,8565000,1161270000,None,650000,35717000,9424000,None,None,None,43.81,47.36
9,2019-04-30,USD,190660000,None,None,None,None,12828000,None,None,31130000,None,114879000,None,None,None,None,6314000,175000,175000,None,None,None,None,None,None,24816000,None,None,USD,5072347000,1503759000,None,None,617547000,2847551000,None,None,None,1393000,None,2694797000,None,326980000,None,None,None,None,None,None,None,None,None,92854000,None,None,289665000,None,None,None,None,None,None,None,None,None,None,34528000,None,None,None,None,None,None,None,None,None,None,None,USD,-9424000,None,None,None,None,-135650000,None,None,12828000,-48026000,98052000,None,34292000,8565000,None,None,650000,None,9424000,None,None,None,40.25,43.81
10,2019-03-31,USD,186792000,140515000,10040000,176752000,None,42352000,None,None,47135000,1607249000,107012000,None,46277000,1200000,None,4783000,858000,858000,None,None,None,4783000,858000,None,42352000,42352000,None,USD,4881585000,1527701000,None,10072000,260331000,4621254000,None,None,4621132000,None,71351000,2694797000,1200000,370480000,174945000,None,None,122000,69437000,557412000,None,375481000,None,182706000,37310000,None,114509000,None,None,None,None,None,None,None,None,None,None,37310000,None,None,None,None,None,None,None,None,370480000,None,222000000,USD,-8283000,-94309000,-8283000,None,None,-20000000,-20000000,-87023000,42352000,-48496000,-21079000,None,33503000,-20000000,None,None,-6406000,4635000,8283000,None,None,None,nan,40.25
11,2018-12-31,USD,178637000,146702000,-26598000,205235000,0,29307000,0,0,32722000,1607249000,140280000,None,31935000,0,-2956000,None,None,None,0,0,0,3415000,787000,0,29307000,29307000,None,USD,4997139000,1551430000,None,12627000,424805000,4572334000,None,None,4573200000,None,66698000,2694797000,25027000,410104000,358107000,None,None,-866000,38128000,687757000,None,326107000,None,265026000,None,None,213762000,None,None,None,None,None,None,None,None,None,None,None,None,None,None,None,None,None,None,None,None,None,None,USD,None,171457000,-16246000,None,None,-36000000,-24215000,37066000,29307000,59921000,112556000,None,27946000,-11435000,None,None,-161864000,3570000,9090000,None,None,None,nan,nan
12,2018-06-30,USD,171015000,111556000,9023000,161992000,None,38897000,None,None,40744000,1607249000,86355000,None,59459000,None,None,None,None,None,None,None,None,1847000,-18715000,None,38897000,38897000,None,USD,None,None,None,None,None,None,None,None,None,None,None,None,None,None,None,None,None,None,None,None,None,None,None,None,None,None,None,None,None,None,None,None,None,None,None,None,None,None,None,None,None,None,None,None,None,None,None,None,213000000,USD,None,-11374000,-8448000,None,None,-55000000,-24215000,15578000,38897000,12794000,79253000,None,16178000,-11435000,None,None,-280000,20254000,1881000,None,None,None,nan,nan
13,2018-03-31,USD,169503000,112078000,8463000,161040000,None,45308000,None,None,47826000,None,87347000,None,57425000,None,None,None,None,None,None,None,None,2518000,-9599000,None,45308000,45308000,None,USD,None,None,None,None,None,986468000,None,None,None,None,None,None,None,None,None,None,None,None,None,None,None,159647000,None,None,None,None,None,None,None,None,None,None,None,None,None,None,None,None,None,None,None,None,None,None,None,None,None,None,None,USD,None,1358000,-7442000,None,None,-25000000,None,-62244000,45308000,-44855000,-14226000,None,16268000,None,None,None,-25438000,10522000,1244000,None,None,None,nan,nan
14,2017-12-31,USD,143399000,104594000,-22390000,165789000,0,7107000,0,0,10077000,-432000,111014000,None,38805000,0,1843000,None,None,None,0,0,0,2970000,-28728000,0,7107000,7107000,None,USD,1316887000,263400000,None,11126000,330419000,986468000,None,None,999735000,None,177945000,563421000,24950000,352598000,152474000,None,None,-13267000,27031000,438085000,None,159647000,None,74361000,None,None,31686000,None,None,None,None,None,None,None,None,None,None,None,None,None,None,None,None,None,None,None,None,None,None,USD,-5000000,-35554000,-10539000,None,None,-37000000,None,29472000,7107000,36149000,83285000,None,9460000,-1543000,None,None,38255000,28035000,3424000,None,None,None,nan,nan
15,2016-12-31,USD,6040127000,399049000,3866523000,3756399000,0,571557000,0,0,809904000,1288000,831410000,None,997683000,0,11940000,None,None,None,0,0,0,237059000,-25580000,0,93161000,571557000,None,USD,None,None,None,None,None,None,None,None,None,None,None,None,None,None,None,None,None,None,None,None,None,None,None,None,None,None,None,None,None,None,None,None,None,None,None,None,None,None,None,None,None,None,None,None,None,None,None,None,None,USD,-5000000,-4183000,-50565000,None,None,-130521000,None,410000,93161000,-15441000,171845000,None,54035000,-521000,None,None,-18303000,19901000,9998000,None,None,None,nan,nan
16,2015-09-30,USD,895621000,0,641329000,-2159556000,0,123382000,0,0,183941000,1000,71370000,None,138730000,0,2072000,None,None,None,0,0,0,60558000,0,0,0,123382000,None,USD,5264354000,2872460000,None,156016000,2266773000,2982085000,None,415070000,746000,1535014000,1099865000,2229560000,3138139000,699966000,838158000,None,None,None,396967000,None,None,None,59444000,None,328750000,None,398088000,None,None,None,None,None,-416309000,None,None,None,None,None,None,None,None,None,None,None,None,None,None,None,None,USD,None,None,74423000,65264000,None,88270000,2961000,None,123382000,None,None,None,None,-10506000,None,None,None,None,36191000,None,None,None,nan,nan
17,2015-06-30,USD,888210000,0,626234000,1079778000,0,89102000,0,0,130992000,287000,81750000,None,138100000,0,2082000,None,None,None,0,0,0,41603000,0,0,0,89102000,None,USD,5394174000,2932438000,None,193562000,2446662000,2932011000,None,1085929000,746000,1489806000,1002338000,2278351000,3167261000,715151000,1130874000,None,None,None,390681000,None,None,None,127156000,None,215000000,None,19945000,None,None,None,None,None,-429286000,None,None,None,None,None,None,None,None,None,None,None,None,None,None,None,None,USD,None,None,None,None,None,None,None,None,89102000,None,573519000,None,None,-41801000,None,None,None,None,135226000,None,None,None,nan,nan
18,2015-03-31,USD,920714000,0,642430000,0,0,104142000,0,0,163385000,218000,72622000,None,164477000,0,2479000,None,None,None,0,0,0,59025000,0,0,0,104142000,None,USD,5310658000,2691682000,None,167207000,2322614000,2974421000,None,558286000,746000,1506728000,1167232000,2112107000,3187976000,690408000,974132000,None,None,None,370175000,None,None,None,69177000,None,181250000,None,390846000,None,None,None,None,None,-402323000,None,None,None,None,None,None,None,None,None,None,None,None,None,None,None,None,USD,None,None,None,None,None,None,None,None,104142000,None,270489000,None,None,-30659000,None,None,None,None,95018000,None,None,None,nan,nan
19,2014-12-31,USD,957922000,0,664705000,0,0,110176000,0,0,165752000,204000,82100000,None,167010000,0,2186000,None,None,None,0,0,0,55372000,0,0,0,110176000,None,USD,5336886000,2796949000,None,146626000,2293660000,3029584000,None,446239000,746000,1525939000,1206419000,2192431000,3300240000,621391000,849741000,None,None,None,375210000,None,None,None,45438000,None,237500000,None,378502000,None,None,None,None,None,-362989000,None,None,None,None,None,None,None,None,None,None,None,None,None,None,None,None,USD,None,None,765000,None,None,None,None,None,110176000,None,1900000,None,None,-20204000,None,None,None,None,66620000,None,None,None,nan,nan
