,fiscalDateEnding,reportedCurrency_x,totalRevenue,totalOperatingExpense,costOfRevenue,grossProfit,ebit,netIncome_x,researchAndDevelopment,effectOfAccountingCharges,incomeBeforeTax,minorityInterest,sellingGeneralAdministrative,otherNonOperatingIncome,operatingIncome,otherOperatingExpense,interestExpense,taxProvision,interestIncome,netInterestIncome,extraordinaryItems,nonRecurring,otherItems,incomeTaxExpense,totalOtherIncomeExpense,discontinuedOperations,netIncomeFromContinuingOperations,netIncomeApplicableToCommonShares,preferredStockAndOtherAdjustments,reportedCurrency_y,totalAssets,intangibleAssets,earningAssets,otherCurrentAssets,totalLiabilities,totalShareholderEquity,deferredLongTermLiabilities,otherCurrentLiabilities,commonStock,retainedEarnings,otherLiabilities,goodwill,otherAssets,cash,totalCurrentLiabilities,shortTermDebt,currentLongTermDebt,otherShareholderEquity,propertyPlantEquipment,totalCurrentAssets,longTermInvestments,netTangibleAssets,shortTermInvestments,netReceivables,longTermDebt,inventory,accountsPayable,totalPermanentEquity,additionalPaidInCapital,commonStockTotalEquity,preferredStockTotalEquity,retainedEarningsTotalEquity,treasuryStock,accumulatedAmortization,otherNonCurrrentAssets,deferredLongTermAssetCharges,totalNonCurrentAssets,capitalLeaseObligations,totalLongTermDebt,otherNonCurrentLiabilities,totalNonCurrentLiabilities,negativeGoodwill,warrants,preferredStockRedeemable,capitalSurplus,liabilitiesAndShareholderEquity,cashAndShortTermInvestments,accumulatedDepreciation,commonStockSharesOutstanding,reportedCurrency,investments,changeInLiabilities,cashflowFromInvestment,otherCashflowFromInvestment,netBorrowings,cashflowFromFinancing,otherCashflowFromFinancing,changeInOperatingActivities,netIncome_y,changeInCash,operatingCashflow,otherOperatingCashflow,depreciation,dividendPayout,stockSaleAndPurchase,changeInInventory,changeInAccountReceivables,changeInNetIncome,capitalExpenditures,changeInReceivables,changeInExchangeRate,changeInCashAndCashEquivalents,clossingVal,nextClossingVal
0,2020-06-30,USD,59376000,60676000,45564000,13812000,1461000,-1760000,None,None,-2083000,569000,15112000,None,-1300000,None,536000,-447000,None,-458000,None,None,None,-447000,-325000,None,-1636000,-1760000,None,USD,294127000,18973000,None,6739000,154169000,139389000,None,None,42756000,156655000,36044000,0,28437000,10688000,66734000,None,4691000,-41226000,72732000,173985000,None,120416000,None,30682000,37896000,120607000,25663000,None,None,None,None,None,None,None,3992000,None,120142000,13495000,None,2605000,87435000,None,None,None,None,None,None,None,None,USD,-1046000,0,-1546000,-30000,-472000,-643000,-171000,4492000,-1760000,2254000,3787000,None,3008000,None,None,None,None,-1453000,1544000,None,None,None,5.54,
1,2020-03-31,USD,68636000,-25152000,52087000,16549000,-26935000,-25230000,None,None,-28321000,54000,15349000,None,-26935000,-68636000,1386000,-3145000,None,-488000,None,28135000,None,-3099000,-29033000,None,-25222000,-23637000,-1593000,USD,301160000,19925000,None,34734000,157125000,143429000,5780000,54214000,42286000,158415000,29754000,0,26000000,8434000,72069000,2000000,2000000,-38476000,72863000,182372000,None,143429000,None,57514000,40874000,127615000,70069000,None,None,42286000,None,158415000,-18796000,None,3152000,None,72863000,13340000,40874000,25062000,30842000,None,None,None,None,301160000,8434000,None,13000000,USD,-2139000,0,-2139000,156000,-9632000,-9632000,-171000,3324000,-25176000,-6556000,5215000,3324000,2991000,None,None,None,None,24076000,2295000,None,154000,-6402000,6.98,5.54
2,2019-12-31,USD,59536000,-38875000,43825000,15711000,-4950000,-6516000,None,None,-5426000,50000,16413000,None,-4950000,-59536000,476000,1040000,None,-447000,None,4248000,None,1090000,-4277000,None,-6516000,-5968000,-548000,USD,343281000,22625000,None,13066000,173796000,168924000,None,38457000,42305000,183645000,32927000,25561000,25465000,14836000,75989000,2000000,2000000,-38230000,73768000,195862000,None,120738000,None,33302000,50512000,134658000,82827000,None,None,42305000,None,183645000,-18796000,None,4006000,None,21459000,13850000,50512000,2094000,50512000,None,None,None,None,343281000,14836000,None,13000000,USD,-2797000,0,-2797000,26000,2562000,2562000,-171000,178000,-6466000,-1600000,-1365000,178000,3000000,None,None,None,None,1923000,2823000,None,-69000,-1669000,11.02,6.98
3,2019-09-30,USD,59290000,66000000,49654000,9636000,-4596000,-6311000,None,None,-7911000,511000,16346000,None,-6710000,-59290000,389000,-1618000,None,-389000,None,121000,None,-1618000,-812000,None,-6293000,-6311000,-557000,USD,341461000,23267000,None,8001000,168098000,172852000,6894000,47554000,43182000,190161000,33541000,25072000,23348000,16505000,72232000,2000000,2000000,-40571000,71249000,198525000,None,124513000,None,36893000,47554000,127305000,25278000,None,None,43182000,None,190161000,-19920000,None,3840000,None,142936000,14054000,48289000,2223000,95866000,None,None,None,None,341461000,16505000,None,13000000,USD,-4137000,0,-4137000,-129000,7698000,6658000,-127000,6054000,-6311000,4143000,1481000,6054000,2926000,-127000,None,None,None,-1188000,4037000,None,141000,4143000,10.59,11.02
4,2019-06-30,USD,72447000,-55955000,55996000,16451000,-41000,-822000,None,None,-842000,49000,16271000,None,-41000,-72667000,801000,-69000,-301000,-301000,-15000,441000,None,-24000,-940000,None,-818000,-6370000,5548000,USD,346870000,25353000,None,20101000,164052000,182216000,None,17958000,45047000,196472000,35257000,25954000,21936000,12362000,73077000,2000000,2000000,-37971000,71258000,202369000,None,130909000,None,44013000,40491000,125893000,81000000,None,None,45047000,None,196472000,-21332000,None,3758000,None,18178000,14683000,40491000,40561000,81052000,None,None,None,None,346870000,12362000,None,13240278,USD,-2877000,-11160000,-2877000,191000,-6993000,-7072000,-79000,15570000,-773000,-3252000,6697000,26771000,2361000,None,32246000,-27671000,11177000,5992000,3068000,11177000,-143000,-3395000,15.1,10.59
5,2019-03-31,USD,77420000,-61271000,54303000,23117000,6968000,4560000,None,None,6029000,27000,17375000,None,6968000,-78777000,939000,1442000,None,-449000,None,131000,None,1486000,-621000,None,4543000,5038000,-478000,USD,344824000,23114000,None,42854000,158182000,186086000,None,32497000,44755000,197293000,28240000,26672000,19302000,15757000,69337000,2000000,2000000,-32462000,67422000,208314000,None,162972000,None,48207000,47280000,128168000,76405000,None,None,44755000,None,197293000,-23500000,None,3989000,None,15313000,13325000,47280000,2097000,47280000,None,None,None,None,344824000,15757000,None,13000000,USD,2361000,0,2361000,4596000,2908000,2908000,-127000,-14371000,4587000,-3110000,-8379000,-13321000,2464000,None,32246000,-27671000,11177000,-2109000,2235000,None,325000,-2785000,16.65,15.1
6,2018-12-31,USD,78107000,-58764000,52019000,26088000,6745000,4073000,0,None,5530000,6000,18909000,None,6745000,-78107000,1215000,None,None,None,None,434000,None,1444000,-2206000,None,4086000,4551000,-478000,USD,350830000,22362000,None,65825000,168986000,181331000,None,82705000,44137000,192734000,28444000,27829000,18030000,18542000,77389000,None,None,-32055000,70309000,212300000,None,181331000,None,65920000,46686000,130234000,84442000,None,None,44137000,None,192734000,-23485000,None,None,None,70309000,None,46686000,1839000,1839000,None,None,None,None,350830000,18542000,None,13000000,USD,None,0,-3089000,31000,9481000,9505000,-127000,-11554000,4079000,1815000,-4601000,-10552000,2161000,None,24000,-27671000,11177000,-289000,3120000,None,170000,1985000,14.75,16.65
7,2018-09-30,USD,74689000,-55530000,50704000,23985000,4826000,2862000,0,None,3790000,41000,18986000,None,4826000,-74689000,1036000,None,None,None,None,173000,None,903000,-1924000,None,2887000,3333000,-471000,USD,340757000,24786000,None,68566000,162297000,177940000,7969000,37446000,44044000,188661000,29719000,27265000,18006000,16557000,78062000,None,None,-30760000,68302000,202398000,None,177940000,0,63893000,37446000,123439000,78062000,178460000,0,44044000,0,188661000,-24005000,None,None,None,68302000,None,None,38820000,46789000,None,None,None,None,340757000,16557000,None,12000000,USD,None,0,-63304000,-59748000,32638000,63819000,-926000,-9951000,2903000,1337000,822000,-8780000,2349000,-115000,32222000,-27671000,11177000,4350000,3556000,None,49000,1386000,23.04,14.75
8,2018-06-30,USD,73773000,-156261000,46284000,27490000,8367000,5941000,1610000,0,8329000,15000,18226000,None,8367000,-175384000,38000,None,None,None,0,897000,0,2423000,-2703000,0,5906000,11183000,-5242000,USD,234713000,1906000,None,17367000,91097000,142997000,1203000,9378000,11570000,178896000,23929000,2692000,21906000,15171000,62344000,4824000,4824000,-23792000,48940000,159269000,None,141091000,0,45422000,4824000,84001000,62344000,143616000,0,11570000,0,178896000,-23677000,None,3850000,None,18056000,None,4824000,22726000,28753000,None,None,None,None,234713000,15171000,None,11553685,USD,None,14856000,-1962000,12000,-2778000,-2749000,-115000,22093000,5957000,799000,5510000,14081000,1556000,0,29000,-17460000,-13774000,294000,1974000,-13774000,-743000,56000,24.82,23.04
9,2018-03-31,USD,65349000,-50150000,44624000,20725000,5526000,4308000,0,0,5469000,28000,14747000,None,5526000,-65349000,57000,None,None,None,0,452000,0,1159000,-509000,0,4310000,4782000,-474000,USD,228599000,2041000,None,22083000,92989000,135041000,988000,2705000,10902000,172954000,32517000,2843000,23577000,15115000,52868000,7604000,7604000,-25102000,48031000,152107000,None,135041000,0,63329000,7604000,80041000,52868000,135610000,0,10902000,0,172954000,-23713000,None,None,None,48031000,None,7604000,31529000,40121000,None,None,None,None,228599000,15115000,None,11000000,USD,None,0,-1279000,62000,2919000,2897000,-22000,-10900000,4336000,-1193000,-2811000,-10900000,1645000,0,0,-17460000,-13774000,2108000,1341000,None,542000,-651000,21.74,24.82
10,2017-12-31,USD,56546000,16099000,38420000,18126000,2027000,-4113000,0,0,1875000,63000,15268000,None,2027000,0,152000,None,None,None,0,831000,0,5987000,-983000,0,-4112000,-2379000,-1734000,USD,213186000,4791000,None,20453000,84537000,128106000,0,30463000,10086000,168646000,32138000,2759000,30687000,15766000,46739000,4684000,4684000,-27427000,47820000,134679000,None,128106000,0,55110000,4684000,74037000,47715000,128649000,0,10086000,0,168646000,-23199000,None,None,None,47820000,None,4684000,1675000,6359000,None,None,None,None,213186000,15766000,None,11000000,USD,None,0,-1484000,62000,-3561000,-3748000,-187000,684000,-4051000,11000,5243000,684000,1619000,0,0,-17460000,-13774000,6991000,1546000,None,294000,305000,26.57,21.74
11,2017-09-30,USD,45064000,14886000,31169000,13895000,-991000,3392000,0,0,-1253000,13000,13668000,None,-991000,0,262000,None,None,None,0,1218000,0,-4651000,0,0,3398000,3866000,-474000,USD,215003000,4827000,None,20382000,84922000,129600000,0,32727000,9878000,172760000,34414000,2757000,38092000,15461000,41235000,8244000,8244000,-29650000,48344000,128567000,None,129600000,0,60779000,8244000,70037000,43951000,130081000,0,9878000,0,172760000,-23388000,None,None,None,48344000,None,8244000,None,8244000,None,None,None,None,215003000,15461000,None,11000000,USD,None,0,-1579000,-112000,1919000,1534000,-213000,-2328000,3405000,-1476000,-1431000,-2328000,1644000,-172000,0,0,0,-4152000,1467000,None,570000,-906000,18.61,26.57
12,2017-06-30,USD,98675000,31101000,68565000,30110000,-991000,-686000,1547000,0,-1713000,134000,27738000,None,-991000,-800000,722000,None,None,None,0,3363000,0,-1080000,-4988000,0,-633000,8392000,-9078000,USD,210898000,2009000,None,15482000,87331000,122921000,1011000,6323000,10429000,169368000,35474000,2585000,33252000,16367000,44523000,6323000,6323000,-32671000,48212000,129434000,None,118327000,0,31392000,6323000,66193000,46291000,123567000,0,10429000,0,169368000,-24205000,None,4460000,None,24198000,None,None,33706000,34717000,None,None,None,None,210898000,16367000,None,11519133,USD,None,8104000,-1055000,209000,-2670000,-2670000,-109000,1388000,1175000,295000,4020000,-1473000,1649000,0,0,624000,-5885000,-174000,1264000,-5885000,1132000,1427000,16.14,18.61
13,2017-03-31,USD,45084000,45527000,30102000,4345000,-17288000,1064000,0,0,0,121000,13737000,None,1054000,800000,61000,None,None,None,0,1430000,0,-438000,0,0,-14128000,-14249000,None,USD,209736000,4405000,None,20515000,99570000,109563000,0,56370000,10040000,168206000,49296000,2442000,37236000,14940000,40532000,8977000,8977000,-44478000,47679000,124821000,None,109563000,0,31300000,8977000,66856000,43200000,110166000,0,10040000,0,168206000,-24205000,None,None,None,28446000,None,None,None,None,None,None,None,None,209736000,14940000,None,11000000,USD,None,0,-773000,2000,1195000,1348000,153000,-339000,-1727000,2172000,1597000,-339000,1688000,0,0,0,0,1975000,775000,None,-223000,1949000,20.57,16.14
14,2016-12-31,USD,33672000,13376000,24723000,8949000,-4427000,-2912000,0,0,-4093000,20000,12560000,None,-4427000,0,-334000,None,None,None,0,816000,0,-1170000,0,0,-2923000,-2162000,-750000,USD,202422000,7005000,None,21459000,92701000,109156000,0,55670000,9609000,170054000,49917000,4999000,39131000,12991000,34218000,None,None,-46302000,48590000,114701000,None,109156000,0,54853000,7782000,64529000,37031000,109721000,0,9609000,0,170054000,-24205000,None,None,None,48590000,None,None,None,None,None,None,None,None,202422000,12991000,None,11000000,USD,None,8104000,-568000,1000,-1910000,-1930000,-20000,2245000,-2892000,-2276000,222000,2245000,1764000,0,0,0,0,-895000,569000,None,-810000,-3086000,14.6,20.57
