,fiscalDateEnding,reportedCurrency_x,totalRevenue,totalOperatingExpense,costOfRevenue,grossProfit,ebit,netIncome_x,researchAndDevelopment,effectOfAccountingCharges,incomeBeforeTax,minorityInterest,sellingGeneralAdministrative,otherNonOperatingIncome,operatingIncome,otherOperatingExpense,interestExpense,taxProvision,interestIncome,netInterestIncome,extraordinaryItems,nonRecurring,otherItems,incomeTaxExpense,totalOtherIncomeExpense,discontinuedOperations,netIncomeFromContinuingOperations,netIncomeApplicableToCommonShares,preferredStockAndOtherAdjustments,reportedCurrency_y,totalAssets,intangibleAssets,earningAssets,otherCurrentAssets,totalLiabilities,totalShareholderEquity,deferredLongTermLiabilities,otherCurrentLiabilities,commonStock,retainedEarnings,otherLiabilities,goodwill,otherAssets,cash,totalCurrentLiabilities,shortTermDebt,currentLongTermDebt,otherShareholderEquity,propertyPlantEquipment,totalCurrentAssets,longTermInvestments,netTangibleAssets,shortTermInvestments,netReceivables,longTermDebt,inventory,accountsPayable,totalPermanentEquity,additionalPaidInCapital,commonStockTotalEquity,preferredStockTotalEquity,retainedEarningsTotalEquity,treasuryStock,accumulatedAmortization,otherNonCurrrentAssets,deferredLongTermAssetCharges,totalNonCurrentAssets,capitalLeaseObligations,totalLongTermDebt,otherNonCurrentLiabilities,totalNonCurrentLiabilities,negativeGoodwill,warrants,preferredStockRedeemable,capitalSurplus,liabilitiesAndShareholderEquity,cashAndShortTermInvestments,accumulatedDepreciation,commonStockSharesOutstanding,reportedCurrency,investments,changeInLiabilities,cashflowFromInvestment,otherCashflowFromInvestment,netBorrowings,cashflowFromFinancing,otherCashflowFromFinancing,changeInOperatingActivities,netIncome_y,changeInCash,operatingCashflow,otherOperatingCashflow,depreciation,dividendPayout,stockSaleAndPurchase,changeInInventory,changeInAccountReceivables,changeInNetIncome,capitalExpenditures,changeInReceivables,changeInExchangeRate,changeInCashAndCashEquivalents,clossingVal,nextClossingVal
0,2020-06-30,USD,256226000,221651000,166852000,89374000,47099000,16170000,None,None,22863000,67635000,47689000,None,34575000,None,10580000,5493000,None,-10580000,None,None,None,5493000,-1132000,None,17370000,16170000,None,USD,3319623000,1980859000,None,None,1733196000,1518792000,None,15319000,13000,352998000,420877000,702917000,2795000,127779000,203033000,None,13705000,-11034000,281144000,337308000,None,-1179584000,None,141175000,1109286000,51782000,67169000,None,None,None,None,None,None,None,17395000,None,2982315000,None,None,1340000,1530163000,None,None,None,None,None,None,None,None,USD,-13662000,2459000,-13662000,None,-2792000,-2779000,-363000,720000,16170000,31612000,47539000,None,13656000,None,None,-1045000,6143000,9110000,13662000,None,None,None,12.22,
1,2020-03-31,USD,243485000,224037000,164148000,79337000,27434000,2348000,None,None,2888000,80580000,53378000,None,19448000,27000,11725000,248000,-11725000,-11725000,None,None,None,248000,-4835000,None,2640000,2348000,None,USD,3289577000,1987931000,None,None,1718476000,1490521000,None,13410000,13000,336828000,421062000,701905000,2424000,96167000,185026000,None,14437000,-9583000,276628000,306289000,None,-1213715000,None,147064000,1112388000,50737000,67105000,None,None,None,None,None,None,None,16824000,None,2983288000,None,1112388000,1320000,1533450000,None,None,None,1163263000,None,96167000,None,126000000,USD,-331543000,864000,-331543000,-318427000,134096000,130354000,-2893000,6431000,2348000,-188920000,13142000,None,12821000,None,155000,5180000,-17463000,2623000,13116000,None,None,None,10.66,12.22
2,2019-12-31,USD,216666000,182160000,145890000,70776000,49707000,21720000,None,None,29532000,94432000,31426000,None,34506000,-784000,9519000,5977000,-9519000,-9519000,None,None,None,5977000,4545000,None,23555000,21720000,None,USD,3097701000,1853315000,None,7100000,1517477000,1485792000,None,704000,13000,334480000,382147000,535853000,1093000,285087000,159925000,11883000,11883000,-756000,242384000,453156000,None,-915276000,None,104892000,975405000,47608000,68566000,None,None,None,None,None,None,None,12993000,None,2644545000,None,975405000,None,1357552000,None,None,None,1152055000,None,285087000,None,115000000,USD,-7773000,-4233000,-7773000,63345000,-2424000,-10633000,-7385000,5180000,21720000,18216000,36622000,None,10656000,None,23000,-9026000,10966000,1359000,7765000,None,None,None,14.54,10.66
3,2019-09-30,USD,227211000,203640000,156791000,70420000,34310000,8785000,None,None,13758000,105061000,35355000,None,23571000,5439000,9813000,3029000,-9813000,-9813000,None,None,None,3029000,-10113000,None,10729000,8785000,None,USD,3066778000,1858943000,None,None,1509506000,1452211000,None,848000,13000,312759000,378009000,535853000,476000,266871000,158659000,10166000,10166000,-687000,227114000,433492000,None,-953485000,None,115857000,972838000,38582000,69811000,None,None,None,None,None,None,None,11376000,None,2633286000,None,972838000,None,1350847000,None,None,None,1140126000,None,266871000,None,121000000,USD,48939000,137000,48939000,63353000,-2414000,-4640000,-1743000,-7807000,8785000,77587000,33288000,None,10739000,None,23000,862000,8972000,11599000,14414000,None,None,None,13.985,14.54
4,2019-06-30,USD,241060000,204179000,157610000,83450000,47096000,11483000,None,None,25733000,244101000,38282000,None,36881000,1278000,10302000,9064000,-10302000,-10302000,None,None,None,9064000,-846000,None,16669000,11483000,None,USD,3068979000,1889221000,None,None,1498552000,1326326000,None,58568000,13000,303974000,359402000,574645000,513000,189284000,166932000,13206000,13206000,-190000,223751000,370649000,None,-1147740000,None,128187000,972118000,42893000,72161000,None,None,None,None,None,None,None,10713000,None,2698330000,None,972118000,107000,1331620000,None,None,None,1022529000,None,189284000,None,110000000,USD,-7470000,1574000,-7470000,None,-2526000,-9408000,-6781000,2073000,11483000,28801000,45679000,None,11061000,None,23000,265000,1044000,18179000,7470000,None,None,None,14.44,13.985
5,2019-03-31,USD,222738000,186628000,147550000,75188000,46548000,21126000,None,None,25434000,354981000,34154000,None,36110000,-1761000,10236000,-1178000,-10236000,-10236000,None,None,None,-1178000,-440000,None,26612000,21126000,None,USD,3043840000,1895231000,None,None,1822459000,1221381000,None,48282000,13000,292491000,338383000,575645000,12761000,160483000,154655000,13243000,13243000,1307000,221636000,338567000,2900000,-1258795000,None,129231000,974440000,43158000,74648000,None,None,None,None,None,None,None,12761000,None,2705273000,None,974440000,None,1312823000,None,None,None,927570000,None,160483000,None,101000000,USD,-10835000,16594000,-10835000,None,-2530000,-3444000,-914000,5021000,26612000,14106000,28385000,None,10878000,None,None,-4578000,-23552000,2896000,10835000,None,None,None,12.5,14.44
6,2018-12-31,USD,214815000,172314000,135877000,78938000,42501000,11831000,0,0,19991000,350454000,28608000,None,42501000,1755000,-10341000,None,None,None,0,0,0,3639000,-22510000,0,16352000,11831000,None,USD,3010713000,1909715000,None,None,1460456000,1199803000,None,46821000,13000,271365000,342617000,575645000,462000,146377000,141103000,11068000,11068000,2523000,220349000,299442000,5100000,-1285557000,None,105679000,976535000,38580000,65288000,None,None,None,None,None,None,None,None,None,None,None,976736000,None,None,None,None,None,925902000,None,146377000,None,103000000,USD,None,-6341000,-11669000,-22521000,-2527000,-3134000,-18000,6190000,11831000,18981000,33784000,None,9341000,None,None,-1101000,1784000,11380000,11699000,None,None,None,10.94,12.5
7,2018-09-30,USD,210982000,187289000,150604000,60378000,23693000,7941000,0,0,13755000,347067000,30599000,None,23693000,92000,-9974000,None,None,None,0,0,0,2603000,-9938000,0,11152000,7941000,None,USD,2993625000,1912905000,None,11960000,1458097000,1188461000,0,38559000,13000,259534000,345119000,578345000,2660000,127396000,133446000,11268000,11268000,4433000,207319000,283896000,8500000,-1302789000,0,107464000,979532000,37076000,74243000,0,924481000,3000,3000,259534000,0,None,None,None,None,None,None,None,None,None,None,None,None,None,None,None,103000000,USD,None,3572000,-13939000,0,-2527000,-2626000,-70000,-5059000,7941000,12124000,28689000,None,10122000,0,0,1112000,3007000,7394000,13050000,None,None,None,11.07,10.94
8,2018-06-30,USD,215849000,182952000,148992000,66857000,32897000,19283000,0,0,24814000,343818000,27874000,None,32897000,92000,-9749000,None,None,None,0,-1464000,0,194000,-8083000,0,24620000,19283000,None,USD,2982629000,1918599000,None,11276000,1459526000,1179285000,0,42811000,13000,251593000,341550000,578345000,2637000,115272000,135648000,11268000,11268000,4177000,199839000,275209000,8000000,-1317659000,0,110470000,982328000,38191000,70858000,0,923502000,3000,3000,251593000,0,None,None,None,None,None,None,None,None,None,None,None,None,None,None,None,105000000,USD,None,5627000,-12850000,0,-2525000,-15188000,-12663000,-1759000,19283000,14822000,42860000,None,9857000,0,0,1552000,2979000,4622000,11817000,None,None,None,13.6,11.07
9,2018-03-31,USD,208743000,174407000,137502000,71241000,34336000,23841000,0,0,35821000,343470000,30819000,None,34336000,92000,-9340000,None,None,None,0,1464000,0,6519000,1485000,0,29302000,23841000,None,USD,2964521000,1924293000,None,5915000,1462600000,1158451000,0,48680000,13000,232311000,343568000,579446000,1883000,100450000,133908000,11268000,11268000,3407000,192514000,259785000,6600000,-1345288000,0,113450000,985124000,39970000,65753000,0,922720000,3000,3000,232311000,0,None,None,None,None,None,None,None,None,None,None,None,None,None,None,None,105000000,USD,None,11560000,-32487000,0,-2526000,-41086000,-38153000,1617000,23841000,-35251000,38322000,None,9391000,0,0,2006000,-11437000,644000,8019000,None,None,None,14.79,13.6
10,2017-12-31,USD,196221000,898775000,112530000,326898000,192160000,179686000,0,0,90760000,9886000,23292000,None,50805000,-17003000,9517000,None,None,None,0,0,0,-77521000,4275000,0,279103000,179686000,None,USD,2966275000,2509834000,None,7970000,1493702000,1130333000,0,66492000,10000,209597000,110160000,579446000,2513126000,135701000,127851000,11268000,11268000,1318000,174121000,279028000,2900000,-1379501000,0,101012000,987920000,34345000,49992000,0,901157000,3000,3000,-11214000,0,None,None,None,None,None,None,None,None,None,None,None,None,None,None,None,105000000,USD,None,4839000,-35209000,0,-5144000,-19630000,-14051000,781000,179686000,108846000,163685000,None,35670000,0,0,-3901000,-11775000,-88326000,32913000,None,None,None,14.81,14.79
11,2017-09-30,USD,192251000,-462602000,110756000,0,47214000,9549000,0,0,26447000,6581000,30464000,None,41309000,34892000,9792000,None,None,None,0,3009000,0,10317000,0,0,-1706000,9549000,None,USD,2926673000,2516731000,None,6791000,1641429000,952302000,0,46088000,10000,28550000,175487000,580349000,2517235000,101171000,111009000,11456000,11456000,-43000,166931000,0,None,-1564429000,0,100733000,988476000,33812000,53451000,0,923739000,3000,3000,28593000,0,None,None,None,None,None,None,None,None,None,None,None,None,None,None,None,105000000,USD,None,7369000,0,0,-2533000,0,-4022000,-4678000,9549000,34947000,117773000,None,0,0,0,0,0,22242000,22755000,None,None,None,13.66,14.81
12,2017-06-30,USD,203178000,153386000,111740000,0,-86924000,18830000,0,0,39518000,9377000,32058000,None,49792000,-23380000,10035000,None,None,None,0,-3009000,0,11311000,0,0,-35121000,18830000,None,USD,2891767000,2522525000,None,6035000,1622654000,938862000,0,53082000,10000,18740000,173898000,580349000,2523005000,66224000,100897000,1001084000,1001084000,-304000,162586000,0,None,-1583663000,0,100120000,989062000,33797000,36316000,0,920109000,3000,3000,19044000,0,None,None,None,None,None,None,None,None,None,None,None,None,None,None,None,107000000,USD,None,-2266000,0,0,-33000,0,-9935000,1492000,18830000,20549000,67779000,None,0,0,0,0,0,19635000,15101000,None,None,None,16.1,13.66
13,2017-03-31,USD,184538000,0,102449000,0,34179000,15832000,0,0,34179000,8367000,28100000,None,44723000,5872000,9830000,None,None,None,0,1003000,0,9980000,0,0,15832000,15832000,None,USD,2874158000,2536831000,None,4846000,1618027000,913572000,0,47480000,10000,214000,165384000,588460000,2537315000,45675000,102802000,11496000,11496000,None,158173000,0,None,-1615959000,0,96060000,990589000,32089000,39299000,0,913345000,3000,3000,0,0,None,None,None,None,None,None,None,None,None,None,None,None,None,None,None,105000000,USD,None,-4430000,0,0,-2537000,0,-9935000,-27000,15832000,18820000,26268000,None,0,0,0,0,0,5976000,4519000,None,None,None,15.87,16.1
14,2016-12-31,USD,178829000,536977000,99792000,314157000,187419660,21623000,0,0,11126000,331862000,56135000,None,15848000,15335000,13287000,None,None,None,0,39132000,0,-7323000,-145992000,0,48750660,-35588000,None,USD,2847892000,2542803000,None,4827000,1616481000,897219000,0,58347000,10000,-15618000,165384000,588460000,2543305000,26855000,103926000,11496000,11496000,None,153224000,151363000,None,-1645584000,0,89237000,993374000,30444000,34083000,0,901157000,3000,3000,0,0,None,None,None,None,None,None,None,None,None,None,None,None,None,None,None,None,USD,None,22590000,-504775000,1329000,-224387000,-263941000,-15972000,4164000,52807000,-652884000,115832000,None,14308000,-23582000,0,5901000,-16164000,28503000,35127000,None,None,None,13.0,15.87
15,2016-09-30,USD,196197000,0,110848000,0,4552290,31184000,0,0,33491000,2330000,29994000,None,51929000,-17616000,18004000,None,None,None,0,0,0,-317000,0,0,4552290,31184000,None,USD,375557000,0,None,155000,17241000,358316000,0,3941000,1000,-4801919,13125000,0,375396000,6000,4116000,175000,175000,None,0,161329,None,5000004,0,89237000,0,0,0,0,0,0,353316000,0,0,None,None,None,None,None,None,None,None,None,None,None,None,None,None,None,None,USD,None,1624866,-384850,0,175000,175000,-13125000,56288,31184000,-446091,-574695,None,0,0,0,0,0,39108000,0,None,None,None,10.8,13.0
16,2016-06-30,USD,192343000,0,103622000,0,-1155996,28620000,0,0,29789000,852000,30289000,None,55481000,5872000,17893000,None,None,None,0,0,0,317000,0,0,-1155996,28620000,None,USD,375898000,0,None,212000,15441000,360457000,0,2316000,1000,-2660685,13125000,0,375234000,452000,2316000,175000,175000,None,0,663707,None,5000008,0,89237000,0,0,0,0,0,0,355457000,0,0,None,None,None,None,None,None,None,None,None,None,None,None,None,None,None,None,USD,None,1977920,-223839,0,175000,0,-13125000,61282,28620000,-97068,-114615,None,0,0,0,0,0,39108000,0,None,None,None,9.74,10.8
17,2016-03-31,USD,160217000,0,87771000,0,-206954,17609000,0,0,18537000,928000,24467000,None,45302000,0,17849000,None,None,None,0,0,0,0,0,0,-206954,17609000,None,USD,375904000,0,None,273000,13463000,362441000,0,338000,1000,-206954,13125000,0,375082000,549000,338000,175000,175000,None,0,822057,None,5000010,0,89237000,0,0,0,0,0,0,357441000,0,0,None,None,None,None,None,None,None,None,None,None,None,None,None,None,None,None,USD,None,50608,-71381,0,175000,0,-13125000,-13659,17609000,-241386,-170005,None,0,0,0,0,0,39108000,0,None,None,None,9.75,9.74
18,2015-12-31,USD,620815000,458025000,358612000,262203000,162790000,84459807,0,0,88760000,-37991000,261000,None,162998223,4306000,-50011000,None,None,None,0,2700000,0,0,-74030000,0,88760000,84253000,None,USD,376060000,270079000,None,259000,13412000,362648000,1696000,287000,1000,-469919,13125000,56992000,375010000,791000,287000,9250000,9250000,None,128078000,168817000,None,-949201000,0,68518000,1193667000,25130000,28053000,0,0,0,357648000,0,0,None,None,None,None,None,None,None,None,None,None,None,None,None,None,None,None,USD,42960000,10480000,17880000,1762000,726435000,376243000,1218000,4074000,84253000,-145150000,132972000,None,8436000,-952853000,25000,-5611000,-1077000,27594000,25082000,None,None,None,10.0,9.75
19,2015-09-30,USD,0,0,0,0,0,-206807,0,0,0,0,208000,None,-208223,0,0,None,None,None,0,0,0,0,0,0,0,0,None,USD,376599000,0,None,293000,13700000,362899000,0,575000,1000,-218807,13125000,0,375001000,1305000,575000,None,None,None,0,1597947,None,None,0,None,0,0,0,0,0,0,357899000,0,0,None,None,None,None,None,None,None,None,None,None,None,None,None,None,None,9000000,USD,None,None,-375001130,0,None,376667884,None,None,-206807,None,-361728,None,0,0,25000,0,0,None,0,None,None,None,nan,10.0
