,fiscalDateEnding,reportedCurrency_x,totalRevenue,totalOperatingExpense,costOfRevenue,grossProfit,ebit,netIncome_x,researchAndDevelopment,effectOfAccountingCharges,incomeBeforeTax,minorityInterest,sellingGeneralAdministrative,otherNonOperatingIncome,operatingIncome,otherOperatingExpense,interestExpense,taxProvision,interestIncome,netInterestIncome,extraordinaryItems,nonRecurring,otherItems,incomeTaxExpense,totalOtherIncomeExpense,discontinuedOperations,netIncomeFromContinuingOperations,netIncomeApplicableToCommonShares,preferredStockAndOtherAdjustments,reportedCurrency_y,totalAssets,intangibleAssets,earningAssets,otherCurrentAssets,totalLiabilities,totalShareholderEquity,deferredLongTermLiabilities,otherCurrentLiabilities,commonStock,retainedEarnings,otherLiabilities,goodwill,otherAssets,cash,totalCurrentLiabilities,shortTermDebt,currentLongTermDebt,otherShareholderEquity,propertyPlantEquipment,totalCurrentAssets,longTermInvestments,netTangibleAssets,shortTermInvestments,netReceivables,longTermDebt,inventory,accountsPayable,totalPermanentEquity,additionalPaidInCapital,commonStockTotalEquity,preferredStockTotalEquity,retainedEarningsTotalEquity,treasuryStock,accumulatedAmortization,otherNonCurrrentAssets,deferredLongTermAssetCharges,totalNonCurrentAssets,capitalLeaseObligations,totalLongTermDebt,otherNonCurrentLiabilities,totalNonCurrentLiabilities,negativeGoodwill,warrants,preferredStockRedeemable,capitalSurplus,liabilitiesAndShareholderEquity,cashAndShortTermInvestments,accumulatedDepreciation,commonStockSharesOutstanding,reportedCurrency,investments,changeInLiabilities,cashflowFromInvestment,otherCashflowFromInvestment,netBorrowings,cashflowFromFinancing,otherCashflowFromFinancing,changeInOperatingActivities,netIncome_y,changeInCash,operatingCashflow,otherOperatingCashflow,depreciation,dividendPayout,stockSaleAndPurchase,changeInInventory,changeInAccountReceivables,changeInNetIncome,capitalExpenditures,changeInReceivables,changeInExchangeRate,changeInCashAndCashEquivalents,clossingVal,nextClossingVal
0,2020-06-30,USD,21207000,49403000,16472000,4735000,-26281000,-28207000,10444000,None,-28186000,None,22487000,None,-28196000,None,181000,21000,247000,66000,None,None,None,21000,-56000,None,-28207000,-28207000,None,USD,408240000,356000,None,None,59294000,348946000,None,1373000,348946000,-434137000,None,1138000,3234000,207853000,31377000,None,3333000,134000,58934000,344578000,None,347452000,103906000,12740000,2170000,13161000,5973000,None,None,None,None,None,None,None,3234000,None,63662000,32416000,None,None,27917000,None,None,None,None,None,None,None,None,USD,-61149000,-740000,-61149000,None,-833000,108064000,None,1543000,-28207000,23459000,-23468000,None,1724000,None,-450000,-2398000,1484000,3083000,2848000,None,None,None,45.3,
1,2020-04-30,USD,21207000,49403000,16472000,4735000,-26281000,-28207000,10444000,None,-28186000,None,22487000,None,-28196000,None,181000,21000,247000,66000,None,None,None,21000,-56000,None,-28207000,-28207000,None,USD,408240000,356000,None,None,59294000,348946000,None,1373000,None,-434137000,None,1138000,3234000,207853000,31377000,None,3333000,134000,58934000,344578000,None,347452000,103906000,12740000,2170000,13161000,5973000,None,None,None,None,None,None,None,3234000,None,63662000,32416000,None,None,27917000,None,None,None,None,None,None,None,None,USD,-61149000,-740000,-61149000,None,-833000,108064000,None,1543000,-28207000,23459000,-23468000,None,1724000,None,-450000,-2398000,1484000,3083000,2848000,None,None,None,32.71,45.3
2,2020-03-31,USD,19297000,51383000,13564000,5733000,-29933000,-31768000,10629000,None,-31707000,None,27190000,None,-32086000,None,215000,61000,576000,361000,None,None,None,61000,18000,None,-31768000,-31768000,None,USD,323872000,407000,None,83000,59670000,264202000,None,52000,264202000,-405930000,95000,1138000,3003000,184395000,30210000,None,3333000,213000,59119000,260205000,None,262657000,45669000,13759000,2925000,10764000,6932000,None,None,None,None,None,None,None,3003000,None,63667000,34217000,2925000,95000,29460000,None,None,None,669919000,None,230064000,None,37000000,USD,28763000,-2519000,28763000,45963000,-834000,188037000,None,-24561000,-31768000,158102000,-58671000,None,1559000,None,-390000,-3347000,-1777000,3693000,2737000,None,None,None,30.58,32.71
3,2020-01-31,USD,19297000,51383000,13564000,5733000,-29933000,-31768000,10629000,None,-31707000,None,27190000,None,-32086000,None,215000,61000,576000,361000,None,None,None,61000,18000,None,-31768000,-31768000,None,USD,323872000,407000,None,None,59670000,264202000,None,52000,None,-405930000,95000,1138000,3003000,184395000,30210000,None,3333000,213000,59119000,260205000,None,262657000,45669000,13759000,2925000,10764000,6932000,None,None,None,None,None,None,None,3003000,None,63667000,34217000,None,95000,29460000,None,None,None,None,None,None,None,None,USD,28763000,-2519000,28763000,None,-834000,188037000,None,-24561000,-31768000,158102000,-58671000,None,1559000,None,-390000,-3347000,-1777000,3693000,2737000,None,None,None,24.84,30.58
4,2019-12-31,USD,17164000,50494000,13792000,3372000,-53848000,-55638000,10297000,None,-55601000,None,26405000,None,-33330000,None,248000,37000,564000,316000,None,None,None,37000,-22587000,None,-55638000,-55638000,None,USD,192277000,458000,None,None,89196000,103081000,None,999000,None,-374162000,144000,1138000,2816000,26032000,57844000,3333000,3333000,190000,58577000,129288000,None,101485000,77075000,12475000,3669000,7416000,9106000,None,None,None,None,None,None,None,2816000,None,62989000,35910000,3669000,144000,31352000,None,None,None,477053000,None,103107000,None,33000000,USD,12405000,-556000,12405000,14463000,-833000,2057000,None,16926000,-55638000,-20443000,-34914000,None,1505000,None,-808000,-86000,-950000,3829000,2058000,None,None,None,21.0,24.84
5,2019-10-31,USD,17164000,50494000,13792000,3372000,-53848000,-55638000,10297000,None,-55601000,None,26405000,None,-33330000,None,248000,37000,564000,316000,None,None,None,37000,-22587000,None,-55638000,-55638000,None,USD,192277000,458000,None,None,89196000,103081000,None,999000,None,-374162000,144000,1138000,2816000,26032000,57844000,None,3333000,190000,58577000,129288000,None,101485000,77075000,12475000,3669000,7416000,9106000,None,None,None,None,None,None,None,2816000,None,62989000,35910000,None,144000,31352000,None,None,None,None,None,None,None,None,USD,12405000,-556000,12405000,None,-833000,2057000,None,16926000,-55638000,-20443000,-34914000,None,1505000,None,-808000,-86000,-950000,3829000,2058000,None,None,None,23.82,21.0
6,2019-09-30,USD,15737000,47305000,12385000,3352000,-29292000,-31181000,10497000,None,-31068000,None,24423000,None,-31568000,None,287000,113000,789000,502000,None,None,None,113000,-2000,None,-31181000,-31181000,None,USD,186994000,508000,None,84000,34912000,152082000,None,817000,152082000,-318524000,158000,1138000,4378000,46735000,30354000,3333000,3333000,181000,20835000,160135000,None,150436000,91372000,11085000,4400000,7330000,9760000,None,None,None,None,None,None,None,4378000,None,26859000,None,4400000,158000,4558000,None,None,None,470425000,None,138107000,None,27000000,USD,-1187000,3374000,-1187000,-90053000,-833000,2928000,None,2188000,-31181000,-21587000,-23358000,None,1489000,None,161078000,-1834000,-577000,3120000,3893000,None,None,None,23.88,23.82
7,2019-07-31,USD,15737000,47305000,12385000,3352000,-29292000,-31181000,10497000,None,-31068000,None,24423000,None,-31568000,None,287000,113000,789000,502000,None,None,None,113000,-2000,None,-31181000,-31181000,None,USD,186994000,508000,None,None,34912000,152082000,None,817000,152082000,-318524000,158000,1138000,4378000,46735000,30354000,None,3333000,181000,20835000,160135000,None,150436000,91372000,11085000,4400000,7330000,9760000,None,None,None,None,None,None,None,4378000,None,26859000,None,None,158000,4558000,None,None,None,None,None,None,None,None,USD,-1187000,3374000,-1187000,None,-833000,2928000,None,2188000,-31181000,-21587000,-23358000,None,1489000,None,None,-1834000,-577000,3120000,3893000,None,None,None,33.72,23.88
8,2019-06-30,USD,13600000,41721000,11394000,2206000,-25957000,-27916000,9007000,None,-27862000,None,21320000,None,-28121000,None,318000,54000,804000,486000,None,None,None,54000,-227000,None,-27916000,-27916000,None,USD,206805000,559000,None,194000,30802000,176003000,None,680000,176003000,-287343000,236000,1138000,2669000,68212000,25447000,3333000,3333000,117000,19817000,182622000,None,174306000,93575000,11697000,5119000,5496000,7835000,None,None,None,None,None,None,None,2669000,None,24183000,None,5119000,236000,5355000,None,None,None,463229000,None,161787000,None,30000000,USD,-22706000,1921000,-22706000,-92759000,-834000,84285000,None,3999000,-27916000,39497000,-22082000,None,1587000,None,157317000,-1047000,-3529000,2836000,5172000,None,None,None,29.01,33.72
9,2019-04-30,USD,13600000,41721000,11394000,2206000,-25957000,-27916000,9007000,None,-27862000,None,21320000,None,-28121000,None,318000,54000,804000,486000,None,None,None,None,-227000,None,-27916000,None,None,USD,206805000,559000,None,None,30802000,176003000,None,680000,None,-287343000,None,1138000,None,68212000,25447000,None,3333000,None,None,182622000,None,None,93575000,11697000,5119000,5496000,7835000,None,None,None,None,None,None,None,2669000,None,24183000,None,None,236000,5355000,None,None,None,None,None,None,None,None,USD,-22706000,None,None,None,None,84285000,None,None,-27916000,39497000,-22082000,None,1587000,None,None,-1047000,-3529000,None,5172000,None,None,None,23.66,29.01
10,2019-03-31,USD,13557000,39820000,11789000,1768000,-23946000,-25933000,8907000,None,-25849000,None,19124000,None,-26263000,None,340000,84000,435000,435000,None,None,None,84000,-21000,None,-25933000,-25933000,None,USD,140170000,610000,None,216000,24690000,115480000,None,894000,115480000,-259427000,282000,1138000,2491000,28693000,18580000,3333000,3333000,-136000,14940000,120991000,None,113732000,75631000,7998000,5828000,4449000,4505000,None,None,None,None,None,None,None,2491000,None,19179000,None,5828000,282000,6110000,None,None,None,375043000,None,104324000,None,28000000,USD,-15160000,-1302000,-80917000,-75225000,-833000,71365000,None,2242000,-48572000,-52049000,-42497000,None,3035000,None,72198000,1112000,-1020000,2451000,5692000,None,None,None,23.18,23.66
11,2018-12-31,USD,11492000,34389000,11857000,-365000,-22897000,-22639000,7273000,None,-22596000,None,15259000,None,-22897000,None,-348000,None,None,None,None,None,None,43000,301000,None,-22639000,-22639000,None,USD,164453000,661000,None,57000,25857000,138596000,None,1073000,138596000,-233494000,333000,1138000,2395000,66459000,18998000,3333000,3333000,24000,13596000,146663000,None,136797000,63707000,6978000,6526000,5561000,6725000,None,None,None,None,None,None,None,None,None,None,None,6526000,None,None,None,None,None,372066000,None,130166000,None,19000000,USD,-63835000,-715000,-65757000,-63835000,-833000,72999000,None,-724000,-22639000,-14442000,-21684000,None,1472000,None,72999000,467000,-1559000,1936000,1922000,None,None,None,23.09,23.18
12,2018-09-30,USD,8407000,28111000,9093000,-686000,-19704000,-19802000,6065000,0,-19726000,0,12953000,None,-19704000,0,-386000,None,None,None,0,0,0,76000,-22000,0,-19802000,-19802000,None,USD,115791000,712000,None,3467000,26099000,-201422000,3700000,939000,None,-210855000,344000,1138000,5939000,80757000,18537000,2500000,2500000,87000,12331000,95671000,None,-203272000,None,5419000,7218000,6028000,7531000,None,None,None,290483000,None,None,None,None,None,None,None,None,None,None,None,None,None,None,None,None,None,3000000,USD,1451000,2220000,-30000,-434000,-833000,6583000,-434000,1274000,-19802000,-10143000,-16696000,None,1329000,None,None,-1776000,-1130000,1111000,1047000,None,None,None,nan,23.09
13,2018-06-30,USD,6541000,24027000,7503000,-962000,-17486000,-17624000,5268000,0,-17553000,0,11256000,None,-17486000,0,-337000,None,None,None,0,0,0,71000,-67000,0,-17624000,-17624000,None,USD,122665000,763000,None,2735000,26209000,-182759000,2400000,5930000,None,-191053000,253000,1138000,4228000,90900000,18088000,1667000,1667000,68000,12760000,103776000,None,-184660000,1599000,4289000,7868000,4253000,4502000,None,None,None,278505000,None,None,None,None,None,None,None,None,None,None,None,None,None,None,None,None,None,3000000,USD,1451000,0,-30000,-434000,-833000,6583000,-434000,1274000,-17624000,-10143000,-16696000,None,1329000,None,None,-1776000,-1130000,1111000,1047000,None,None,None,nan,nan
14,2018-03-31,USD,6166000,-21064000,8095000,3185000,16751000,16937000,4711000,0,16885000,0,14689000,None,16751000,0,317000,None,None,None,0,0,0,43000,134000,0,16937000,16937000,None,USD,None,None,None,None,None,None,None,None,None,None,None,None,None,None,None,None,None,None,None,None,None,None,None,None,None,None,None,None,None,None,None,None,None,None,None,None,None,None,None,None,None,None,None,None,None,None,None,None,3000000,USD,None,None,None,None,None,None,None,None,None,None,None,None,None,None,None,None,None,None,0,None,None,None,nan,nan
15,2017-12-31,USD,4313000,21064000,7498000,-3185000,-16751000,-16937000,4303000,0,-16885000,0,9263000,None,-16751000,0,-273000,None,None,None,0,0,0,52000,-134000,0,-16937000,-16937000,None,USD,None,None,None,None,None,-133358000,None,None,None,None,None,None,None,None,None,None,None,None,None,None,None,-135416000,None,None,None,None,None,None,None,None,None,None,None,None,None,None,None,None,None,None,None,None,None,None,None,None,None,None,3000000,USD,9726000,954000,8215000,-434000,None,2662000,-470000,-840000,-16937000,-5139000,-16016000,None,1186000,None,None,-446000,-677000,551000,1511000,None,None,None,nan,nan
16,2017-09-30,USD,3466000,51833000,6829000,-10209000,-44242000,-44993000,4851000,0,-44783000,0,13260000,None,-44242000,0,248000,None,None,None,0,0,0,119000,-541000,0,-44993000,-44993000,None,USD,85657000,2058000,None,1492000,19382000,66275000,None,6628000,None,-139619000,751000,1138000,2954000,31227000,9477000,9154000,9154000,33000,14834000,67869000,None,-135416000,30977000,2346000,9154000,1827000,2849000,None,None,None,199633000,None,None,None,None,None,None,None,None,None,None,None,None,None,None,None,None,None,None,USD,-3662000,2248000,-9870000,120000,-1999000,63802000,-2359000,1533000,-59310000,2631000,-51301000,None,5021000,None,None,-599000,-1623000,3022000,6594000,None,None,None,nan,nan
17,2017-06-30,USD,3176000,17416000,6220000,-3044000,-14240000,-14317000,5277000,0,-14247000,0,11196000,None,-14240000,0,266000,None,None,None,0,0,0,70000,-7000,0,-14317000,-14317000,None,USD,None,None,None,None,None,None,None,None,None,None,None,None,None,None,None,None,None,None,None,None,None,None,None,None,None,None,None,None,None,None,None,None,None,None,None,None,None,None,None,None,None,None,None,None,None,None,None,None,None,USD,-10857000,0,-14331000,120000,431000,1062000,-640000,2372000,-14317000,-24727000,-11458000,None,1247000,None,None,-16000,-274000,1695000,3339000,None,None,None,nan,nan
18,2017-03-31,USD,2433000,0,5984000,0,0,0,4709000,0,0,0,10701000,None,0,0,199000,None,None,None,0,0,0,58000,0,0,0,0,None,USD,None,None,None,None,None,None,None,None,None,None,None,None,None,None,None,None,None,None,None,None,None,None,None,None,None,None,None,None,None,None,None,None,None,None,None,None,None,None,None,None,None,None,None,None,None,None,None,None,None,USD,None,None,None,None,None,None,None,None,None,None,None,None,None,None,None,None,None,None,0,None,None,None,nan,nan
19,2016-12-31,USD,1692000,0,4987000,0,0,0,4332000,0,0,0,10072000,None,0,0,192000,None,None,None,0,0,0,33000,0,0,0,0,None,USD,None,None,None,None,None,None,None,None,None,None,None,None,None,None,None,None,None,None,None,None,None,None,None,None,None,None,None,None,None,None,None,None,None,None,None,None,None,None,None,None,None,None,None,None,None,None,None,None,None,USD,None,None,None,None,None,None,None,None,None,None,None,None,None,None,None,None,None,None,0,None,None,None,nan,nan
