,fiscalDateEnding,reportedCurrency_x,totalRevenue,totalOperatingExpense,costOfRevenue,grossProfit,ebit,netIncome_x,researchAndDevelopment,effectOfAccountingCharges,incomeBeforeTax,minorityInterest,sellingGeneralAdministrative,otherNonOperatingIncome,operatingIncome,otherOperatingExpense,interestExpense,taxProvision,interestIncome,netInterestIncome,extraordinaryItems,nonRecurring,otherItems,incomeTaxExpense,totalOtherIncomeExpense,discontinuedOperations,netIncomeFromContinuingOperations,netIncomeApplicableToCommonShares,preferredStockAndOtherAdjustments,reportedCurrency_y,totalAssets,intangibleAssets,earningAssets,otherCurrentAssets,totalLiabilities,totalShareholderEquity,deferredLongTermLiabilities,otherCurrentLiabilities,commonStock,retainedEarnings,otherLiabilities,goodwill,otherAssets,cash,totalCurrentLiabilities,shortTermDebt,currentLongTermDebt,otherShareholderEquity,propertyPlantEquipment,totalCurrentAssets,longTermInvestments,netTangibleAssets,shortTermInvestments,netReceivables,longTermDebt,inventory,accountsPayable,totalPermanentEquity,additionalPaidInCapital,commonStockTotalEquity,preferredStockTotalEquity,retainedEarningsTotalEquity,treasuryStock,accumulatedAmortization,otherNonCurrrentAssets,deferredLongTermAssetCharges,totalNonCurrentAssets,capitalLeaseObligations,totalLongTermDebt,otherNonCurrentLiabilities,totalNonCurrentLiabilities,negativeGoodwill,warrants,preferredStockRedeemable,capitalSurplus,liabilitiesAndShareholderEquity,cashAndShortTermInvestments,accumulatedDepreciation,commonStockSharesOutstanding,reportedCurrency,investments,changeInLiabilities,cashflowFromInvestment,otherCashflowFromInvestment,netBorrowings,cashflowFromFinancing,otherCashflowFromFinancing,changeInOperatingActivities,netIncome_y,changeInCash,operatingCashflow,otherOperatingCashflow,depreciation,dividendPayout,stockSaleAndPurchase,changeInInventory,changeInAccountReceivables,changeInNetIncome,capitalExpenditures,changeInReceivables,changeInExchangeRate,changeInCashAndCashEquivalents,clossingVal,nextClossingVal
0,2020-06-30,USD,10701033,51339217,4400485,6300548,-44949811,-51976664,2742032,None,-51976664,None,48340628,88858,-45038669,256557,7026853,0,None,-7026853,None,None,None,None,88858,None,-51976664,-51976664,None,USD,205538913,43664568,None,6641587,299627796,-94088883,None,29213411,272294,-804246745,35000,None,446925,113839234,46483730,None,None,None,2145926,148943917,None,-94088883,None,18290784,243801705,10172312,17270319,None,None,272294,None,-804246745,None,None,54449070,None,56594996,11414774,243801705,9342361,253144066,None,None,None,709885568,205538913,113839234,None,272294380,USD,-363335,-15602732,-363335,-358789,None,94075,None,-4181944,-51976664,-56258579,-55989319,395191,1383693,None,94075,-1529998,2432405,8908786,4546,2432405,None,-56258579,1.25,
1,2020-03-31,USD,12250657,60457844,2715051,9535606,-50586756,-56848802,3268829,None,-56848802,None,56927021,335482,-50922238,261994,6262046,0,-6262050,-6262046,None,None,None,None,335482,None,-56848802,-56848802,None,USD,268640637,44092629,None,6618367,313849757,-45209120,None,32924485,271678,-752270081,None,None,473009,170097813,61638812,None,None,None,2330190,211987642,None,-45209120,None,20664009,243428671,14607453,28714327,None,None,271678,None,-752270081,None,None,54322805,None,56652995,10535773,243428671,8782274,252210945,None,None,None,706789283,268640637,170097813,None,271677742,USD,-443029,8271211,-443029,-421775,48750000,48822109,-1250000,3174143,-56848802,9268100,-39110980,4788034,1326913,None,72109,-2746737,3854569,2243832,21254,3854569,None,9268100,1.06,1.25
2,2019-12-31,USD,15901680,60293737,2878590,13023090,-42759407,-49435514,4432224,None,-49435514,None,52734093,None,-44392057,None,5664583,0,0,-5664583,None,None,None,None,621126,None,-49435514,-49435514,None,USD,265985637,44479519,None,11329793,256784517,9201120,None,33823613,271177,-695421279,None,None,473009,160829713,53004825,None,None,None,12616929,208416180,None,-35278399,None,24395958,194634643,11860716,19181212,None,None,None,None,None,None,None,473009,None,57569457,10646588,194634640,None,203779692,None,None,None,704351220,None,160829710,None,246000000,USD,-20734319,-4952294,-20734319,35000,50000000,77031258,-1250000,9520964,-49435514,5499663,-50797276,None,1011524,None,77139910,-1327872,-9284685,3397128,20734319,None,None,None,2.42,1.06
3,2019-09-30,USD,23719741,49346683,1444308,22275433,-26367588,-31966593,4077738,None,-31966593,None,45126986,703662,-27071250,141959,5599005,0,-5599010,-5599005,None,None,None,None,703662,None,-31966593,-31966593,None,USD,249961911,4942151,None,10578260,271190840,-21228929,None,43196032,241277,-645985765,None,None,473009,155330050,67329538,None,None,None,2338346,191764768,None,-26171080,None,15323614,194361169,10532844,24133506,None,None,241277,None,-645985765,None,None,50916646,None,55858797,10742423,194361169,9500133,203861302,None,None,None,624515559,249961911,155330050,None,241277076,USD,-1302204,5235062,-1302204,-305295,-94965259,8549,-1250000,-2238418,-31966593,-27516251,-26222596,-2571110,423906,None,8549,-3038404,3131801,2641606,996909,3131801,None,-27516251,3.63,2.42
4,2019-06-30,USD,6078865,46466878,1248860,4830005,-51207908,-55236517,4964368,None,-55236517,None,41387451,-9571035,-41636873,115059,4028609,0,-4028610,-4028609,None,None,None,None,-9571035,None,-55236517,-55236517,None,USD,246553145,4688114,None,7739048,238459176,8093969,None,22376617,241222,-614019172,None,None,653657,182846301,41875855,None,None,None,1432137,216462801,None,3405855,None,18383012,194095220,7494440,19499238,None,None,241222,None,-614019172,None,None,23970093,None,28658207,3675130,194095220,2488101,196583321,None,None,None,621871919,246553145,182846301,None,241221840,USD,-1210257,-3333227,-1210257,-380171,206652270,111687011,-6652270,3255681,-55236517,59962449,-50514305,946872,311793,None,100110,-2538725,-3523477,12780112,830086,-3523477,None,59962449,2.6,3.63
5,2019-03-31,USD,3946651,-41288902,762827,3183824,-37416357,-39506375,-6317882,None,-39506375,None,-34864082,688721,-38105078,-106938,2090018,0,-2090020,-2090018,None,None,None,None,688721,None,-39506375,-39506375,None,USD,181891565,4455730,None,9846899,121198343,60693222,None,19607439,241222,-558782655,None,None,4136010,122883852,44972682,1158286,1158286,None,668607,152631216,None,56237492,None,14944750,73501160,4955715,25365243,None,None,241222,None,-558782655,None,None,24136012,None,28591742,3882787,73501160,2724501,76225661,None,None,None,619234655,181891565,122883852,None,241221840,USD,-665914,2890341,-665914,-403496,118339281,100107,-6652270,1256733,-39506375,-38729225,-38163418,1207559,227084,None,100107,-1688045,-3963214,2669232,262418,-3963214,None,-38729225,4.87,2.6
6,2018-12-31,USD,5089523,42259406,950750,4138773,-37297606,-39390981,6753190,0,-39390981,0,35410875,823027,-38120633,95341,2093375,None,None,None,0,0,0,0,-1270348,0,-39390981,-39390981,None,USD,211983924,4092679,None,10834693,114459803,97524121,None,None,240463,-519276280,None,None,639301,161613077,41078789,None,None,None,472683,186779261,None,93431442,None,11063821,73381014,3267670,41078789,None,None,240463,None,-519276280,None,None,20639301,None,24731980,None,73381014,None,73381014,None,None,None,616559938,211983924,161613077,None,240462439,USD,None,11798709,-671171,-520426,118339281,429895,-6652270,-3453711,-39390981,-28386216,-28144940,-3890672,215290,None,429895,-889449,1754284,2257879,150745,1754284,None,-28386216,3.81,4.87
7,2018-09-30,USD,3473535,37135664,699118,2774417,-33552225,-35605302,6708271,0,-35605302,0,30354072,809022,-34361247,73321,2053077,None,None,None,0,0,0,0,-1244055,0,-35605302,-35605302,None,USD,236753021,3771530,None,6509646,102537740,134215281,759229,17895000,236465,-479885299,None,0,909751,189999293,29276675,None,None,None,381928,211689812,None,130443751,0,12802652,73261065,2378221,29276675,0,0,236465,0,-479885299,0,None,20150522,759229,24681281,None,73261065,None,73261065,None,None,None,613864115,236753021,189999293,None,236464789,USD,None,8064304,-20334803,-20314228,118339281,90015114,-6652270,6803459,-35605302,35612363,-34067948,-1305912,193076,0,90015114,-497644,-7370116,2453646,20575,-7370116,None,35612363,6.56,3.81
8,2018-06-30,USD,3763010,36330753,454161,3308849,-32687666,-33219048,6798380,0,-33219048,0,29466770,334238,-33021904,65603,531382,None,None,None,0,0,0,0,-197144,0,-33219048,-33219048,None,USD,171898954,3488401,None,5203734,94353681,77545273,0,9785000,216834,-444279997,None,0,909751,154386930,21212370,73141311,73141311,None,403574,167097228,None,74056872,0,5625987,73141311,1880577,21212370,0,0,216834,0,-444279997,0,None,909751,None,4398152,None,73141311,None,73141311,None,None,None,521608436,171898954,154386930,None,216834059,USD,None,5552728,-311353,-292541,71213082,72298021,-3786918,1442634,-33219048,47037470,-24949198,1033242,95758,0,1084939,-259705,-544324,2392151,18812,-544324,None,47037470,6.24,6.56
9,2018-03-31,USD,3773392,27856155,633623,3139769,-24401829,-24401829,7039297,0,-24401829,0,20757237,314557,-24716386,59621,-531382,None,None,None,0,0,0,0,314557,0,-24401829,-24401829,None,USD,122961942,3220686,None,5098132,15659642,107302300,0,9375818,216584,-411060949,None,0,150522,107349460,15659642,None,None,None,425539,119165195,None,104081614,0,5096731,0,1620872,6283824,0,0,216584,0,-411060949,0,None,150522,None,3371208,None,None,None,None,None,None,None,518146665,122961942,107349460,None,216584274,USD,None,2338447,-180530,-153622,75000000,44057,-3786918,1658375,-24401829,-19786168,-19649695,1506152,59621,0,44057,-135514,-790885,1774313,26908,-790885,None,-19786168,4.87,6.24
10,2017-12-31,USD,4124218,25210088,594769,3529449,-21427330,-21427330,10974956,0,-21427330,0,14178958,253309,-21680639,56174,-4677834,None,None,None,0,0,0,0,590937,0,-21427330,-21427330,None,USD,143229910,3099747,None,6604284,13321195,129908715,0,9223595,216430,-386659120,None,0,3239000,127135628,13321195,None,None,None,437055,139554072,None,126808968,0,4328802,0,1485358,4097600,0,0,216430,0,-386659120,0,None,139036,None,3238783,None,None,None,None,None,None,None,516351405,143229910,127135628,None,216429642,USD,None,2444594,-351489,-325521,75000000,72584000,-3786918,-2834620,-21427330,-21157026,-20805537,-3602507,56174,0,91374649,-191841,168000,1854191,25968,61182,None,-21157026,6.04,4.87
11,2017-09-30,USD,4417598,18548725,700814,3716784,-14664641,-14664641,6436802,0,-14664641,0,12057868,167300,-14831941,54055,0,None,None,None,0,0,0,0,-4790,0,-14664641,-14664641,None,USD,160361106,2793421,None,3001777,10876601,149484505,0,6677232,216430,-365231790,None,0,2932000,148292654,10876601,None,None,None,448066,156980583,None,146691084,0,4392635,0,1293517,4199369,0,0,216430,0,-365231790,0,None,139036,None,2932457,None,None,None,None,None,None,None,514499865,160361106,148292654,None,216429642,USD,None,-2411651,-72168,-72168,75000000,68572890,-3786918,723992,-14664641,51816171,-16684551,-773022,54055,0,68572890,120498,107000,2006087,36000,-1015877,None,51816171,5.29,6.04
12,2017-06-30,USD,4250433,23398511,681725,3568708,-19676917,-19676917,8716395,0,-19676917,0,14628927,152886,-19829803,53189,0,None,None,None,0,0,0,0,73030,0,-19676917,-19676917,None,USD,106878082,2739686,None,2228755,13288252,93589830,0,5180218,204027,-350567149,None,0,2878000,96476483,13288252,None,None,None,483688,103515672,None,90850144,0,3396419,0,1414015,8108034,0,0,204027,0,-350567149,0,None,139036,None,2878722,None,None,None,None,None,None,None,443952952,106878082,96476483,None,204027142,USD,None,-798749,-268130,-260115,None,1359049,None,-2565588,-19676917,-17048936,-18139855,194917,53189,0,1359049,-75397,1122000,1621659,8015,541443,None,-17048936,5.27,5.29
13,2017-03-31,USD,3985464,24612156,659635,3325829,-21156492,-21156492,7724840,0,-21156492,0,16837617,129835,-21286327,49699,0,None,None,None,0,0,0,0,44153,0,-21156492,-21156492,None,USD,124420986,2497360,None,2488121,14087001,110333985,0,7940723,198593,-330890232,None,0,2636000,113525419,14087001,None,None,None,511073,121273517,None,107836625,0,3921359,0,1338618,6146278,0,0,198593,0,-330890232,0,None,139036,None,2636396,None,None,None,None,None,None,None,441025624,124420986,113525419,None,198593268,USD,None,-895598,-135321,-107487,None,2652310,None,-253518,-21156492,-18008682,-20525671,-253518,49699,0,2652310,-262297,581000,1411592,27834,580943,None,-18008682,7.2,5.27
14,2016-12-31,USD,4487427,26718422,709711,3777716,-22836294,-22836294,10341144,0,-22836294,0,16329146,104412,-22940706,48132,-4677834,None,None,None,0,0,0,0,347751,0,-22836294,-22836294,None,USD,142472020,2405972,None,2299052,14982599,127489421,0,7624085,196688,-309702319,None,0,2545000,131534101,14982599,None,None,None,516839,139410173,None,125083449,0,4500699,0,1076321,7358514,0,0,196688,0,-309702319,0,None,139036,None,2545008,None,None,None,None,None,None,None,436995052,142472020,131534101,None,196688222,USD,None,2514759,-392020,-303580,75000000,10000,-3786918,794466,-22836294,-15999964,-15617944,329977,48132,0,10000,-232923,-3975893,4289147,88440,269258,None,-15999964,5.77,7.2
15,2016-09-30,USD,5535685,29426293,1237446,4298239,-25015661,-25015661,14664123,0,-25015661,0,14721710,112393,-25128054,40460,0,None,None,None,0,0,0,0,-26110,0,-25015661,-25015661,None,USD,158822196,2118378,None,2693475,12467840,146354356,0,8243421,196580,-286866025,None,0,2257000,147534065,12467840,None,None,None,460546,156104236,None,144235978,0,5033298,0,843398,4224419,0,0,196580,0,-286866025,0,None,139036,None,2257414,None,None,None,None,None,None,None,433023801,158822196,147534065,None,196580212,USD,None,3128669,-200315,-157637,None,1018,None,-621190,-25015661,-18998381,-18799084,-621190,40460,0,1018,40258,1549532,5998551,42678,-2370171,None,-18998381,6.81,5.77
16,2016-06-30,USD,4403247,24484461,1130108,3273139,-21094139,-21094139,13841193,0,-21094139,0,10619006,117183,-21211322,24262,0,None,None,None,0,0,0,0,56500,0,-21094139,-21094139,None,USD,176588250,1983829,None,2136735,9339171,167249079,0,6299783,196492,-261850364,None,0,2114000,166532446,9339171,None,None,None,444412,174030145,None,165265250,0,4477308,0,883656,3039388,0,0,196492,0,-261850364,0,None,129864,None,2113693,None,None,None,None,None,None,None,428902951,176588250,166532446,None,196492195,USD,None,-257242,-498114,-307556,None,254592,None,526344,-21094139,-15564899,-15321377,526344,24262,0,254592,73778,1190068,5030391,190558,375229,None,-15564899,8.5,6.81
17,2016-03-31,USD,4930091,24795166,1108443,3821648,-20929365,-20929365,15097017,0,-20929365,0,9678552,44153,-20973518,19597,0,None,None,None,0,0,0,0,0,0,-20929365,-20929365,None,USD,192968843,1694546,None,1718069,9596413,183372430,0,6165764,196254,-240756225,None,0,2867000,182097345,9596413,None,None,None,264706,189836621,None,181677884,0,5063773,0,957434,3430649,0,0,196254,0,-240756225,0,None,1172970,None,2867516,None,None,None,None,None,None,None,423932401,192968843,182097345,None,195000000,USD,None,-1069287,-165007,-90529,None,136959925,None,474776,-20929365,117390990,-19403928,474776,19597,0,136959925,-267281,0,4617841,74478,-2250209,None,117390990,6.4,8.5
18,2015-12-31,USD,5629740,21902710,1235978,4393762,-17482677,-17482677,13253472,0,-17482677,0,8631238,26271,-17508948,18000,-4677834,None,None,None,0,0,0,0,113161,0,-17482677,-17482677,None,USD,73728846,1615251,None,2233897,10665700,63063146,0,7539526,177928,-219826860,None,0,2850000,64706355,10665700,None,None,None,198592,70680120,None,61447895,0,3049715,0,690153,3126174,0,0,177928,0,-219826860,0,None,1234883,None,2850134,None,None,None,None,None,None,None,282712078,73728846,64706355,None,177928041,USD,None,-2236576,-450810,-301112,75000000,642750,-3786918,2907913,-17482677,-16417633,-16609573,-153889,18000,0,642750,179906,-917656,2433787,149698,631876,None,-16417633,10.37,6.4
19,2015-09-30,USD,5190175,23499245,1193965,3996210,-19472645,-19472645,16421753,0,-19472645,0,7060944,30390,-19503035,16548,0,None,None,None,0,0,0,0,0,0,-19472645,-19472645,None,USD,90459521,1324284,None,2120805,12902276,77557245,0,6386777,177788,-202344183,1214000,0,2622000,81123988,11688402,None,None,None,56748,87781438,None,76232961,0,3666586,0,870059,5301625,0,0,177788,0,-202344183,0,None,1297051,None,2621335,None,None,1213874,1213874,None,None,None,279723640,90459521,81123988,None,177787927,USD,None,228469,-39200,-39200,None,32355300,None,None,-19472645,13878290,-18437810,-1007869,16548,0,32355300,378660,0,1778491,16000,-359464,None,13878290,5.86,10.37
