,fiscalDateEnding,reportedCurrency_x,totalRevenue,totalOperatingExpense,costOfRevenue,grossProfit,ebit,netIncome_x,researchAndDevelopment,effectOfAccountingCharges,incomeBeforeTax,minorityInterest,sellingGeneralAdministrative,otherNonOperatingIncome,operatingIncome,otherOperatingExpense,interestExpense,taxProvision,interestIncome,netInterestIncome,extraordinaryItems,nonRecurring,otherItems,incomeTaxExpense,totalOtherIncomeExpense,discontinuedOperations,netIncomeFromContinuingOperations,netIncomeApplicableToCommonShares,preferredStockAndOtherAdjustments,reportedCurrency_y,totalAssets,intangibleAssets,earningAssets,otherCurrentAssets,totalLiabilities,totalShareholderEquity,deferredLongTermLiabilities,otherCurrentLiabilities,commonStock,retainedEarnings,otherLiabilities,goodwill,otherAssets,cash,totalCurrentLiabilities,shortTermDebt,currentLongTermDebt,otherShareholderEquity,propertyPlantEquipment,totalCurrentAssets,longTermInvestments,netTangibleAssets,shortTermInvestments,netReceivables,longTermDebt,inventory,accountsPayable,totalPermanentEquity,additionalPaidInCapital,commonStockTotalEquity,preferredStockTotalEquity,retainedEarningsTotalEquity,treasuryStock,accumulatedAmortization,otherNonCurrrentAssets,deferredLongTermAssetCharges,totalNonCurrentAssets,capitalLeaseObligations,totalLongTermDebt,otherNonCurrentLiabilities,totalNonCurrentLiabilities,negativeGoodwill,warrants,preferredStockRedeemable,capitalSurplus,liabilitiesAndShareholderEquity,cashAndShortTermInvestments,accumulatedDepreciation,commonStockSharesOutstanding,reportedCurrency,investments,changeInLiabilities,cashflowFromInvestment,otherCashflowFromInvestment,netBorrowings,cashflowFromFinancing,otherCashflowFromFinancing,changeInOperatingActivities,netIncome_y,changeInCash,operatingCashflow,otherOperatingCashflow,depreciation,dividendPayout,stockSaleAndPurchase,changeInInventory,changeInAccountReceivables,changeInNetIncome,capitalExpenditures,changeInReceivables,changeInExchangeRate,changeInCashAndCashEquivalents,clossingVal,nextClossingVal
0,2020-06-30,USD,476425000,524183000,461262000,15163000,-18742000,-33553000,None,None,-48438000,14698000,29615000,None,-47758000,None,None,-15132000,None,-1030000,None,None,None,-15132000,350000,None,-33306000,-33553000,None,USD,2130484000,993000,None,76884000,1247765000,868021000,None,None,69000,733136000,95864000,124748000,55933000,282493000,402242000,None,50000000,-252000,1589433000,359377000,None,742280000,None,30285000,190000000,23102000,63363000,None,None,None,None,None,None,None,55933000,None,1771107000,575456000,None,77881000,845523000,None,None,None,None,None,None,None,None,USD,-35161000,26224000,-35161000,None,50000000,46919000,-806000,29576000,-33553000,51887000,40129000,None,29016000,0,-1971000,-2781000,None,-3639000,35161000,None,None,None,52.57,
1,2020-03-31,USD,652524000,636734000,569019000,652524000,15282000,16029000,None,None,15213000,1123000,137243000,-508000,15790000,493784000,69000,-1939000,-577000,-69000,None,5707000,None,-1939000,-1103000,None,17152000,16029000,None,USD,2054704000,1101000,None,664629000,1143961000,896292000,23115000,189624000,69000,766689000,87806000,124748000,45006000,230606000,310861000,None,None,-262000,1068701000,302574000,None,896292000,None,70447000,190000000,20321000,121237000,None,None,69000,None,766689000,None,None,45006000,None,1068701000,571106000,190000000,619985000,833100000,None,None,None,129796000,2054704000,230606000,None,69310804,USD,-44505000,-49139000,-44505000,2167000,190000000,145516000,-5027000,-16822000,17152000,122727000,21716000,-59679000,29054000,-26836000,-12621000,-54000,None,9878000,46672000,74504000,None,122727000,41.3,52.57
2,2019-12-31,USD,725238000,671827000,596574000,725238000,53689000,42686000,None,None,53677000,1925000,150314000,278000,53411000,515451000,12000,9066000,266000,-12000,None,6062000,None,9066000,1571000,None,44611000,42686000,None,USD,1983565000,1234000,None,646231000,1052396000,915994000,22695000,256954000,69000,775649000,94366000,124748000,51620000,107879000,417220000,None,None,-225000,1056563000,247899000,None,915994000,None,152625000,None,20267000,160266000,None,None,69000,None,775649000,None,None,53320000,None,1056563000,555973000,None,612481000,635176000,None,None,None,140501000,1983565000,107879000,None,69400252,USD,-70254000,3691000,-70254000,-831000,190000000,-53708000,-1659000,-48000,44611000,8339000,132301000,97562000,30970000,-43163000,-8886000,-3043000,-64776000,23286000,69423000,-64776000,None,8339000,56.32,41.3
3,2019-09-30,USD,650489000,605605000,537236000,650489000,44730000,36531000,None,None,44811000,1495000,135967000,-154000,44884000,464841000,-81000,6785000,None,81000,None,4797000,None,6785000,-215000,None,38026000,36531000,None,USD,1855561000,1375000,None,633990000,946864000,893975000,12664000,151019000,70000,753791000,80012000,123220000,50718000,99540000,332272000,None,None,-331000,1020167000,164662000,None,893975000,None,84666000,None,17198000,181253000,None,None,70000,None,753791000,None,None,50718000,None,1020167000,549228000,None,601928000,614592000,None,None,None,140445000,1855561000,99540000,None,69507763,USD,-56784000,-17841000,-56784000,351000,190000000,-43496000,-1821000,-13617000,38026000,-45299000,54981000,-8705000,28347000,-22762000,-18913000,709000,5108000,9337000,57135000,5108000,None,-45299000,52.52,56.32
4,2019-06-30,USD,689828000,636545000,563618000,689828000,53424000,44845000,None,None,54115000,1843000,143771000,141000,53283000,488261000,-691000,7427000,None,691000,None,4513000,None,7427000,-175000,None,46688000,44845000,None,USD,1868851000,1513000,None,625824000,963233000,890852000,13630000,160279000,70000,738123000,80248000,123220000,49533000,144839000,359065000,None,None,-213000,991339000,217428000,None,890852000,None,88942000,None,17907000,198786000,None,None,70000,None,738123000,None,None,49533000,None,991339000,538292000,None,590538000,604168000,None,None,None,152872000,1868851000,144839000,None,69801550,USD,-45738000,4773000,-45738000,2167000,190000000,-137131000,-1802000,13872000,46688000,-107268000,75601000,-7448000,28454000,-23279000,-112050000,-386000,-3539000,7059000,45738000,-3539000,None,-107268000,53.67,52.52
5,2019-03-31,USD,690608000,630163000,562522000,690608000,60558000,50390000,None,None,61312000,1803000,137785000,113000,60445000,488493000,-754000,9119000,None,754000,None,3885000,None,9119000,96000,None,52193000,50390000,None,USD,1937950000,1711000,None,615738000,949803000,973493000,15298000,169427000,72000,714502000,78280000,123220000,46764000,252107000,362450000,15955000,15955000,-131000,971135000,322998000,None,973493000,None,81449000,506973000,17521000,193023000,None,None,72000,None,714502000,None,None,46764000,None,971135000,522928000,None,572055000,587353000,None,None,None,259050000,1937950000,252107000,None,71827836,USD,-42044000,32180000,-42044000,None,None,-27389000,-7127000,7589000,52193000,41982000,111415000,-68945000,27773000,-19519000,-743000,1306000,57433000,9475000,42044000,57433000,None,41982000,62.19,53.67
6,2018-12-31,USD,605912000,376229000,196476000,409436000,33410000,30332000,0,0,33629000,1361000,95956000,203000,33207000,274601000,-219000,None,None,None,0,5672000,0,1936000,272000,0,31693000,30332000,None,USD,1469276000,1959000,None,149132000,508568000,945569000,65347000,216873000,72000,688337000,121345000,123220000,42402000,210125000,385142000,None,None,-228000,956676000,345019000,None,945569000,None,134516000,2081000,18827000,168269000,None,None,72000,None,688337000,None,None,None,None,956676000,None,2081000,55998000,123426000,None,None,None,257388000,1469276000,210125000,None,71617510,USD,None,3850000,-47239000,-2165000,7000,-21115000,-1851000,5450000,31693000,58935000,127289000,104848000,25724000,-19149000,-122000,-2465000,-57273000,20912000,45074000,-57273000,None,58935000,59.7,62.19
7,2018-09-30,USD,594595000,367161000,191990000,402605000,35825000,29125000,0,0,35657000,1134000,139299000,381000,35444000,223464000,168000,None,None,None,0,4398000,0,5398000,-707000,0,30259000,29125000,None,USD,1324826000,2144000,None,137009000,383528000,926255000,53387000,112782000,72000,675909000,109078000,121040000,44532000,151190000,272477000,10000,10000,-206000,940955000,216155000,None,926255000,0,79336000,1973000,16336000,159685000,0,250480000,72000,0,675909000,0,None,None,None,940955000,None,1973000,55691000,111051000,None,None,None,250480000,1324826000,151190000,None,71545237,USD,None,4343000,-44188000,0,-3000,-19447000,-1983000,1374000,30259000,-3163000,60472000,-6770000,25843000,-19147000,1686000,689000,-2652000,8760000,44188000,-2652000,None,-3163000,69.29,59.7
8,2018-06-30,USD,629237000,370922000,204048000,425189000,54712000,44227000,0,0,54429000,1736000,141981000,445000,54267000,224812000,283000,None,None,None,0,4129000,0,8466000,140000,0,45963000,44227000,None,USD,1311593000,2329000,None,136639000,389995000,908049000,53142000,118777000,71000,664668000,107627000,121040000,42660000,154353000,280392000,10000,10000,-47000,928765000,216799000,None,908049000,0,74811000,1976000,17025000,161605000,0,243357000,71000,0,664668000,0,None,None,None,928765000,None,1976000,54485000,109603000,None,None,None,243357000,1311593000,154353000,None,71474209,USD,None,-10153000,-31411000,0,-50002000,-70365000,-1680000,1720000,45963000,-43476000,58300000,-5839000,25165000,-19548000,865000,-559000,-6073000,9796000,31411000,-6073000,None,-43476000,65.51,69.29
9,2018-03-31,USD,627705000,360048000,202786000,424919000,65195000,54541000,0,0,64836000,1838000,134404000,324000,64871000,220514000,359000,None,None,None,0,5130000,0,8457000,-121000,0,56379000,54541000,None,USD,1343142000,2514000,None,139167000,456277000,874222000,51625000,128207000,71000,638309000,104372000,121040000,40729000,197829000,299926000,9000,9000,71000,922891000,255968000,None,874222000,0,66789000,51979000,16466000,171710000,0,235771000,71000,0,638309000,0,None,None,None,922891000,None,51979000,52747000,156351000,None,None,None,235771000,1343142000,197829000,None,71414201,USD,None,17923000,-35307000,0,-2000,-24589000,-8135000,5743000,56379000,46911000,106807000,-54356000,24484000,-16452000,0,-160000,50401000,12136000,35307000,50401000,None,46911000,57.78,65.51
10,2017-12-31,USD,545076000,158671000,348946000,196130000,37798000,28618000,0,0,37432000,1392000,128795000,339000,37459000,24263000,366000,None,None,None,0,5613000,0,7422000,-15643000,0,30010000,28618000,None,USD,1330623000,123740000,None,137101000,479232000,839079000,47442000,178624000,71000,602499000,91952000,121040000,161395000,150918000,329998000,9000,9000,-39000,912147000,257081000,None,839079000,0,114151000,51981000,16306000,151365000,0,236548000,71000,0,602499000,0,None,None,None,912147000,None,51981000,49811000,149234000,None,None,None,236548000,1330623000,150918000,None,71168897,USD,None,89321000,-44591000,0,-3000,-17230000,-1240000,14367000,30010000,36482000,98303000,-3578000,24263000,-16060000,73000,-853000,-20379000,10648000,44591000,-51508000,None,36482000,52.68,57.78
11,2017-09-30,USD,540507000,149143000,345853000,194654000,45870000,31014000,0,0,45370000,1310000,121059000,359000,45511000,23534000,500000,None,None,None,0,4550000,0,13046000,0,0,32324000,31014000,None,USD,1212719000,123970000,None,134431000,381927000,818743000,44968000,94131000,71000,588826000,86967000,121040000,160418000,114436000,238269000,9000,9000,-63000,886972000,165329000,None,818743000,0,61427000,51984000,15453000,144129000,0,229909000,71000,0,588826000,0,None,None,None,886972000,None,51984000,46706000,143658000,None,None,None,229909000,1212719000,114436000,None,71101654,USD,None,-8917000,-43400000,0,-950000,-18434000,-1469000,-306000,32324000,-2072000,59762000,2919000,23534000,-16209000,194000,-14000,31129000,5601000,43400000,4315000,None,-2072000,49.14,52.68
12,2017-06-30,USD,566262000,152292000,359756000,206506000,54684000,37581000,0,0,54305000,1598000,124172000,470000,54214000,23106000,379000,None,None,None,0,5014000,0,15126000,0,0,39179000,37581000,None,USD,1199281000,124201000,None,135371000,389860000,797388000,45465000,99685000,71000,572743000,84841000,121040000,158201000,116508000,246208000,176000,52467000,-151000,868668000,172412000,None,797388000,0,63295000,52291000,15439000,146347000,0,224725000,71000,0,572743000,0,None,None,None,868668000,None,52291000,45896000,143652000,None,None,None,224725000,1199281000,116508000,None,71027174,USD,None,-28447000,-37574000,0,-41000,-17401000,-1474000,-8380000,39179000,-21004000,33971000,714000,23106000,-16614000,728000,-570000,26814000,8278000,37574000,-8289000,None,-21004000,50.95,49.14
13,2017-03-31,USD,567686000,164124000,354540000,213146000,49342000,34313000,0,0,49010000,1710000,136777000,320000,49022000,22596000,332000,None,None,None,0,4751000,0,12987000,0,0,36023000,34313000,None,USD,1197888000,124432000,None,137750000,416266000,769463000,43112000,107680000,71000,550077000,81376000,121040000,156157000,137512000,277158000,172000,172000,-173000,855027000,186704000,None,769463000,0,52730000,52336000,14869000,169306000,0,219488000,71000,0,550077000,0,None,None,None,855027000,None,52336000,43660000,139108000,None,None,None,219488000,1197888000,137512000,None,70910994,USD,None,-3289000,-52591000,-16528000,-40000,-17178000,-6716000,-1623000,36023000,24568000,94337000,270000,22596000,-14442000,4020000,1389000,35103000,2245000,36063000,35103000,None,24568000,44.53,50.95
14,2016-12-31,USD,484710000,143838000,310033000,174677000,31119000,20725000,0,0,30766000,1183000,116173000,280000,30839000,22246000,353000,None,None,None,0,5419000,0,8858000,-7623000,0,21908000,20725000,None,USD,1179971000,3622000,None,13104000,421729000,750226000,48371000,149256000,71000,530723000,77553000,116571000,149658000,112944000,279527000,167000,167000,-194000,830054000,200259000,None,630033000,0,58123000,52381000,16088000,130104000,0,219626000,71000,0,530723000,0,None,29465000,None,979712000,None,52381000,41450000,142202000,None,None,None,219626000,1179971000,112944000,None,70619737,USD,None,74732000,-51519000,0,-39000,-14533000,-656000,-5067000,21908000,31231000,97283000,-3647000,22246000,-14339000,501000,-1731000,-10733000,17881000,51519000,-34106000,None,31231000,48.24,44.53
15,2016-09-30,USD,481637000,135982000,307187000,174450000,38472000,25675000,0,0,38184000,1128000,110011000,4000,38468000,20941000,288000,None,None,None,0,5030000,0,11381000,0,0,26803000,25675000,None,USD,1084522000,3873000,None,9310000,341158000,735590000,41822000,75605000,71000,523416000,73879000,116571000,148702000,81713000,207938000,163000,163000,-93000,802555000,133265000,None,615146000,0,27885000,52424000,14357000,132170000,0,212196000,71000,0,523416000,0,None,28258000,None,951257000,None,52424000,38974000,133220000,None,None,None,212196000,1084522000,81713000,None,70518677,USD,None,-11241000,-44060000,0,-35000,-15246000,-1087000,157000,26803000,-13592000,45714000,2223000,20941000,-14430000,306000,86000,23373000,7814000,44060000,-912000,None,-13592000,39.03,48.24
16,2016-06-30,USD,508808000,137461000,321565000,187243000,50257000,33605000,0,0,49948000,1256000,112782000,475000,49782000,20238000,309000,None,None,None,0,4441000,0,15087000,0,0,34861000,33605000,None,USD,1073201000,4150000,None,9868000,348079000,717425000,39878000,80830000,70000,511139000,72566000,116571000,148607000,95305000,218876000,151000,151000,-122000,778634000,145960000,None,596704000,0,26344000,50472000,14443000,137895000,0,206338000,70000,0,511139000,0,None,27886000,None,927241000,None,50472000,38853000,129203000,None,None,None,206338000,1073201000,95305000,None,70429927,USD,None,-10860000,-34980000,0,-36000,-14887000,-716000,2484000,34861000,-687000,49180000,3188000,20238000,-14672000,537000,-48000,24285000,3751000,34980000,-1950000,None,-687000,45.6,39.03
17,2016-03-31,USD,515559000,142074000,320674000,194885000,53163000,35593000,0,0,52858000,1408000,117699000,352000,52811000,19539000,305000,None,None,None,0,4836000,0,15857000,0,0,37001000,35593000,None,USD,1061614000,4488000,None,13379000,362322000,691537000,40900000,86766000,70000,490913000,70229000,116571000,148073000,95992000,233244000,147000,147000,-93000,766331000,147210000,None,570478000,0,23444000,50512000,14395000,146331000,0,0,70000,0,490913000,0,None,27014000,None,914404000,None,50512000,37666000,129078000,None,None,None,200647000,1061614000,95992000,None,70315608,USD,None,-23211000,-34179000,0,24965000,5949000,-3143000,-2945000,37001000,36658000,64888000,-1180000,19539000,-13092000,-2781000,1238000,26235000,5266000,34179000,26235000,None,36658000,43.58,45.6
18,2015-12-31,USD,454351000,129820000,290818000,163533000,34066000,22982000,0,0,33587000,1038000,105506000,353000,33713000,18700000,479000,None,None,None,0,5614000,0,9567000,-1292000,0,24020000,22982000,None,USD,1032706000,4827000,None,11348000,355524000,669662000,37895000,120053000,70000,468678000,66930000,116571000,147605000,59334000,256642000,144000,189000,-109000,751288000,133813000,None,548264000,0,47498000,25550000,15633000,136445000,0,0,70000,0,468678000,0,None,26207000,None,898893000,None,25550000,35437000,98882000,None,None,None,201023000,1032706000,59334000,None,70091203,USD,None,63531000,-48375000,0,-42033000,-61340000,-508000,7632000,24020000,-13282000,96433000,-2125000,18700000,-12648000,-6151000,-1870000,-11395000,16678000,48375000,-22501000,None,-13282000,35.77,43.58
19,2015-09-30,USD,438089000,121692000,285841000,152248000,31005000,20482000,0,0,30535000,912000,98100000,449000,30556000,17843000,470000,None,None,None,0,5749000,0,9141000,0,0,21394000,20482000,None,USD,992471000,5171000,None,8473000,326961000,658309000,30369000,61732000,70000,457615000,61112000,116571000,147589000,72616000,215262000,20140000,None,-234000,723294000,121588000,None,536567000,0,26736000,50587000,13763000,133390000,0,0,70000,0,457615000,0,None,25272000,575000,870883000,None,50587000,30743000,111699000,None,None,None,200858000,992471000,72616000,None,70180015,USD,None,-5497000,-53904000,263000,19968000,18870000,-98000,None,21394000,1651000,36685000,3568000,17843000,-897000,-103000,311000,11106000,2144000,54167000,-3078000,None,1651000,37.2,35.77
