,fiscalDateEnding,reportedCurrency_x,totalRevenue,totalOperatingExpense,costOfRevenue,grossProfit,ebit,netIncome_x,researchAndDevelopment,effectOfAccountingCharges,incomeBeforeTax,minorityInterest,sellingGeneralAdministrative,otherNonOperatingIncome,operatingIncome,otherOperatingExpense,interestExpense,taxProvision,interestIncome,netInterestIncome,extraordinaryItems,nonRecurring,otherItems,incomeTaxExpense,totalOtherIncomeExpense,discontinuedOperations,netIncomeFromContinuingOperations,netIncomeApplicableToCommonShares,preferredStockAndOtherAdjustments,reportedCurrency_y,totalAssets,intangibleAssets,earningAssets,otherCurrentAssets,totalLiabilities,totalShareholderEquity,deferredLongTermLiabilities,otherCurrentLiabilities,commonStock,retainedEarnings,otherLiabilities,goodwill,otherAssets,cash,totalCurrentLiabilities,shortTermDebt,currentLongTermDebt,otherShareholderEquity,propertyPlantEquipment,totalCurrentAssets,longTermInvestments,netTangibleAssets,shortTermInvestments,netReceivables,longTermDebt,inventory,accountsPayable,totalPermanentEquity,additionalPaidInCapital,commonStockTotalEquity,preferredStockTotalEquity,retainedEarningsTotalEquity,treasuryStock,accumulatedAmortization,otherNonCurrrentAssets,deferredLongTermAssetCharges,totalNonCurrentAssets,capitalLeaseObligations,totalLongTermDebt,otherNonCurrentLiabilities,totalNonCurrentLiabilities,negativeGoodwill,warrants,preferredStockRedeemable,capitalSurplus,liabilitiesAndShareholderEquity,cashAndShortTermInvestments,accumulatedDepreciation,commonStockSharesOutstanding,reportedCurrency,investments,changeInLiabilities,cashflowFromInvestment,otherCashflowFromInvestment,netBorrowings,cashflowFromFinancing,otherCashflowFromFinancing,changeInOperatingActivities,netIncome_y,changeInCash,operatingCashflow,otherOperatingCashflow,depreciation,dividendPayout,stockSaleAndPurchase,changeInInventory,changeInAccountReceivables,changeInNetIncome,capitalExpenditures,changeInReceivables,changeInExchangeRate,changeInCashAndCashEquivalents,clossingVal,nextClossingVal
0,2020-06-30,USD,115999000,83980000,None,115999000,32019000,25096000,None,None,32019000,None,83980000,None,32019000,6234000,14301000,6923000,123605000,109304000,None,None,None,6923000,None,None,25096000,24913000,None,USD,15004887000,340220000,4030163000,None,13233242000,1771645000,None,12702085000,78335000,64990000,12100000,None,10459725000,1328961000,12896926000,None,None,51196000,211972000,11357802000,2663532000,1334765000,2125209000,10028841000,336316000,None,194841000,None,None,78335000,96660000,64990000,None,None,403999000,None,27362000,None,336316000,None,336316000,None,None,None,1480464000,15004887000,1328961000,None,78335127,USD,-1061132000,7473000,-1066229000,-4038000,98638000,1848263000,1667266000,-32601000,25096000,808459000,26425000,-30556000,3311000,-14301000,96660000,None,None,21101000,1059000,None,None,808459000,20.12,
1,2020-03-31,USD,122229000,81538000,None,122229000,40691000,31884000,None,None,40691000,None,81538000,None,40691000,6222000,17941000,8807000,136547000,118606000,None,None,None,8807000,None,None,31884000,31641000,None,USD,13085866000,341207000,3279179000,None,11445254000,1640612000,None,11034926000,78284000,54206000,6470000,341207000,9264461000,520502000,11205056000,None,None,29403000,214744000,9374021000,2744477000,1299405000,2249876000,8853519000,240198000,None,170130000,None,None,78284000,None,54206000,None,None,380702000,None,30715000,None,240198000,None,240198000,None,None,None,1478719000,13085866000,520502000,None,78283544,USD,-80954000,8456000,-84985000,-1435000,98638000,101072000,136308000,-68870000,31884000,5296000,-10791000,-45851000,1894000,-14454000,-20782000,None,None,-7174000,2596000,None,None,5296000,18.31,20.12
2,2019-12-31,USD,143321000,81424000,None,143321000,61897000,49012000,None,None,61897000,None,81424000,None,61897000,2572000,19781000,12885000,136419000,116638000,None,None,None,12885000,1148000,None,49012000,48619000,None,USD,12916016000,342247000,3243631000,106044000,11280324000,1635692000,None,10897244000,79014000,40152000,3458000,327425000,9116252000,515206000,11052144000,0,0,19885000,215976000,515206000,11434729000,1293445000,2274581000,32660000,228180000,476000,154900000,None,None,79014000,None,40152000,None,None,373799000,None,34059000,None,228180000,None,228180000,None,None,None,1496641000,12916016000,515206000,None,79013729,USD,-6852000,-1787000,37101000,48365000,-67766000,59224000,140627000,-4199000,49012000,154147000,57822000,1447000,5943000,-13652000,15000,None,None,3207000,4412000,None,None,154147000,30.88,18.31
3,2019-09-30,USD,145269000,82924000,None,145269000,62345000,48362000,None,None,62345000,None,82924000,None,62345000,8507000,21277000,13983000,140615000,119338000,None,None,None,13983000,-4065000,None,48362000,48011000,None,USD,12809486000,343340000,3068079000,109484000,11204061000,1605425000,None,10756517000,78974000,5594000,3458000,327425000,9205563000,361059000,10907572000,40000000,40000000,25590000,215435000,361059000,11487439000,1262085000,2272046000,33233000,256489000,102000,151055000,None,None,78974000,None,5594000,None,None,367622000,None,34591000,None,256489000,40000000,296489000,None,None,None,1495267000,12809486000,361059000,None,78974199,USD,56615000,-4975000,58888000,4926000,-167892000,-21024000,165697000,-19972000,48362000,85280000,47416000,-6657000,5460000,-13649000,-5180000,None,None,5226000,2653000,None,None,85280000,28.35,30.88
4,2019-06-30,USD,139065000,81813000,None,139065000,57252000,44085000,None,None,57252000,None,81813000,None,57252000,7553000,21372000,13167000,139156000,117784000,None,None,None,13167000,-6783000,None,44085000,43769000,None,USD,12779438000,344550000,3059805000,102253000,11213104000,1566334000,None,10591270000,79075000,-29116000,3391000,327425000,40870000,275779000,10788383000,40000000,40000000,17635000,217086000,275779000,11512847000,1221784000,2366502000,35439000,264721000,75000,157113000,None,None,79075000,None,-29116000,None,None,388306000,None,40870000,None,264721000,160000000,424721000,None,None,None,1498740000,12779438000,275779000,None,79075219,USD,19671000,10781000,-45487000,-62965000,150502000,-17033000,-154170000,-43536000,44085000,-49716000,12804000,-33070000,6176000,-12867000,-498000,None,None,-15168000,2193000,None,None,-49716000,28.56,28.35
5,2019-03-31,USD,133302000,76084000,None,133302000,57218000,44262000,None,None,57218000,None,76084000,None,57218000,7555000,20882000,12956000,136516000,115634000,None,None,None,12956000,-3549000,None,44262000,43947000,None,USD,12505827000,322779000,3172544000,79797000,10997669000,1508158000,None,10534306000,79035000,-59573000,4941000,322779000,8800459000,325495000,10681621000,40000000,40000000,-5704000,214022000,325495000,11238957000,1185379000,2454625000,35126000,276048000,1127000,147315000,None,None,79035000,None,-59573000,None,None,353519000,None,51055000,None,276048000,40000000,316048000,None,None,None,1494400000,12505827000,325495000,None,79035459,USD,123323000,-5994000,112716000,1079000,-130110000,-150377000,-246000,-19606000,44262000,-1770000,35891000,-7509000,6373000,-12876000,-7145000,None,None,-1241000,11686000,None,None,-1770000,24.93,28.56
6,2018-12-31,USD,135824000,78242000,21075000,135824000,57582000,45137000,0,0,57582000,0,78242000,None,57582000,9015000,18975000,None,None,None,0,0,0,12467000,-4321000,0,45115000,44806000,None,USD,12573192000,324072000,None,77148000,11115638000,1457554000,None,10534513000,79234000,-90419000,11440000,307112000,8708873000,327265000,10662016000,160000000,160000000,-30845000,206140000,327265000,11304125000,1133482000,201182000,None,293622000,1305000,127503000,None,None,79234000,None,-90419000,None,None,347366000,None,64200000,None,293622000,160000000,453622000,None,None,None,1499584000,12573192000,327265000,None,79234077,USD,-189445000,-13821000,-189237000,3376000,-158328000,134711000,305110000,21148000,45137000,15297000,69823000,33363000,6485000,-12071000,821000,None,None,-1341000,3168000,None,None,15297000,21.46,24.93
7,2018-09-30,USD,134490000,77718000,18411000,134490000,56772000,43682000,0,0,56772000,0,77718000,None,56772000,8762000,16611000,None,None,None,0,0,0,13100000,-3909000,0,43672000,43381000,None,USD,12405132000,325493000,None,86587000,11003250000,1401882000,0,10229477000,79202000,-122679000,17660000,307112000,8579375000,311968000,10679006000,300000000,None,-52840000,204080000,311968000,11129606000,1076389000,0,None,324244000,1336000,149529000,0,0,79202000,0,-122679000,0,None,357041000,None,76944000,None,324244000,None,324244000,None,None,None,1498199000,12405132000,311968000,None,79202479,USD,-47155000,5320000,-46449000,5196000,-292805000,-41744000,263106000,18092000,43682000,-4400000,83793000,2679000,7418000,-12045000,0,8001000,0,24694000,4490000,None,None,-4400000,27.89,21.46
8,2018-06-30,USD,130016000,76850000,15539000,130016000,53166000,39634000,0,0,53166000,0,76850000,None,53166000,8458000,25744000,None,None,None,0,-2054000,0,13500000,-6100000,0,39666000,39359000,None,USD,12385540000,327174000,None,97127000,11006431000,1379109000,0,9966088000,79138000,-154290000,16695000,307112000,8587217000,316368000,10660736000,569325000,915020000,-43256000,202098000,316368000,11090886000,1051935000,0,None,345695000,2597000,125323000,0,0,79138000,0,-154290000,0,None,371740000,None,77274000,None,345695000,None,345695000,None,None,None,1497517000,12385540000,316368000,None,79137810,USD,-158383000,10902000,-160812000,1423000,117608000,81024000,-27093000,-15832000,39634000,-35885000,43903000,-20815000,6581000,-9633000,142000,513000,0,7601000,3852000,None,None,-35885000,30.67,27.89
9,2018-03-31,USD,121881000,73475000,15805000,121881000,48406000,37658000,0,0,48406000,0,73475000,None,48406000,6663000,0,None,None,None,0,2054000,0,10748000,-6428000,0,37658000,37381000,None,USD,12264255000,328328000,None,88142000,10907500000,1356755000,0,9993440000,79123000,-181877000,153531000,306419000,3551388000,352253000,10548309000,434574000,793765000,-36798000,208243000,2771302000,8520288000,1028427000,2419049000,31349000,359191000,29207000,120295000,0,0,79123000,0,-181877000,0,None,349574000,None,86520000,None,359191000,None,359191000,None,None,None,1496307000,12264255000,2771302000,None,79122620,USD,98778000,1371000,37023000,-55648000,-249044000,-71532000,185397000,9819000,37658000,37978000,72487000,-2163000,10487000,-7885000,0,8833000,0,25134000,6107000,None,None,37978000,31.65,30.67
10,2017-12-31,USD,118236000,75882000,10449000,118236000,42354000,-11916000,0,0,42354000,0,75882000,None,42354000,29657000,33735000,None,None,None,0,-665000,0,54270000,-25004000,0,-11916000,-12260000,None,USD,11915460000,244397000,None,82393000,10612126000,1303334000,0,9807697000,77580000,-209902000,129233000,220591000,3679707000,314275000,9961554000,50000000,269000000,-16158000,208852000,2930125000,8085666000,1058937000,2615850000,32459000,145921000,35968000,103857000,0,0,77580000,0,-209902000,0,None,358371000,None,88049000,None,145921000,504651000,650572000,None,None,None,1451814000,11915460000,2930125000,None,77579561,USD,-77514000,32662000,-45308000,39222000,-56005000,51811000,115283000,11219000,-11916000,67430000,60927000,-15014000,7357000,-7467000,0,5238000,0,47838000,7016000,None,None,67430000,28.14,31.65
11,2017-09-30,USD,109348000,65674000,10064000,109348000,43674000,27946000,0,0,43674000,0,65674000,None,43674000,-792000,0,None,None,None,0,23006000,0,15728000,0,0,27946000,27719000,None,USD,11129027000,182716000,None,80765000,9908387000,1220640000,0,9127384000,73403000,-192128000,134807000,165888000,3510907000,246845000,9749754000,510489000,494484000,-1981000,193915000,2787315000,7531910000,1037924000,2540470000,29573000,158633000,33028000,111881000,0,0,73403000,0,-192128000,0,None,304440000,None,128731000,None,158633000,None,158633000,None,None,None,1341346000,11129027000,2787315000,None,73403453,USD,104561000,-1191000,122422000,21341000,-224136000,-158206000,72420000,-1241000,27946000,13659000,49443000,1725000,7205000,-6490000,0,0,0,13758000,3480000,None,None,13659000,28.54,28.14
12,2017-06-30,USD,108033000,63229000,8818000,108033000,44804000,28267000,0,0,44804000,0,63229000,None,44804000,-3688000,0,None,None,None,0,-10494000,0,16537000,0,0,28267000,28267000,None,USD,10837410000,154350000,None,71749000,9704769000,1132641000,0,8735735000,70981000,-212607000,124606000,0,3404728000,233186000,9505146000,669065000,868688000,-3555000,189614000,2707778000,7367723000,978291000,2474592000,26938000,199623000,28450000,100346000,0,0,70981000,0,-212607000,0,None,298351000,None,119594000,None,199623000,None,199623000,None,None,None,1277822000,10837410000,2707778000,None,70980916,USD,-104659000,-2076000,-110238000,2704000,100000000,77429000,-17556000,-16505000,28267000,2213000,35022000,-7835000,6538000,-6489000,0,4167000,0,10128000,8283000,None,None,2213000,27.8,28.54
13,2017-03-31,USD,104828000,62826000,8204000,104828000,42002000,23524000,0,0,42002000,0,62826000,None,42002000,1773000,0,None,None,None,0,2054000,0,18478000,0,0,23524000,23524000,None,USD,10731803000,155250000,None,None,9630260000,1101543000,0,8752092000,70973000,-234384000,133792000,0,3385395000,230973000,9428597000,569138000,569138000,-11000000,189437000,2667564000,7300081000,946293000,2436591000,27020000,201663000,21551000,107367000,0,0,70973000,0,-234384000,0,None,280088000,None,139383000,None,201663000,None,201663000,None,None,None,1275954000,10731803000,2667564000,None,70972753,USD,-2060000,-5115000,-12382000,-6918000,-145000000,-36563000,115675000,4784000,23524000,13625000,62570000,2825000,6394000,-5764000,0,13387000,0,34942000,3404000,None,None,13625000,27.69,27.8
14,2016-12-31,USD,106158000,61321000,6853000,106158000,44837000,27221000,0,0,44837000,0,61321000,None,44837000,18030000,25236000,None,None,None,0,-15680000,0,17616000,-19221000,0,27221000,27221000,None,USD,10708655000,156222000,None,76396000,9632920000,1075735000,0,8637558000,70899000,-251857000,106075000,142025000,3404328000,217348000,8720985000,5000000,709209000,-19156000,189938000,2649786000,7270641000,919513000,2432438000,28018000,202726000,37827000,78427000,0,0,70899000,0,-251857000,0,None,287732000,None,154336000,None,202726000,709209000,911935000,None,None,None,1275849000,10708655000,2649786000,None,70899114,USD,-462318000,2863000,-483265000,-17288000,229875000,420582000,196471000,-43213000,27221000,-8811000,53872000,9396000,7362000,-5764000,0,0,0,7030000,3659000,None,None,-8811000,29.62,27.69
15,2016-09-30,USD,105650000,64023000,6150000,105650000,41627000,25874000,0,0,41627000,0,64023000,None,41627000,8847000,0,None,None,None,0,35891000,0,15753000,0,0,25874000,25874000,None,USD,10297615000,157288000,None,None,9218322000,1079293000,0,8441599000,70861000,-273314000,117307000,0,3180004000,226159000,9010815000,484457000,484457000,6837000,189302000,2441272000,7089837000,922005000,2215113000,26494000,207507000,40001000,84759000,0,0,70861000,0,-273314000,0,None,263508000,None,156408000,None,207507000,None,207507000,None,None,None,1274909000,10297615000,2441272000,None,70861025,USD,54294000,-5830000,63007000,12516000,-274000000,-99085000,184818000,12673000,25874000,18517000,54595000,10152000,8234000,-10131000,-9903000,0,0,16165000,3803000,None,None,18517000,21.02,29.62
16,2016-06-30,USD,98715000,58060000,5864000,98715000,40655000,25266000,0,0,40655000,0,58060000,None,40655000,-4173000,0,None,None,None,0,-14742000,0,15389000,0,0,25266000,25266000,None,USD,9928473000,146124000,None,None,8868736000,1060996000,0,7857494000,71122000,-293424000,112051000,0,3280880000,207642000,8669740000,735125000,735125000,2656000,181349000,2543153000,6647136000,913613000,2335511000,25879000,198996000,36328000,77121000,0,0,71122000,0,-293424000,0,None,253022000,None,157689000,None,198996000,None,198996000,None,None,None,1279383000,9928473000,2543153000,None,69863008,USD,-114006000,6126000,-116564000,2251000,208360000,113520000,-86040000,-20478000,25266000,24826000,27870000,-23079000,7291000,-5044000,-3756000,0,0,12266000,4809000,None,None,24826000,18.29,21.02
17,2016-03-31,USD,93758000,57885000,5569000,93758000,35873000,22295000,0,0,35873000,0,57885000,None,35873000,810000,0,None,None,None,0,2653000,0,13578000,0,0,22295000,22274000,21000,USD,9781331000,146409000,None,None,8747606000,1039011000,0,7960323000,71545000,-313646000,113203000,0,3346205000,182816000,8552277000,510125000,510125000,-11058000,180690000,2588283000,6467538000,887316000,2405467000,25893000,195329000,31741000,81829000,0,0,71545000,0,-313646000,0,None,218040000,None,180371000,None,195329000,None,195329000,None,None,None,1286884000,9781331000,2588283000,None,66258777,USD,-191953000,-3049000,-195504000,1553000,80000000,135569000,70648000,-34039000,22295000,-57547000,2388000,-35476000,7087000,-5087000,-9992000,0,0,11531000,5104000,None,None,-57547000,18.47,18.29
18,2015-12-31,USD,94748000,65488000,5898000,94748000,29260000,18208000,0,0,29260000,0,24670000,None,29260000,22823000,21109000,None,None,None,0,17995000,0,11052000,-26871000,0,18208000,18183000,25000,USD,9626108000,147420000,None,56277000,8607823000,1033563000,0,7881089000,71484000,-330879000,114349000,130612000,3251473000,240363000,7966613000,430125000,430125000,-18673000,178165000,2557660000,6336002000,860873000,2291511000,25786000,194445000,29114000,85524000,0,0,71484000,9992000,-330879000,0,None,209248000,None,197613000,None,194445000,446765000,641210000,None,None,None,1286361000,9626108000,2531874000,None,66198477,USD,-177947000,-14754000,-175701000,5587000,162825000,199769000,41285000,-24633000,18208000,33424000,9356000,-8799000,5864000,-4341000,0,0,0,8837000,3341000,None,None,33424000,19.49,18.47
19,2015-09-30,USD,83023000,54269000,6102000,83023000,28754000,17887000,0,0,28754000,0,54269000,None,28754000,0,0,None,None,None,0,0,0,10867000,0,0,17887000,17862000,25000,USD,9413996000,141415000,None,None,8400859000,1021423000,0,7905012000,71472000,-344746000,111263000,123566000,3028785000,206939000,8207838000,218964000,None,-8458000,192992000,2306807000,6379629000,861730000,2099868000,None,193021000,30757000,83862000,0,0,71472000,9992000,-344746000,0,None,196037000,None,197116000,None,193021000,None,193021000,None,None,None,1284877000,9413996000,2306807000,None,63186437,USD,13021000,7188000,5518000,-5367000,-100859000,-49572000,55626000,None,17887000,2042000,46096000,2574000,5892000,-4339000,0,0,0,12555000,2136000,None,None,2042000,20.44,19.49
