,fiscalDateEnding,reportedCurrency_x,totalRevenue,totalOperatingExpense,costOfRevenue,grossProfit,ebit,netIncome_x,researchAndDevelopment,effectOfAccountingCharges,incomeBeforeTax,minorityInterest,sellingGeneralAdministrative,otherNonOperatingIncome,operatingIncome,otherOperatingExpense,interestExpense,taxProvision,interestIncome,netInterestIncome,extraordinaryItems,nonRecurring,otherItems,incomeTaxExpense,totalOtherIncomeExpense,discontinuedOperations,netIncomeFromContinuingOperations,netIncomeApplicableToCommonShares,preferredStockAndOtherAdjustments,reportedCurrency_y,totalAssets,intangibleAssets,earningAssets,otherCurrentAssets,totalLiabilities,totalShareholderEquity,deferredLongTermLiabilities,otherCurrentLiabilities,commonStock,retainedEarnings,otherLiabilities,goodwill,otherAssets,cash,totalCurrentLiabilities,shortTermDebt,currentLongTermDebt,otherShareholderEquity,propertyPlantEquipment,totalCurrentAssets,longTermInvestments,netTangibleAssets,shortTermInvestments,netReceivables,longTermDebt,inventory,accountsPayable,totalPermanentEquity,additionalPaidInCapital,commonStockTotalEquity,preferredStockTotalEquity,retainedEarningsTotalEquity,treasuryStock,accumulatedAmortization,otherNonCurrrentAssets,deferredLongTermAssetCharges,totalNonCurrentAssets,capitalLeaseObligations,totalLongTermDebt,otherNonCurrentLiabilities,totalNonCurrentLiabilities,negativeGoodwill,warrants,preferredStockRedeemable,capitalSurplus,liabilitiesAndShareholderEquity,cashAndShortTermInvestments,accumulatedDepreciation,commonStockSharesOutstanding,reportedCurrency,investments,changeInLiabilities,cashflowFromInvestment,otherCashflowFromInvestment,netBorrowings,cashflowFromFinancing,otherCashflowFromFinancing,changeInOperatingActivities,netIncome_y,changeInCash,operatingCashflow,otherOperatingCashflow,depreciation,dividendPayout,stockSaleAndPurchase,changeInInventory,changeInAccountReceivables,changeInNetIncome,capitalExpenditures,changeInReceivables,changeInExchangeRate,changeInCashAndCashEquivalents,clossingVal,nextClossingVal
0,2020-03-31,USD,49247000,24943000,25783000,23464000,-45835000,-34881000,None,None,-15528000,None,17454000,-31623000,-14212000,1153000,1886000,640000,-1316000,-1316000,13480000,6336000,None,640000,-6336000,747000,-48361000,-34881000,None,USD,510233000,840000,None,8037000,143519000,259042000,1922000,109301000,80000,485871000,111579000,23434000,1593000,260660000,135918000,3190000,54560000,-218196000,6150000,342648000,102515000,342440000,None,54623000,None,19328000,23427000,None,None,80000,None,485871000,-286951000,None,34440000,None,206000,6214000,None,5679000,7601000,None,107672000,None,278238000,510233000,260660000,None,57118925,USD,-1250000,-3930000,183693000,185985000,193723000,-33857000,-227580000,None,-34881000,145641000,-4195000,9717000,3157000,None,None,-5041000,None,16187000,1042000,10596000,-20060000,125581000,2.91,
1,2020-01-31,USD,36514000,44390000,25783000,10731000,-11055000,-34881000,None,None,-15528000,None,17454000,None,-7876000,None,1316000,640000,None,-1316000,None,None,None,640000,-6336000,13480000,-48361000,-30141000,None,USD,510233000,840000,None,8037000,143519000,366714000,None,8037000,80000,485871000,111579000,23434000,1593000,209290000,135918000,None,54560000,-218196000,12210000,342648000,129973000,234768000,None,12691000,None,19328000,7257000,None,None,None,None,None,None,None,922000,None,167585000,6214000,None,1985000,7601000,None,None,None,None,None,None,None,None,USD,183693000,-4809000,183693000,185926000,-32993000,-33857000,-864000,None,-34881000,125581000,-4195000,None,3157000,None,None,-5041000,None,28918000,1042000,None,None,None,4.19,2.91
2,2019-12-31,USD,83823000,37774000,43160000,40663000,-5005000,-205000,None,None,1011000,None,33393000,1849000,-6854000,4381000,3221000,1722000,1343000,-1878000,5655000,None,None,1722000,9743000,13480000,-205000,-205000,None,USD,689510000,8043000,None,55401000,261278000,320560000,4503000,212430000,80000,523979000,114798000,148938000,16263000,135079000,249653000,17969000,102329000,-194439000,16450000,309358000,155627000,271251000,None,97682000,None,21196000,19254000,None,None,80000,None,523979000,-286951000,None,48982000,None,2112000,8033000,None,7122000,11625000,None,107672000,None,277891000,689510000,135079000,None,56568425,USD,-1250000,1414000,12917000,14994000,196563000,-559000,-197122000,None,-205000,16772000,4414000,-1656000,4381000,None,None,-682000,8767000,-7605000,827000,8767000,7508000,24280000,3.72,4.19
3,2019-10-31,USD,74080000,80934000,43160000,30920000,8613000,-205000,None,None,1011000,None,33393000,None,-6854000,None,3221000,1722000,1343000,-1878000,None,None,None,None,9743000,13480000,-205000,-30141000,None,USD,689510000,8043000,None,55401000,261278000,428232000,6530000,55402000,80000,523979000,114798000,148938000,16263000,50719000,249653000,None,102329000,-194439000,24288000,309358000,183207000,163579000,None,26568000,None,21196000,14211000,None,None,None,None,None,None,None,7034000,None,380152000,8033000,None,2623000,11625000,None,None,None,None,None,None,None,None,USD,12917000,0,183693000,185926000,-32993000,-559000,-864000,None,-205000,24280000,4414000,None,4381000,None,None,-682000,8767000,28918000,827000,None,None,None,2.93,3.72
4,2019-09-30,USD,80756000,83490000,46794000,33962000,2682000,-4392000,None,None,-3438000,None,31931000,1714000,-2734000,4765000,1355000,2017000,651000,-704000,None,None,None,2017000,359000,13480000,-4392000,-4347000,None,USD,671112000,9561000,None,73635000,263312000,407800000,7700000,73635000,80000,524184000,115299000,142800000,17295000,41976000,254246000,24766000,93589000,-214640000,23081000,304549000,174364000,147767000,None,27106000,None,19059000,13771000,None,None,80000,None,524184000,-286951000,None,6770000,2287000,366563000,5932000,None,3047000,9066000,None,107672000,None,277455000,671112000,110799000,None,56568425,USD,-12902000,-3484000,-12902000,-9241000,13643000,26978000,13335000,None,-4392000,-10712000,-18333000,87000,4765000,None,None,-12313000,-5666000,1469000,2624000,-5666000,-6455000,-10712000,3.57,2.93
5,2019-07-31,USD,80756000,83490000,46794000,33962000,2682000,-4392000,None,None,-3438000,None,31931000,None,-2734000,None,1355000,2017000,651000,-704000,None,None,None,2017000,None,13480000,-4392000,-4347000,None,USD,671112000,9561000,None,73635000,263312000,407800000,7700000,73635000,80000,524184000,115299000,142800000,17295000,41976000,254246000,None,93589000,-214640000,23081000,304549000,174364000,147767000,None,27106000,None,19059000,13771000,None,None,None,None,None,None,None,6770000,None,366563000,5932000,None,3047000,9066000,None,None,None,None,None,None,None,None,USD,-12902000,-3484000,-12902000,-9241000,13643000,26978000,13335000,None,-4392000,-10712000,-18333000,None,4765000,None,None,-12313000,-5666000,1469000,2624000,None,None,None,4.05,3.57
6,2019-06-30,USD,51472000,94869000,41668000,9804000,-174966000,-184705000,None,None,-183481000,10000,46380000,-118487000,-43397000,6821000,1694000,2023000,6643000,4949000,2022000,6249000,None,2023000,-145033000,-631000,-183684000,-183694000,None,USD,672936000,11889000,None,63479000,245835000,427101000,9564000,63479000,80000,528576000,115361000,149387000,19347000,46065000,238146000,84990000,84990000,-199273000,18554000,295650000,178728000,158153000,None,25136000,None,7535000,17005000,None,None,80000,None,528576000,-286951000,None,7013000,2151000,377286000,None,None,3007000,7689000,None,107672000,None,276997000,672936000,46065000,None,56000000,USD,1355000,-3681000,1355000,1113000,-964000,-3361000,-2397000,None,-184705000,-1427000,-1547000,130777000,6821000,-19000,-180000,430000,5130000,172046000,2136000,5130000,2126000,-1427000,4.0,4.05
7,2019-04-30,USD,51472000,94869000,41668000,9804000,-174966000,-184705000,None,None,-183481000,None,46380000,None,-43397000,None,1694000,2023000,6643000,4949000,None,None,None,2023000,-145033000,-631000,-183684000,-183694000,None,USD,672936000,11889000,None,63479000,245835000,427101000,9564000,63479000,80000,528576000,115361000,149387000,19347000,46065000,238146000,None,84990000,-199273000,18554000,295650000,178728000,158153000,None,25136000,None,7535000,17005000,None,None,None,None,None,None,None,7013000,None,377286000,None,None,3007000,7689000,None,None,None,None,None,None,None,None,USD,1355000,-3681000,1355000,1113000,-964000,-3361000,-2397000,None,-184705000,-1427000,-1547000,None,6821000,None,None,430000,5130000,172046000,2136000,None,None,None,3.57,4.0
8,2019-03-31,USD,86484000,57988000,50179000,36305000,-53550000,-54784000,None,None,-57538000,-728000,42802000,-31867000,-21683000,9881000,3493000,-3551000,-28151000,-4452000,-7769000,5305000,None,-2490000,-36708000,-4728000,-50784000,-54784000,None,USD,839757000,15719000,None,66222000,231300000,500442000,6299000,178339000,80000,713701000,116244000,156499000,177765000,122938000,222728000,24688000,98869000,-204338000,19889000,302388000,167497000,435896000,None,105367000,None,7861000,19701000,None,None,80000,None,713701000,-286951000,None,174903000,2862000,537369000,None,None,2273000,8572000,None,107672000,None,277950000,839757000,122938000,None,56815925,USD,-5006000,9044000,-5006000,-3391000,269398000,12236000,-256014000,None,-55512000,-6904000,-14134000,29091000,9726000,-1148000,None,1451000,-14938000,14288000,1615000,-22222000,-3199000,-10103000,3.59,3.57
9,2018-12-31,USD,97150000,89040000,51185000,45965000,-60489000,-63941000,0,None,-62020000,2972000,70996000,-17414000,-43075000,9853000,2778000,-4398000,None,None,723000,8191000,None,-2298000,-28383000,-4485000,-59722000,-63941000,None,USD,1080124000,115250000,None,65765000,320015000,560805000,52376000,202360000,80000,768485000,162563000,267964000,55316000,133041000,254729000,24660000,24660000,-198272000,23739000,339207000,93561000,285263000,None,130129000,10395000,10272000,27709000,None,None,80000,None,768485000,-286951000,None,219577000,20826000,740917000,None,10395000,2515000,65286000,None,107672000,None,277463000,1080124000,133041000,None,56833925,USD,-1056000,-16931000,-5244000,-1641000,210976000,-37989000,-247757000,None,-60969000,-48469000,-5236000,17950000,9921000,-1208000,None,-24000,-14938000,30358000,2547000,14459000,-1823000,-50292000,4.69,3.59
10,2018-09-30,USD,125884000,52672000,72316000,53568000,4145000,-5199000,0,None,13000,95000,41878000,3249000,896000,10794000,2759000,None,None,None,None,None,None,6490000,490000,-4485000,-6477000,-5199000,None,USD,1200605000,121824000,None,68566000,368564000,632892000,43567000,235636000,80000,832426000,154658000,279158000,48036000,183333000,309918000,37250000,33937000,-189528000,25222000,427003000,94241000,339582000,84778000,164735000,11660000,10369000,37032000,0,276865000,80000,107672000,832426000,-286951000,None,245150000,8007000,773602000,None,11660000,3419000,58646000,None,107672000,None,276865000,1200605000,183333000,None,56833925,USD,284000,-1016000,73371000,76205000,82060000,4400000,-75931000,None,-5104000,94228000,16457000,431000,10881000,-1729000,0,2185000,14296000,-5216000,3118000,14296000,-949000,93279000,8.0,4.69
11,2018-06-30,USD,149194000,61092000,78030000,71164000,17395000,32235000,1800000,0,43458000,-1783000,51586000,7323000,10072000,8454000,2069000,None,None,None,0,1052000,0,17347000,36175000,-4485000,26111000,32235000,None,USD,1219290000,131132000,None,149047000,373188000,642519000,46606000,197041000,80000,837625000,192858000,283240000,52432000,90054000,282533000,44695000,44695000,-184436000,27054000,426841000,88331000,335819000,0,174853000,5469000,12887000,40797000,0,276201000,80000,107672000,837625000,-286951000,None,256380000,6312000,792449000,None,5469000,38580000,90655000,None,107672000,None,276201000,1219290000,90054000,None,56685925,USD,-152003000,-2016000,210711000,212559000,-14321000,-229904000,-215583000,None,30452000,15348000,34541000,1978000,8576000,0,0,255000,21668000,-26372000,1848000,21668000,-12466000,2882000,9.08,8.0
12,2018-03-31,USD,162721000,77297000,77860000,84861000,16678000,3009000,0,0,10292000,302000,48091000,9114000,7564000,9341000,2426000,None,None,None,0,19865000,0,10941000,-13177000,0,-649000,3009000,None,USD,1400466000,31428000,None,394138000,568180000,720574000,17789000,437139000,80000,805390000,128362000,182534000,29418000,87172000,528482000,59846000,56446000,-73481000,31592000,695341000,185023000,614284000,0,202223000,19008000,11808000,31497000,0,275536000,80000,107672000,805390000,-286951000,None,271185000,3363000,705125000,None,19008000,2901000,39698000,None,107672000,None,275536000,1400466000,87172000,None,56855187,USD,-18597000,11817000,9925000,14150000,11702000,-74372000,-86074000,-653000,3311000,20798000,85245000,-194000,9461000,0,0,1072000,42558000,17220000,4225000,42558000,1478000,22276000,9.46,9.08
13,2017-12-31,USD,148416000,58115000,73994000,74422000,22366000,9622000,0,0,18687000,357000,49392000,6059000,16307000,8723000,2325000,None,None,None,0,-99325000,0,10062000,3734000,0,8625000,9622000,None,USD,1370243000,34604000,None,412177000,591892000,667112000,9866000,451345000,80000,802381000,2449000,199495000,610296000,64896000,559710000,86083000,50530000,-123359000,32852000,727095000,147392000,540685000,0,237540000,19867000,12482000,22282000,0,274961000,80000,107672000,802381000,-286951000,None,225463000,3342000,643148000,None,19867000,2449000,32182000,None,107672000,None,274961000,1370243000,64896000,None,56832370,USD,-9000000,-10394000,-27531000,-16428000,-29639000,-66101000,-36462000,1419000,9979000,-80320000,13312000,608000,8937000,0,0,-2322000,6005000,499000,2103000,6005000,6857000,-73463000,11.89,9.46
14,2017-09-30,USD,152558000,52900000,74652000,77906000,32125000,19483000,0,0,27929000,244000,43934000,7119000,25006000,8966000,2121000,None,None,None,0,19865000,0,10277000,0,0,17652000,19483000,None,USD,1343302000,35584000,None,411349000,629055000,603676000,8615000,449377000,80000,792759000,2965000,186539000,525060000,138359000,582615000,105108000,59371000,-176565000,34060000,784182000,97802000,489225000,0,225196000,34860000,9278000,28130000,0,274353000,80000,107672000,792759000,-286951000,None,201166000,3969000,559120000,None,34860000,2965000,46440000,None,107672000,None,274353000,1343302000,138359000,None,56927696,USD,-72846000,12179000,-12357000,-10884000,112499000,-103102000,-215601000,-991000,19727000,-116252000,-793000,827000,9099000,0,0,-1526000,0,-1958000,1473000,-39141000,-3846000,-120098000,9.74,11.89
15,2017-06-30,USD,155056000,67157000,73173000,81883000,23020000,11289000,2000000,0,19423000,-132000,56896000,8294000,14726000,10261000,1711000,None,None,None,0,0,0,10152000,10477000,0,9271000,11289000,None,USD,1450756000,38764000,None,640455000,742749000,597569000,11139000,675254000,80000,773276000,2795000,188833000,305155000,258457000,721314000,25317000,8738000,-54897000,39411000,1106190000,27862000,477644000,0,199258000,7501000,8020000,20743000,0,273733000,80000,107672000,773276000,-286951000,None,49696000,None,344566000,None,7501000,2795000,21435000,None,None,None,273733000,1450756000,258457000,None,56369737,USD,-22532000,-8312000,-129702000,-104473000,6485000,111468000,117900000,-220000,11157000,-12479000,5755000,None,11493000,-1454000,-11463000,2717000,-15767000,2138000,2697000,-13506000,3229000,-9250000,9.86,9.74
16,2017-03-31,USD,147944000,52485000,70912000,77032000,29716000,18392000,0,0,29204000,624000,42195000,5169000,24547000,10290000,467000,None,None,None,0,0,0,10233000,0,0,18971000,18392000,None,USD,1321695000,42904000,None,513713000,615954000,593851000,11143000,552032000,79000,761987000,2725000,190174000,311279000,267707000,585751000,8941000,47260000,-56838000,43901000,966515000,38920000,468445000,44735000,174535000,16335000,10560000,24778000,0,269533000,79000,107672000,761987000,-273238000,None,39281000,None,355180000,None,16335000,2725000,30203000,None,None,None,269533000,1321695000,267707000,None,57590085,USD,-2000000,5267000,-169564000,-167615000,274000,211858000,165955000,-506000,19016000,64097000,21803000,621000,10317000,0,45629000,3893000,0,-699000,1949000,-16612000,4719000,68816000,12.23,9.86
17,2016-12-31,USD,151433000,52326000,73518000,77915000,30724000,18641000,0,0,30140000,589000,41703000,5135000,25589000,10623000,510000,None,None,None,0,0,0,10984000,0,0,19156000,18641000,None,USD,1042278000,44339000,None,333242000,425977000,505060000,11139000,374422000,74000,743595000,2181000,180686000,300375000,198891000,397785000,8288000,49468000,-80971000,45876000,696027000,36278000,387707000,43700000,149831000,14872000,14063000,15075000,0,223272000,74000,107672000,743595000,-273238000,None,39072000,None,346251000,None,14872000,2181000,28192000,None,None,None,223272000,1042278000,198891000,None,52521345,USD,-370000,-17778000,240920000,244416000,-1824000,-261193000,-259311000,386000,19230000,-4213000,16060000,-689000,10654000,-58000,0,-3481000,14351000,1539000,3126000,6585000,-2225000,-6438000,11.48,12.23
18,2016-09-30,USD,155633000,48672000,74780000,80853000,37144000,24632000,0,0,35689000,613000,38468000,4963000,32181000,10204000,796000,None,None,None,0,0,0,11103000,0,0,24586000,24632000,None,USD,1325250000,47611000,None,593503000,707990000,506585000,11397000,636038000,74000,724954000,2793000,187875000,306135000,205329000,675644000,9078000,27234000,-167842000,53338000,965777000,25560000,378771000,0,156251000,18156000,10694000,30528000,0,222637000,74000,107672000,724954000,-273238000,None,45089000,None,359473000,None,18156000,2793000,32346000,None,None,107672000,222637000,1325250000,205329000,None,52521345,USD,-14977000,14028000,-55725000,-37325000,-26422000,-21664000,37394000,-1632000,25245000,-23846000,53543000,None,10240000,-555000,-32081000,-104000,7766000,-3632000,3423000,7766000,5531000,-18315000,8.56,11.48
19,2016-06-30,USD,151259000,48291000,70785000,80474000,36252000,24356000,2300000,0,35648000,579000,37879000,4069000,32183000,10412000,543000,None,None,None,0,0,0,10774000,12508000,0,24874000,24356000,None,USD,1263500000,48556000,None,536725000,660280000,493047000,12559000,574204000,74000,700322000,2376000,179478000,284800000,223644000,602211000,8675000,8675000,-82028000,54977000,923723000,25645000,372685000,0,153350000,43134000,10004000,19332000,0,223978000,74000,107672000,700322000,-241627000,None,31121000,None,339777000,None,43134000,2376000,58069000,None,None,None,223978000,1263500000,223644000,None,55271954,USD,-8900000,-11952000,-79287000,-72188000,-8716000,143735000,58683000,-235000,24935000,99654000,35206000,-2176000,10447000,-11189000,93768000,1496000,-3401000,646000,7099000,11810000,721000,100375000,9.99,8.56
