,fiscalDateEnding,reportedCurrency_x,totalRevenue,totalOperatingExpense,costOfRevenue,grossProfit,ebit,netIncome_x,researchAndDevelopment,effectOfAccountingCharges,incomeBeforeTax,minorityInterest,sellingGeneralAdministrative,otherNonOperatingIncome,operatingIncome,otherOperatingExpense,interestExpense,taxProvision,interestIncome,netInterestIncome,extraordinaryItems,nonRecurring,otherItems,incomeTaxExpense,totalOtherIncomeExpense,discontinuedOperations,netIncomeFromContinuingOperations,netIncomeApplicableToCommonShares,preferredStockAndOtherAdjustments,reportedCurrency_y,totalAssets,intangibleAssets,earningAssets,otherCurrentAssets,totalLiabilities,totalShareholderEquity,deferredLongTermLiabilities,otherCurrentLiabilities,commonStock,retainedEarnings,otherLiabilities,goodwill,otherAssets,cash,totalCurrentLiabilities,shortTermDebt,currentLongTermDebt,otherShareholderEquity,propertyPlantEquipment,totalCurrentAssets,longTermInvestments,netTangibleAssets,shortTermInvestments,netReceivables,longTermDebt,inventory,accountsPayable,totalPermanentEquity,additionalPaidInCapital,commonStockTotalEquity,preferredStockTotalEquity,retainedEarningsTotalEquity,treasuryStock,accumulatedAmortization,otherNonCurrrentAssets,deferredLongTermAssetCharges,totalNonCurrentAssets,capitalLeaseObligations,totalLongTermDebt,otherNonCurrentLiabilities,totalNonCurrentLiabilities,negativeGoodwill,warrants,preferredStockRedeemable,capitalSurplus,liabilitiesAndShareholderEquity,cashAndShortTermInvestments,accumulatedDepreciation,commonStockSharesOutstanding,reportedCurrency,investments,changeInLiabilities,cashflowFromInvestment,otherCashflowFromInvestment,netBorrowings,cashflowFromFinancing,otherCashflowFromFinancing,changeInOperatingActivities,netIncome_y,changeInCash,operatingCashflow,otherOperatingCashflow,depreciation,dividendPayout,stockSaleAndPurchase,changeInInventory,changeInAccountReceivables,changeInNetIncome,capitalExpenditures,changeInReceivables,changeInExchangeRate,changeInCashAndCashEquivalents,clossingVal,nextClossingVal
0,2020-06-30,USD,1242001000,-1129429000,1037070000,204931000,92359000,66463000,None,None,93351000,3231000,113781000,None,92359000,-1243210000,-992000,23657000,189000,-1709000,None,None,None,23657000,2701000,None,69694000,66463000,None,USD,2058608000,52481000,None,411512000,719283000,1324399000,None,238142000,61169000,1057817000,61340000,247482000,43425000,217708000,435212000,2786000,2786000,-8396000,401576000,1236605000,None,1324399000,19195000,549193000,161057000,459424000,478355000,None,None,61169000,None,1057817000,None,None,41367000,None,401576000,77085000,None,38655000,284071000,None,None,None,213809000,2058608000,236903000,None,61169181,USD,1037000,117864000,-18002000,405000,-3000,-7249000,20000,80894000,69694000,168120000,193371000,859000,17171000,-7644000,378000,51766000,-61301000,-2682000,19444000,-61301000,None,168120000,49.51,
1,2020-03-31,USD,1032062000,-923458000,864826000,167236000,58632000,40159000,None,None,53892000,411000,109339000,None,58632000,-1032797000,4740000,13322000,341000,-1567000,None,None,None,13322000,-2438000,None,40570000,40159000,None,USD,1882982000,53520000,None,417920000,610700000,1260712000,None,241667000,61102000,998996000,55958000,246459000,43454000,48240000,329255000,2772000,2772000,-11110000,397575000,1060909000,None,1260712000,17778000,490788000,160550000,510681000,366261000,None,None,61102000,None,998996000,None,None,41309000,None,397575000,81117000,160550000,33159000,281445000,None,None,None,211724000,1882982000,66018000,None,61102481,USD,-2792000,11399000,-48210000,-18132000,-2813000,-39723000,12000,-8648000,40570000,-134094000,-46161000,1444000,17288000,-7730000,-29192000,-25783000,-94253000,3174000,27286000,-94253000,None,-134094000,37.19,49.51
2,2019-12-31,USD,998040000,-892863000,840786000,157255000,54631000,37736000,None,None,51606000,940000,104764000,2875000,51756000,-998041000,3025000,12930000,-740000,-2673000,None,414000,None,12930000,1788000,None,38676000,37736000,None,USD,1889477000,55667000,None,407406000,631744000,1243715000,None,241034000,61409000,995022000,51951000,229536000,43861000,184550000,354042000,2816000,2816000,-4889000,387174000,1093072000,16214000,1243715000,18527000,404946000,160867000,486874000,387894000,None,None,61409000,None,995022000,None,None,41098000,None,387174000,80167000,160867000,29071000,277702000,None,None,None,192173000,1889477000,203077000,None,61408589,USD,-1208000,-17121000,-36052000,-16249000,556000,-12045000,-21000,21304000,38676000,103114000,151211000,902000,17477000,-12279000,-301000,-7058000,110969000,7366000,18595000,110969000,None,103114000,47.7,37.19
3,2019-09-30,USD,1163026000,-1046223000,975756000,187270000,70467000,51859000,None,None,68977000,722000,115652000,None,70467000,-1163026000,1490000,16396000,410000,-1490000,None,1151000,None,16396000,-1151000,None,52581000,51859000,None,USD,1880625000,54216000,None,417087000,651522000,1215459000,None,238289000,61390000,969564000,43351000,232411000,41451000,80580000,385448000,152000,152000,-5315000,385007000,1092104000,16082000,1215459000,17028000,499283000,162853000,479356000,413081000,None,None,61390000,None,969564000,None,None,39167000,None,2284000,75436000,162853000,28454000,266074000,None,None,None,189820000,1880625000,97608000,None,61390216,USD,-1124000,-8565000,-58249000,-33264000,-24518000,-24968000,13000,27089000,52581000,43915000,127132000,896000,17196000,1000,-464000,52170000,11627000,1227000,23861000,11627000,None,43915000,39.88,47.7
4,2019-06-30,USD,199000,-1127129000,1053091000,186726000,74237000,54515000,None,None,72512000,630000,112688000,None,74237000,-1239817000,1725000,17367000,682000,-1725000,None,None,None,17367000,199000,None,55145000,54515000,None,USD,1850659000,48535000,None,392346000,667426000,1167375000,None,283236000,61367000,917704000,100349000,225269000,111175000,35353000,379606000,173000,25145000,-4479000,368572000,1097108000,14856000,1167375000,16776000,506591000,187471000,528680000,384017000,None,None,61367000,None,917704000,None,None,38184000,None,2341000,70793000,187471000,29701000,287820000,None,None,None,192783000,1850659000,52129000,None,61366680,USD,-1083000,42149000,-32185000,-4508000,-78953000,-91324000,19000,17258000,55145000,3268000,126777000,922000,15819000,-12271000,-119000,51657000,-38752000,-163000,26594000,-38752000,None,3268000,38.06,39.88
5,2019-03-31,USD,122000,-909182000,860858000,154267000,50039000,35540000,None,None,47579000,462000,105943000,1593000,48446000,-1015125000,2460000,11577000,1593000,-867000,None,None,None,11577000,122000,None,36002000,35540000,None,USD,1821398000,47050000,None,378658000,683032000,1122899000,None,351260000,61352000,875457000,96035000,224247000,90463000,30691000,320569000,185000,18917000,-4789000,356166000,1103472000,13580000,1122899000,16197000,457159000,266428000,580163000,331587000,None,None,61352000,None,875457000,None,None,21999000,None,2364000,66100000,266428000,29813000,362463000,None,None,None,190879000,1821398000,46888000,None,61352372,USD,-109000,17132000,-15551000,441000,61299000,61069000,9000,-7924000,36002000,-10311000,-55829000,1287000,16327000,-500000,-239000,-23649000,-100716000,-2212000,15883000,-100716000,None,-10311000,29.89,38.06
6,2018-12-31,USD,-3500517000,-4396493000,850538000,137643000,43812000,30502000,0,0,40890000,1130000,92142000,-1626000,45438000,-4489180000,2922000,None,None,None,8000000,0,0,9258000,-4810000,0,31632000,30502000,None,USD,1647548000,48846000,None,312370000,558864000,1073403000,None,229497000,60884000,839917000,46564000,224117000,24597000,40583000,310170000,148000,148000,-5938000,354710000,995278000,None,1073403000,14755000,366242000,202130000,556220000,329219000,None,None,60884000,None,839917000,None,None,None,2668000,357378000,None,202130000,None,None,None,None,None,178540000,1647548000,55338000,None,60883749,USD,-223000,-63940000,-35617000,-14073000,15988000,-19409000,-999000,-20116000,31632000,1558000,56584000,812000,16578000,7951000,-42349000,-44856000,112555000,3803000,21321000,112555000,None,1558000,25.96,29.89
7,2018-09-30,USD,1212290000,101270000,1054029000,158673000,57202000,41219000,0,0,55257000,849000,102292000,211000,56991000,0,1945000,None,None,None,0,-1022000,0,13189000,-1124000,0,42068000,41219000,None,USD,1677171000,43035000,None,292265000,585447000,1076120000,0,217654000,61656000,841431000,40630000,218631000,22345000,39444000,358278000,149000,149000,-3638000,346309000,1046851000,None,1076120000,15809000,471111000,186539000,510057000,367644000,0,176671000,61656000,0,841431000,0,None,None,2176000,348485000,None,None,None,None,None,None,None,176671000,1677171000,55253000,None,61656181,USD,-2935000,-18588000,-22546000,617000,-90125000,-91038000,16000,5466000,42066000,-17411000,96173000,838000,15918000,-10982000,-929000,22380000,34599000,-1040000,20228000,34599000,None,-17411000,35.33,25.96
8,2018-06-30,USD,1294440000,105072000,1128751000,165689000,60798000,44044000,0,0,58550000,1086000,104595000,181000,60617000,0,2248000,None,None,None,0,477000,0,13420000,-2544000,0,45130000,44044000,None,USD,1736619000,43429000,None,310246000,688896000,1032541000,0,309882000,61632000,800237000,42255000,219595000,20266000,38451000,370367000,542000,542000,-4077000,340698000,1112631000,None,1032541000,14493000,498622000,276274000,531874000,378472000,0,174749000,61632000,0,800237000,0,None,None,2235000,342933000,None,None,None,None,None,None,None,174749000,1736619000,52944000,None,61632401,USD,-4965000,47127000,-64373000,-29457000,15341000,3270000,-1000,24397000,45132000,-13003000,48100000,830000,14906000,-11090000,-980000,-4425000,-55901000,431000,29951000,-55901000,None,-13003000,36.62,35.33
9,2018-03-31,USD,1000391000,93206000,862968000,130889000,44934000,32833000,0,0,43156000,749000,93206000,717000,44217000,0,1778000,None,None,None,0,0,0,9574000,5473000,0,33582000,32833000,None,USD,1631464000,254546000,None,310275000,614542000,1001556000,0,291353000,61544000,768223000,26192000,212596000,274180000,35564000,313129000,425000,425000,-1140000,313571000,1043713000,None,1001556000,10701000,437374000,261327000,521706000,322764000,0,172929000,61544000,0,768223000,0,None,None,2273000,315844000,None,None,None,None,None,None,None,172929000,1631464000,46265000,None,61543902,USD,-1203000,31433000,1304000,26869000,113057000,111570000,-70000,-8502000,33582000,28702000,-84172000,1094000,13940000,-775000,-1417000,-57403000,-99765000,-7053000,24362000,-99765000,None,28702000,32.45,36.62
10,2017-12-31,USD,966954000,88544000,836932000,129159000,41668000,31115000,0,0,40275000,2048000,88544000,190000,41478000,0,1393000,None,None,None,0,0,0,7112000,-340000,0,33163000,31115000,None,USD,1464677000,254969000,None,283561000,490654000,959476000,0,170525000,61192000,736212000,28655000,212644000,272561000,36698000,303246000,1329000,1329000,144000,328629000,863487000,None,959476000,11269000,342347000,144674000,460308000,318800000,0,161928000,61192000,0,736212000,0,None,None,1865000,330494000,None,None,None,None,None,None,None,161928000,1464677000,47967000,None,61191888,USD,-312000,-42737000,-16284000,-2045000,-5469000,-16477000,-25000,23749000,33163000,6472000,39233000,1827000,13837000,8447000,-19424000,-48442000,-30787000,-9316000,13927000,90901000,None,6472000,37.62,32.45
11,2017-09-30,USD,1056586000,92416000,911899000,144687000,52400000,33693000,0,0,50919000,976000,92416000,129000,52271000,0,1481000,None,None,None,0,0,0,16250000,-4259000,0,34669000,33693000,None,USD,1486926000,255702000,None,279045000,536846000,935795000,0,172501000,20391000,715497000,29204000,212029000,273217000,30026000,338952000,2197000,174698000,-871000,325109000,888600000,None,935795000,10781000,427580000,145884000,412486000,362148000,0,200778000,20391000,0,715497000,0,None,None,None,1899000,None,None,None,None,None,None,None,200778000,1486926000,40807000,None,20391399,USD,230000,27432000,-21488000,922000,-59081000,-63291000,-1313000,12154000,34668000,-2640000,82139000,696000,13934000,-1319000,-4216000,26159000,121688000,-301000,22640000,-20449000,None,-2640000,98.16,37.62
12,2017-06-30,USD,1072375000,94341000,924135000,148240000,54249000,33642000,0,0,52409000,932000,94341000,350000,53899000,0,1840000,None,None,None,0,0,0,17835000,0,0,34574000,33642000,None,USD,1482039000,253484000,None,276359000,565678000,901732000,0,227521000,20422000,684808000,28959000,213597000,271218000,32536000,311607000,2378000,229899000,-2590000,315956000,894865000,None,901732000,10401000,406371000,204752000,438435000,335779000,0,199092000,20422000,0,684808000,0,None,None,None,1981000,None,None,None,None,None,None,None,199092000,1482039000,42937000,None,20421775,USD,-7936000,37120000,-29288000,-3334000,-48033000,-67176000,10000,31743000,34575000,-10513000,85951000,711000,13114000,-9207000,-9946000,34005000,0,-101000,18018000,-33473000,None,-10513000,87.31,98.16
13,2017-03-31,USD,846130000,86919000,725390000,120740000,33908000,21062000,0,0,32404000,572000,86919000,87000,33821000,0,1504000,None,None,None,0,0,0,10770000,0,0,21634000,21062000,None,USD,1477659000,250160000,None,270810000,580306000,884539000,0,274470000,20518000,670115000,28198000,211061000,268493000,31929000,277840000,2280000,2280000,-3450000,309853000,899313000,None,884539000,5928000,381363000,252904000,472016000,303556000,0,197356000,20518000,0,670115000,0,None,3800000,None,1960000,None,None,None,None,None,None,None,197356000,1477659000,37857000,None,20518049,USD,878000,23093000,-70599000,-54946000,143323000,141697000,-16000,-9676000,21634000,358000,-70740000,571000,12511000,-1673000,-1610000,-60984000,0,201000,16531000,-67766000,None,358000,98.54,87.31
14,2016-12-31,USD,859584000,87000000,737274000,122310000,35446000,20750000,0,0,34146000,1491000,87095000,136000,35310000,0,1300000,None,None,None,0,0,0,12989000,-2840000,0,21157000,20750000,None,USD,1292058000,227606000,None,248228000,431592000,849180000,20817000,19761000,20342000,649135000,29939000,198535000,237769000,34489000,271777000,2634000,2634000,-5630000,297851000,756438000,None,849180000,10348000,302329000,109059000,397227000,249382000,860466000,185333000,20342000,0,649135000,0,None,None,1546000,299397000,None,109059000,29939000,159815000,None,None,None,185333000,1292058000,44837000,None,20342069,USD,3155000,-41202000,-27007000,-12123000,-1594000,-10770000,-45000,15978000,22240000,-1634000,36143000,None,12736000,-5991000,-3140000,-24928000,-5119000,3059000,18039000,64238000,-958000,-2592000,102.18,98.54
15,2016-09-30,USD,826665000,74502000,708611000,118054000,43721000,27819000,0,0,42625000,945000,74457000,169000,43552000,0,1096000,None,None,None,0,45000,0,14356000,748000,0,28269000,27819000,None,USD,1310637000,224186000,None,245822000,463547000,836975000,0,124302000,20331000,637536000,28963000,207832000,235359000,37592000,310156000,1584000,1584000,-4854000,284491000,790787000,None,836975000,10453000,359935000,110362000,369928000,337661000,847090000,183962000,20331000,0,637536000,0,None,None,2416000,286907000,None,None,None,None,None,None,None,183962000,1310637000,48045000,None,20330939,USD,1685000,16680000,-170776000,-161007000,25350000,24014000,-13000,None,28764000,-50426000,96336000,None,10419000,-1429000,-1323000,14119000,69357000,513000,11454000,25841000,-408000,-50834000,98.49,102.18
16,2016-06-30,USD,872093000,77822000,740606000,131487000,53983000,33398000,0,0,52880000,839000,77762000,318000,53665000,0,1103000,None,None,None,0,60000,0,18878000,-1675000,0,34002000,33398000,None,USD,1194506000,197891000,None,213129000,374871000,808586000,0,84530000,20307000,609718000,26066000,181381000,207902000,88426000,239183000,1093000,1093000,-4149000,256899000,729705000,None,808586000,9740000,325975000,84530000,297796000,289248000,819635000,182710000,20307000,0,609718000,0,None,None,2541000,259440000,None,None,None,None,None,None,None,182710000,1194506000,98166000,None,20307463,USD,-188000,25943000,-16300000,-4784000,212000,-8728000,-10000,None,34238000,44970000,69998000,None,10278000,-8529000,-401000,29723000,95198000,738000,11328000,-30922000,-518000,44452000,92.69,98.49
17,2016-03-31,USD,682151000,70828000,579412000,102739000,32096000,19212000,0,0,31020000,1043000,70838000,185000,31911000,0,1076000,None,None,None,0,-10000,0,11611000,0,0,19409000,19212000,None,USD,1145777000,198338000,None,215227000,350849000,781598000,0,84525000,20301000,584848000,26012000,181280000,208762000,44204000,215321000,886000,886000,-3946000,254634000,682381000,None,781598000,6737000,295134000,84525000,327177000,265438000,0,0,20301000,0,584848000,0,None,None,2664000,257298000,None,None,None,None,None,None,None,180395000,1145777000,50941000,None,20301084,USD,149000,25816000,-13386000,-594000,-260000,-1305000,-5000,None,20255000,-44648000,-29957000,None,10185000,-1170000,-1040000,-22159000,0,222000,12941000,-64276000,-43000,-44691000,85.82,92.69
18,2015-12-31,USD,653600000,66282000,556427000,97173000,31061000,18901000,0,0,29543000,1660000,66178000,170000,30891000,158000,1518000,None,None,None,0,0,0,10616000,-3712000,0,18927000,18901000,None,USD,1107679000,198687000,None,216128000,341270000,752755000,23838000,107989000,20142000,565636000,28507000,180990000,208297000,88342000,204175000,1145000,1145000,-4585000,251150000,648232000,None,752755000,6743000,239046000,84750000,304918000,203030000,0,0,20142000,0,565636000,0,None,None,1312000,252462000,None,84750000,28507000,137095000,None,None,None,171562000,1107679000,95085000,None,20141709,USD,-717000,-16891000,-6711000,1008000,296000,-8076000,-3209000,29142000,20561000,32600000,47387000,None,10467000,-5298000,-3074000,-16929000,-26007000,-614000,7002000,50716000,-217000,32383000,68.37,85.82
19,2015-09-30,USD,762275000,68181000,651569000,110706000,42661000,25556000,0,0,41601000,1327000,67951000,136000,42525000,0,1060000,None,None,None,0,230000,0,15163000,1268000,0,26438000,25556000,None,USD,1111918000,200929000,None,217583000,355780000,744090000,0,84722000,20133000,555193000,25838000,182394000,209863000,56512000,214301000,834000,None,-1560000,254530000,647525000,None,744090000,5955000,288038000,84722000,288209000,270224000,0,0,20133000,0,555193000,0,None,None,1091000,255621000,None,None,None,None,None,None,None,170324000,1111918000,62467000,None,20133427,USD,-5550000,-22592000,-13208000,1106000,-37642000,-40038000,None,None,26883000,31341000,84587000,None,10449000,-1909000,-2396000,41262000,76723000,379000,8764000,28206000,-724000,30617000,57.68,68.37
