,fiscalDateEnding,reportedCurrency_x,totalRevenue,totalOperatingExpense,costOfRevenue,grossProfit,ebit,netIncome_x,researchAndDevelopment,effectOfAccountingCharges,incomeBeforeTax,minorityInterest,sellingGeneralAdministrative,otherNonOperatingIncome,operatingIncome,otherOperatingExpense,interestExpense,taxProvision,interestIncome,netInterestIncome,extraordinaryItems,nonRecurring,otherItems,incomeTaxExpense,totalOtherIncomeExpense,discontinuedOperations,netIncomeFromContinuingOperations,netIncomeApplicableToCommonShares,preferredStockAndOtherAdjustments,reportedCurrency_y,totalAssets,intangibleAssets,earningAssets,otherCurrentAssets,totalLiabilities,totalShareholderEquity,deferredLongTermLiabilities,otherCurrentLiabilities,commonStock,retainedEarnings,otherLiabilities,goodwill,otherAssets,cash,totalCurrentLiabilities,shortTermDebt,currentLongTermDebt,otherShareholderEquity,propertyPlantEquipment,totalCurrentAssets,longTermInvestments,netTangibleAssets,shortTermInvestments,netReceivables,longTermDebt,inventory,accountsPayable,totalPermanentEquity,additionalPaidInCapital,commonStockTotalEquity,preferredStockTotalEquity,retainedEarningsTotalEquity,treasuryStock,accumulatedAmortization,otherNonCurrrentAssets,deferredLongTermAssetCharges,totalNonCurrentAssets,capitalLeaseObligations,totalLongTermDebt,otherNonCurrentLiabilities,totalNonCurrentLiabilities,negativeGoodwill,warrants,preferredStockRedeemable,capitalSurplus,liabilitiesAndShareholderEquity,cashAndShortTermInvestments,accumulatedDepreciation,commonStockSharesOutstanding,reportedCurrency,investments,changeInLiabilities,cashflowFromInvestment,otherCashflowFromInvestment,netBorrowings,cashflowFromFinancing,otherCashflowFromFinancing,changeInOperatingActivities,netIncome_y,changeInCash,operatingCashflow,otherOperatingCashflow,depreciation,dividendPayout,stockSaleAndPurchase,changeInInventory,changeInAccountReceivables,changeInNetIncome,capitalExpenditures,changeInReceivables,changeInExchangeRate,changeInCashAndCashEquivalents,clossingVal,nextClossingVal
0,2020-06-30,USD,987237000,492662000,92408000,894829000,154086000,87726000,None,None,114318000,None,75778000,None,154086000,172303000,39521000,26592000,None,-39521000,None,None,None,26592000,-46456000,None,87726000,87726000,None,USD,13712359000,None,None,585879000,9455177000,4257182000,1149101000,None,10497000,4484248000,3988244000,None,4320879000,825074000,5360319000,4777963000,None,-13732000,7873001000,4123087000,395123000,4257182000,2393522000,217777000,3664231000,100835000,582356000,None,None,10497000,None,4484248000,-677650000,None,1204025000,None,117123000,1220346000,None,3612073000,4761174000,None,None,None,453819000,13712359000,3218596000,-2811749000,None,USD,-23265000,69496000,-195192000,77813000,152731000,195063000,23733000,-25883000,87726000,329956000,330085000,-22126000,178475000,0,18599000,350000,-23594000,32429000,249740000,-16265000,766000,330722000,302.19,
1,2020-03-31,USD,821525000,499810000,72982000,748543000,958000,122368000,None,None,-42273000,None,61792000,None,958000,186741000,41816000,-164641000,-42967000,-42967000,None,-758000,None,-164641000,-48552000,None,-42273000,122368000,None,USD,13438024000,None,None,669535000,9217304000,4220720000,1125163000,None,10497000,4399402000,3935217000,None,4311511000,494352000,5175644000,4621291000,None,34652000,7843060000,3979164000,360373000,4220720000,2492738000,221456000,3487587000,101083000,554353000,None,None,10497000,None,4399402000,-677650000,None,1152309000,None,103118000,1240147000,4621291000,2916497000,4041660000,None,None,None,453819000,13438024000,2987090000,-2713162000,20000000,USD,-41635000,-57339000,-346322000,87042000,66641000,91938000,35307000,-388921000,122368000,-131852000,122532000,-346101000,184581000,-9804000,None,1187000,13432000,257790000,391544000,-12897000,-5747000,-137599000,290.55,302.19
2,2019-12-31,USD,927880000,517453000,78182000,849698000,80565000,30932000,None,None,40329000,None,73032000,None,80565000,178648000,38797000,9397000,-39973000,-39973000,None,None,None,9397000,-51701000,None,40329000,30932000,None,USD,12994322000,None,None,188780000,8891105000,4103217000,901130000,None,10497000,4277034000,3683145000,None,4144806000,631951000,5100379000,4548609000,1415000,39517000,7599619000,3641354000,336727000,4103217000,2469468000,248152000,3354987000,103003000,551770000,None,None,10497000,None,4277034000,-677650000,None,1310268000,None,106354000,1301203000,4548609000,3685061000,4586191000,None,None,None,453819000,12994322000,3101419000,-2640940000,20000000,USD,-61887000,-46294000,-688088000,444228000,213526000,227703000,23981000,-20661000,30932000,-50954000,409431000,9383000,354316000,-9804000,None,-1521000,22325000,35784000,1070614000,26831000,450000,-50504000,375.82,290.55
3,2019-09-30,USD,1150214000,565413000,89755000,1060459000,244740000,156326000,None,None,205354000,None,92455000,None,244740000,157851000,38075000,49028000,-39122000,-39122000,None,None,None,49028000,-52387000,None,205354000,156326000,None,USD,12856202000,None,None,194250000,8798134000,4058068000,895090000,None,10497000,4255906000,3649130000,None,4239438000,525231000,5044172000,4497912000,2348000,17151000,7589572000,3470571000,320992000,4058068000,2413350000,235383000,3296774000,102357000,546260000,None,None,10497000,None,4255906000,-525653000,None,1363359000,None,111708000,1305970000,4497912000,3720623000,4615713000,None,None,None,453761000,12856202000,2938581000,-2570568000,20000000,USD,-519650000,-35579000,-519650000,3605000,156059000,168692000,32308000,-8066000,156326000,162624000,162624000,-217000,6515000,-9804000,None,-1327000,20735000,47854000,742123000,None,None,162624000,390.04,375.82
4,2019-06-30,USD,1079249000,534472000,97935000,981314000,213865000,132422000,None,None,174714000,None,87935000,None,213865000,145042000,37835000,42292000,-38888000,-38888000,None,None,None,42292000,-53711000,None,174714000,132422000,None,USD,12474744000,None,None,188153000,8605721000,3869023000,836521000,None,10497000,4109384000,3565639000,None,3998155000,519831000,4935074000,4343935000,1181000,-26743000,7173570000,3420051000,313050000,3869023000,2336585000,274450000,3136112000,101032000,591139000,None,None,10497000,None,4109384000,-677650000,None,1443583000,None,124490000,1312831000,4343935000,3782332000,4618853000,None,None,None,453535000,12474744000,2856416000,-2477573000,20000000,USD,-48024000,94054000,-732239000,163033000,178145000,192679000,24330000,-20708000,132422000,-158634000,380926000,-2559000,167670000,-9796000,None,2110000,-18377000,6808000,847248000,-19579000,4764000,-153870000,378.55,390.04
5,2019-03-31,USD,725532000,476815000,-5209000,730741000,27237000,831000,None,None,-10350000,None,65253000,None,27237000,161480000,37334000,-11181000,-37334000,-37334000,None,-44000,None,-11181000,-199000,None,831000,831000,None,USD,11891713000,None,None,174100000,8199324000,3692389000,786156000,None,10497000,3976962000,3479128000,None,136276000,673701000,4720196000,4163323000,174812000,-70746000,7933971000,3442376000,300736000,3692389000,2235397000,255674000,3120671000,103504000,556873000,None,None,10497000,None,3976962000,-677660000,None,78354000,None,136276000,1042652000,4163323000,2692972000,3479128000,None,None,None,453326000,11891713000,2909098000,-3088056000,20000000,USD,-77355000,24973000,-569944000,52014000,90660000,156662000,75796000,-71484000,831000,-315403000,97879000,-105376000,173453000,-9794000,None,-4634000,-33038000,4201000,544603000,4431000,4719000,-310684000,371.51,378.55
6,2018-12-31,USD,919091000,478461000,77018000,842073000,138102000,78635000,0,None,103022000,None,75383000,None,138102000,150127000,34827000,24387000,None,None,None,None,None,24387000,-34827000,None,78635000,78635000,None,USD,11645760000,None,None,177918000,7953720000,3692040000,776062000,None,10497000,3985927000,3460596000,None,5329291000,984385000,4493124000,3975764000,None,-79850000,7472964000,3615752000,332532000,3692040000,2127342000,229920000,2962973000,96187000,517360000,None,None,10497000,None,3985927000,-677650000,None,83839000,None,140673000,None,3531534000,2684534000,3460596000,None,None,None,453116000,11645760000,3111727000,-2979760000,20000000,USD,-50563000,-74288000,-134100000,127284000,215218000,298051000,82833000,-18864000,78635000,339597000,175646000,387000,151832000,-9796000,None,-4511000,16054000,15556000,210821000,8035000,-7652000,331945000,328.11,371.51
7,2018-09-30,USD,1104507000,529350000,92175000,1012332000,250944000,163542000,0,None,215660000,None,93504000,None,250944000,138534000,35030000,None,None,None,None,None,None,52118000,-35040000,None,163542000,163542000,None,USD,11323845000,0,None,183350000,7690678000,3633167000,767354000,None,10497000,3917087000,3468921000,0,5478596000,652440000,4221757000,3686572000,None,-69773000,7414473000,3182185000,407774000,3633167000,2015402000,237922000,2660480000,93071000,535185000,0,0,10497000,0,3917087000,-677650000,None,180475000,None,138938000,None,None,2701567000,3468921000,None,None,None,453006000,11323845000,2667842000,-2881613000,20000000,USD,-103104000,-33886000,-421216000,248285000,36934000,88064000,70720000,719000,163542000,-391000,332761000,6683000,151589000,-19590000,0,2823000,90000,37944000,530397000,4066000,2492000,2101000,356.65,328.11
8,2018-06-30,USD,1019577000,496554000,98435000,921142000,204704000,127849000,0,None,169197000,None,87426000,None,204704000,132458000,35254000,None,None,None,None,None,None,41348000,-35254000,None,127849000,127849000,None,USD,11001484000,0,None,183536000,7505339000,3496145000,728807000,None,10497000,3763339000,3401179000,0,5463502000,650339000,4104160000,3586127000,3586127000,-52903000,7104284000,3118125000,396622000,3496145000,1950876000,238473000,2556722000,94901000,518033000,0,0,10497000,0,3763339000,-677650000,None,248320000,None,134133000,None,None,2672372000,3401179000,None,None,None,452862000,11001484000,2601215000,-2799455000,20000000,USD,-80716000,97370000,-445876000,182987000,-55923000,-28195000,37523000,-16782000,127849000,-104774000,369297000,-11217000,149737000,-9795000,0,-7170000,-14543000,25066000,584147000,-12338000,-4275000,-109049000,356.15,356.65
9,2018-03-31,USD,757621000,460506000,81347000,676274000,2770000,10843000,0,0,-30010000,0,63185000,None,2770000,152823000,32780000,None,None,None,0,-3010000,0,-40853000,-29589000,0,10843000,10843000,None,USD,10746985000,0,None,165692000,7338277000,3408708000,692384000,None,10497000,3635561000,3314523000,0,5147165000,759388000,4023754000,3513076000,254856000,-12446000,6816741000,3161631000,399064000,3408708000,1919860000,226814000,2274463000,89877000,510678000,3408708000,452746000,10497000,-151997000,3635561000,-677660000,None,244782000,None,124767000,None,None,2622139000,3314523000,None,None,None,452746000,10746985000,2679248000,-2721142000,20000000,USD,-43610000,-42262000,-319030000,117853000,-58306000,-37906000,30193000,-29456000,10843000,-259629000,97307000,-44564000,151524000,-9793000,0,5026000,12330000,-16523000,393273000,33263000,-3870000,-263499000,345.1,356.15
10,2017-12-31,USD,842882000,438071000,79163000,763719000,303137000,528894000,0,0,271579000,0,71902000,None,303137000,143013000,31558000,None,None,None,0,-192404000,0,-257315000,160846000,0,528894000,528894000,None,USD,10496959000,0,None,147375000,7083792000,3413167000,699039000,None,10497000,3643253000,2448381000,0,2454932000,1022887000,3963863000,3493908000,1253000,-15552000,6487679000,3383030000,407822000,3413167000,1868314000,248782000,2997525000,95672000,469955000,0,0,10497000,0,3643253000,-677650000,None,93608000,None,124820000,None,None,2420890000,3119929000,None,None,None,452619000,10496959000,2891201000,-2632909000,20000000,USD,-36850000,-58338000,100711000,353981000,-20612000,25290000,45902000,-61428000,528894000,255345000,129344000,-81548000,148211000,-19587000,0,3626000,-11764000,-438583000,216420000,27082000,-809000,254536000,377.91,345.1
11,2017-09-30,USD,1042686000,492482000,89975000,952711000,229381000,124639000,0,0,197358000,0,91926000,None,229381000,138922000,32023000,None,None,None,0,0,0,72719000,0,0,124639000,124639000,None,USD,10082890000,0,None,83673000,7190468000,2892422000,944223000,45000000,10497000,3124152000,2415601000,0,2426924000,768351000,3863087000,3422077000,2167000,-17051000,6388321000,3071539000,395327000,2892422000,1843768000,275054000,2970513000,100693000,441010000,0,0,10497000,0,3124152000,-677650000,None,101767000,None,125936000,None,None,2383158000,3327381000,None,None,None,452474000,10082890000,2612119000,-2551064000,20000000,USD,-89475000,8205000,-246161000,117107000,-115064000,-107869000,26782000,2099000,124639000,-41024000,313006000,3353000,145040000,-19587000,0,-9054000,0,46726000,273793000,-5903000,5853000,-35171000,374.9,377.91
12,2017-06-30,USD,957925000,416924000,95315000,862610000,229031000,126207000,0,0,198686000,0,83652000,None,229031000,133003000,30345000,None,None,None,0,0,0,72479000,0,0,126207000,126207000,None,USD,9801140000,0,None,80118000,7038076000,2763064000,891940000,45000000,10497000,3019100000,2364298000,0,2336965000,803522000,3818973000,3386851000,3390204000,-41202000,6188541000,3007947000,376224000,2763064000,1763031000,267902000,2847455000,93374000,432122000,0,0,10497000,0,3019100000,-677650000,None,99550000,None,128878000,None,None,2327163000,3219103000,None,None,None,452319000,9801140000,2566553000,-2457890000,20000000,USD,-97216000,71648000,-432468000,145007000,32341000,137089000,104748000,68506000,126207000,101292000,396671000,66770000,138676000,0,0,-11982000,0,6386000,480259000,-1034000,4424000,105716000,366.06,374.9
13,2017-03-31,USD,708771000,395436000,79102000,629669000,43579000,9548000,0,0,13536000,0,60039000,None,43080000,131114000,29544000,None,None,None,0,0,0,3988000,-85715000,0,9548000,9548000,None,USD,9405840000,0,None,124728000,6786096000,2619744000,863705000,None,10497000,2892893000,2237666000,0,1948228000,697806000,3713421000,3262880000,4903000,-58168000,5957735000,2832990000,367830000,2619744000,1663768000,264249000,2773955000,82439000,450541000,2619744000,452172000,10497000,-151997000,2892893000,-677660000,None,117072000,None,130213000,None,None,2208970000,3072675000,None,None,None,452172000,9405840000,2361574000,-2384033000,20000000,USD,-44153000,-29483000,-400687000,81655000,14072000,10815000,8788000,-4055000,9548000,-300356000,89516000,-115733000,135361000,-19586000,0,-2171000,-2890000,62263000,438189000,29731000,13977000,-286379000,381.19,366.06
14,2016-12-31,USD,790676000,389352000,77940000,712736000,131703000,65228000,0,0,102700000,0,69859000,-499000,132202000,121323000,29003000,None,None,None,0,0,0,37472000,0,0,65228000,65228000,None,USD,9287317000,0,None,54486000,6626613000,2660704000,815508000,None,10497000,2902932000,2201517000,0,2244575000,984185000,3633435000,3198435000,4282062000,-27089000,5604681000,3109734000,376813000,2660704000,1700581000,290800000,2775003000,79682000,435000000,0,0,10497000,0,2902932000,-677650000,None,78049000,None,118040000,None,None,2177670000,2993178000,None,None,None,452014000,9287317000,2684766000,-2314849000,20000000,USD,-60798000,-21206000,-177504000,103333000,55501000,68512000,35484000,33914000,65228000,68458000,177450000,29835000,127200000,-19585000,-2888000,773000,0,2101000,220039000,-26481000,-5600000,62858000,369.59,381.19
15,2016-09-30,USD,998911000,398213000,87788000,911123000,307206000,176475000,0,0,278991000,0,89811000,None,307206000,115893000,28215000,None,None,None,0,0,0,102516000,0,0,176475000,176475000,None,USD,9007118000,0,None,87968000,6392204000,2614914000,819325000,None,10497000,2857289000,2169269000,0,2189697000,921327000,3431411000,2992490000,4080618000,-27131000,5434063000,2986738000,382065000,2614914000,1632420000,263414000,2645659000,81609000,438921000,0,0,10497000,0,2857289000,-677650000,None,85600000,None,118652000,None,None,2141468000,2960793000,None,None,None,451909000,9007118000,2553747000,-2244417000,20000000,USD,-37835000,-14858000,-198612000,163213000,70577000,87822000,20505000,-5991000,176475000,281259000,392049000,9558000,126315000,-19586000,-3260000,1717000,0,85695000,323990000,7147000,-6120000,275139000,324.23,369.59
16,2016-06-30,USD,923409000,385082000,90365000,833044000,259775000,147173000,0,0,233131000,0,84864000,None,259775000,103323000,26644000,None,None,None,0,0,0,85958000,0,0,147173000,147173000,None,USD,8543809000,0,None,94540000,6124522000,2419287000,719082000,None,10497000,2680814000,2129778000,0,2111550000,646188000,3307168000,2827052000,3899780000,-46147000,5305713000,2749939000,280860000,2419287000,1656159000,270129000,2414128000,82923000,480116000,0,0,10497000,0,2680814000,-677650000,None,80467000,None,126830000,None,None,2098272000,2817354000,None,None,None,451773000,8543809000,2302347000,-2191507000,20000000,USD,-78451000,66849000,-367711000,148027000,17477000,56604000,60106000,29184000,147173000,49939000,361046000,30557000,122924000,-19586000,-1393000,-4391000,0,7988000,437287000,-10054000,-4397000,45542000,374.55,324.23
17,2016-03-31,USD,683197000,344440000,73437000,609760000,106736000,52568000,0,0,80313000,0,59954000,None,106736000,98630000,26423000,None,None,None,0,0,0,27745000,-97170000,0,52568000,52568000,None,USD,8150725000,0,None,134300000,5899319000,2251406000,676396000,None,10497000,2533641000,2054336000,0,1739634000,600646000,3191371000,2688758000,14845000,-66711000,5017511000,2586184000,310072000,2251406000,1510538000,260944000,2334951000,79756000,502613000,0,0,10497000,0,2533641000,-677650000,None,100572000,None,136386000,None,None,2031552000,2707948000,None,None,None,451629000,8150725000,2111184000,-2133733000,20000000,USD,-63782000,4289000,-445452000,75654000,137007000,169046000,30480000,38638000,52568000,-75819000,200587000,44947000,109544000,-78374000,0,-5122000,14765000,-21691000,457324000,-1727000,1838000,-73981000,357.31,374.55
18,2015-12-31,USD,744751000,356156000,71034000,673717000,157902000,81769000,0,0,132495000,0,68808000,None,157902000,90851000,25407000,None,None,None,0,0,0,50726000,0,0,81769000,81769000,None,USD,7762534000,0,None,180628000,5537595000,2224939000,693598000,None,10497000,2500659000,1992259000,0,1955569000,674627000,2870715000,2424671000,None,-60059000,4551001000,2668287000,323039000,2224939000,1463997000,274003000,1984081000,75032000,446044000,0,0,10497000,0,2500659000,-677650000,None,90989000,None,129218000,None,None,1973282000,2666880000,None,None,None,451492000,7762534000,2138624000,-2074449000,20000000,USD,-96458000,-27561000,-343619000,84404000,-78071000,-56158000,80768000,None,81769000,-281985000,117792000,-134347000,99835000,-58780000,-75000,-1780000,8568000,112890000,331565000,-13014000,-5035000,-287020000,389.5,357.31
19,2015-09-30,USD,962903000,406282000,83309000,879594000,311068000,183379000,0,0,287095000,0,93523000,None,311068000,68721000,23973000,None,None,None,0,0,0,103716000,0,0,183379000,183379000,None,USD,7600545000,0,None,51961000,5456927000,2143618000,570243000,None,10497000,2418890000,1915374000,0,1856168000,961647000,2991643000,2483190000,None,-58949000,4345297000,2706455000,330233000,2143618000,1360780000,260045000,2103580000,72022000,508453000,0,0,10497000,0,2418890000,-677650000,None,93508000,None,125052000,None,None,1895041000,2465284000,None,None,None,450830000,7600545000,2322427000,-2021538000,20000000,USD,-72618000,-1709000,-155246000,185065000,218897000,293984000,98693000,None,183379000,495268000,354931000,14918000,101542000,-19594000,-2413000,-1967000,13618000,-26300000,267693000,85068000,-9183000,486085000,393.47,389.5
