,fiscalDateEnding,reportedCurrency_x,totalRevenue,totalOperatingExpense,costOfRevenue,grossProfit,ebit,netIncome_x,researchAndDevelopment,effectOfAccountingCharges,incomeBeforeTax,minorityInterest,sellingGeneralAdministrative,otherNonOperatingIncome,operatingIncome,otherOperatingExpense,interestExpense,taxProvision,interestIncome,netInterestIncome,extraordinaryItems,nonRecurring,otherItems,incomeTaxExpense,totalOtherIncomeExpense,discontinuedOperations,netIncomeFromContinuingOperations,netIncomeApplicableToCommonShares,preferredStockAndOtherAdjustments,reportedCurrency_y,totalAssets,intangibleAssets,earningAssets,otherCurrentAssets,totalLiabilities,totalShareholderEquity,deferredLongTermLiabilities,otherCurrentLiabilities,commonStock,retainedEarnings,otherLiabilities,goodwill,otherAssets,cash,totalCurrentLiabilities,shortTermDebt,currentLongTermDebt,otherShareholderEquity,propertyPlantEquipment,totalCurrentAssets,longTermInvestments,netTangibleAssets,shortTermInvestments,netReceivables,longTermDebt,inventory,accountsPayable,totalPermanentEquity,additionalPaidInCapital,commonStockTotalEquity,preferredStockTotalEquity,retainedEarningsTotalEquity,treasuryStock,accumulatedAmortization,otherNonCurrrentAssets,deferredLongTermAssetCharges,totalNonCurrentAssets,capitalLeaseObligations,totalLongTermDebt,otherNonCurrentLiabilities,totalNonCurrentLiabilities,negativeGoodwill,warrants,preferredStockRedeemable,capitalSurplus,liabilitiesAndShareholderEquity,cashAndShortTermInvestments,accumulatedDepreciation,commonStockSharesOutstanding,reportedCurrency,investments,changeInLiabilities,cashflowFromInvestment,otherCashflowFromInvestment,netBorrowings,cashflowFromFinancing,otherCashflowFromFinancing,changeInOperatingActivities,netIncome_y,changeInCash,operatingCashflow,otherOperatingCashflow,depreciation,dividendPayout,stockSaleAndPurchase,changeInInventory,changeInAccountReceivables,changeInNetIncome,capitalExpenditures,changeInReceivables,changeInExchangeRate,changeInCashAndCashEquivalents,clossingVal,nextClossingVal
0,2020-06-30,USD,257980000,247141000,230679000,27301000,30195000,6168000,None,None,8212000,None,11438000,None,10839000,None,3453000,2044000,15000,-3438000,None,None,None,2044000,811000,None,6168000,6168000,None,USD,963425000,107991000,None,45778000,746875000,216550000,None,30502000,30981000,266670000,70790000,170039000,5479000,7977000,269584000,None,60122000,-3338000,438024000,241892000,None,-61480000,7195000,180942000,343599000,None,111659000,None,None,None,None,None,None,None,4067000,None,721533000,87514000,None,5824000,477291000,None,None,None,None,None,None,None,None,USD,-9367000,31160000,-9367000,None,-75162000,-75289000,-46000,-10648000,6168000,-18000,83254000,None,18530000,0,-81000,None,None,5503000,9594000,None,None,None,17.38,
1,2020-03-31,USD,382162000,358254000,337288000,382162000,20311000,12163000,None,None,16094000,None,144177000,-3597000,23908000,214077000,4217000,3931000,8000,-4209000,None,None,None,3931000,-3605000,None,12163000,12163000,None,USD,1008455000,112035000,None,27536000,799792000,208663000,65892000,25638000,30981000,260502000,71461000,170039000,4202000,7995000,243594000,57904000,57904000,-5138000,355381000,275993000,None,-73411000,6320000,240462000,420877000,None,160052000,None,None,30981000,None,260502000,-82166000,None,93595000,1412000,732462000,89498000,420877000,69429000,556198000,None,None,None,4484000,1008455000,7995000,None,26925201,USD,-360000,-719000,-30853000,2282000,21023000,10373000,-46000,-2470000,12163000,4686000,25166000,-2446000,19664000,-5731000,-4919000,None,None,2944000,32775000,-6440000,None,4686000,13.1,17.38
2,2019-12-31,USD,375932000,360428000,332517000,375932000,16126000,8737000,None,None,11642000,None,139982000,622000,15504000,220446000,4484000,2906000,16000,-4467000,None,None,None,2905000,606000,None,8737000,8737000,None,USD,987997000,116111000,None,32813000,782780000,205217000,65692000,27484000,30972000,251204000,71395000,168451000,4560000,7726000,251575000,59476000,59476000,-4010000,339823000,271843000,None,-79345000,9369000,231304000,398136000,7163000,164615000,None,None,30972000,None,251204000,-77247000,None,90309000,1460000,716154000,89158000,398136000,67377000,531205000,None,None,None,4298000,987997000,7726000,None,27282230,USD,350000,598000,-66007000,-69813000,70909000,70910000,-46000,-12476000,8737000,963000,-3940000,-53902000,21772000,0,1000,None,14552000,8183000,19001000,10672000,None,963000,18.96,13.1
3,2019-09-30,USD,375485000,382838000,333500000,375485000,-7176000,-8420000,None,None,-11267000,None,141837000,177000,-7353000,241001000,4091000,-2847000,14000,-4077000,None,None,None,-2847000,163000,None,-8420000,-8420000,None,USD,934729000,106989000,None,28130000,736814000,197915000,56243000,24860000,30972000,245332000,61461000,158416000,5281000,6485000,292251000,59894000,59894000,-5439000,317623000,266792000,None,-67490000,9139000,232177000,326662000,None,207497000,None,None,30972000,None,245332000,-77248000,None,82548000,2361000,667937000,81300000,326662000,61658000,444563000,None,None,None,4298000,934729000,6485000,None,27282230,USD,597000,327000,-31197000,3830000,22024000,-8722000,-46000,673000,-8420000,220000,40139000,38958000,18953000,-5960000,-24786000,None,-8115000,-5814000,35624000,-3865000,None,28000,23.28,18.96
4,2019-06-30,USD,383175000,352459000,330017000,383175000,30833000,19972000,None,None,26714000,None,141878000,117000,30716000,210581000,4119000,6742000,21000,-4098000,None,None,None,6742000,96000,None,19972000,19972000,None,USD,928184000,111220000,None,31670000,690811000,237373000,65751000,26298000,30972000,259712000,70500000,159313000,5699000,6459000,251079000,56276000,56276000,-5147000,300501000,265228000,None,-33160000,9646000,227099000,308110000,None,168505000,None,None,30972000,None,259712000,-52462000,None,89396000,2526000,662956000,87420000,308110000,65871000,439732000,None,None,None,4298000,928184000,6459000,None,28383827,USD,557000,284000,-35552000,259000,-5385000,-8366000,None,-6047000,19972000,153000,44071000,-24888000,17561000,-2981000,None,None,17113000,9279000,14338000,21863000,-30000,123000,22.47,23.28
5,2019-03-31,USD,377406000,350893000,327464000,377406000,27488000,17297000,None,None,23097000,None,141014000,975000,26513000,209879000,4391000,5800000,22000,-4369000,None,None,None,5800000,953000,None,17297000,17297000,None,USD,919725000,106142000,None,28037000,699071000,220654000,55468000,25021000,30972000,242721000,59435000,147935000,6094000,6336000,264235000,53501000,53501000,-4875000,300262000,275464000,None,-33423000,10208000,241091000,316124000,None,185713000,None,None,30972000,None,242721000,-52462000,None,87022000,2900000,644261000,84298000,316124000,63244000,434836000,None,None,None,4298000,919725000,6336000,None,28383827,USD,-10304000,-935000,-10304000,913000,-30433000,-37075000,-541000,-10314000,17297000,387000,47766000,24654000,17065000,-6101000,None,None,-1752000,-4066000,10790000,-6249000,222000,609000,19.68,22.47
6,2018-12-31,USD,386378000,368470000,323939000,386378000,16429000,9020000,0,0,11626000,0,143546000,-1479000,17908000,224924000,4803000,None,None,None,0,0,0,2606000,-16783000,0,9020000,9020000,None,USD,843147000,113775000,None,29163000,633848000,209299000,59228000,6601000,30967000,231525000,64130000,145152000,5728000,5727000,221169000,51903000,51903000,-4961000,303234000,275258000,None,-49628000,9333000,240368000,348549000,6751000,169266000,None,None,30967000,None,231525000,-52462000,None,3179000,2549000,567889000,None,348549000,4902000,412679000,None,None,None,4230000,843147000,5727000,None,28378827,USD,-497000,-19847000,-83922000,-71047000,75723000,67394000,-2275000,1138000,9020000,4472000,21000000,4064000,15308000,-2980000,-98000,None,6773000,5118000,12378000,7337000,-1290000,3182000,18.09,19.68
7,2018-09-30,USD,374292000,351762000,312957000,374292000,24297000,15055000,0,0,19973000,0,136711000,1767000,22530000,215051000,4324000,None,None,None,0,0,0,4918000,-2557000,0,15055000,15055000,None,USD,768960000,75844000,None,25825000,564239000,204721000,45317000,6818000,30955000,225485000,49644000,114097000,5988000,2545000,270290000,84956000,84956000,-3429000,298633000,274398000,None,14780000,10433000,235595000,244305000,0,185334000,0,0,30955000,0,225485000,-52364000,None,3372000,2616000,494562000,None,244305000,4327000,293949000,None,None,None,4074000,768960000,12978000,None,28371327,USD,2690000,-8589000,-82489000,-62593000,56225000,52373000,-39000,9018000,15055000,411000,30527000,-4907000,14810000,-2981000,-832000,0,2808000,3113000,22586000,11045000,470000,881000,36.8,18.09
8,2018-06-30,USD,365925000,339673000,303782000,365925000,26606000,17669000,0,0,23634000,0,135090000,354000,26252000,204583000,2972000,None,None,None,0,0,0,5965000,-2618000,0,17669000,17669000,None,USD,687911000,41203000,None,21074000,495133000,192778000,34899000,5808000,30955000,213411000,38446000,84827000,8376000,1664000,236068000,51605000,51605000,-4130000,284374000,269131000,None,66748000,12526000,233867000,220619000,0,184463000,0,0,30955000,0,213411000,-51532000,None,4792000,3584000,418780000,None,220619000,3547000,259065000,None,None,None,4074000,687911000,14190000,None,28394892,USD,-380000,9157000,-24549000,-34734000,1597000,-1830000,-446000,2633000,17669000,887000,27266000,-3581000,13333000,-2981000,0,0,-12870000,1814000,24285000,-11126000,-1368000,-481000,26.25,36.8
9,2018-03-31,USD,335113000,318009000,283231000,335113000,16726000,10434000,0,0,14156000,0,130947000,-378000,17104000,187062000,2570000,None,None,None,0,0,0,3722000,-3148000,0,10434000,10434000,None,USD,662468000,41995000,None,18916000,483063000,179405000,33388000,72198000,30955000,198723000,2658000,84827000,136317000,2145000,224258000,48204000,48204000,-2815000,272665000,253486000,None,52583000,11932000,220493000,222759000,0,176054000,0,0,30955000,0,198723000,-51532000,None,5341000,4154000,408982000,None,222759000,2658000,258805000,None,None,None,4074000,662468000,14077000,None,28394892,USD,2692000,20893000,-38239000,1255000,17142000,20890000,5736000,-7937000,10434000,-1241000,16108000,3769000,12303000,-1988000,0,0,-23177000,-807000,7336000,-30484000,1714000,473000,21.15,26.25
10,2017-12-31,USD,314023000,300911000,264630000,314023000,13257000,24401000,0,0,11011000,0,123701000,145000,13112000,177210000,2246000,None,None,None,0,0,0,-13390000,-9873000,0,24401000,24401000,None,USD,610592000,31259000,None,20618000,441827000,168765000,32361000,73820000,30943000,186226000,3288000,74484000,114731000,1672000,199070000,40870000,40870000,-713000,267195000,228666000,None,63022000,15144000,191232000,207108000,5342000,158200000,0,0,30943000,0,186226000,-51532000,None,4834000,4154000,381926000,None,207108000,3288000,242757000,None,None,None,3841000,610592000,16816000,None,28382392,USD,860000,-13762000,-16186000,497000,4334000,1376000,-3137000,7094000,24401000,-1390000,13420000,2218000,13412000,-1987000,-971000,0,-29398000,-14037000,16683000,1188000,165000,-1225000,23.75,21.15
11,2017-09-30,USD,313001000,316485000,266657000,313001000,-2734000,-3305000,0,0,-5271000,0,123347000,750000,-3484000,193138000,2537000,None,None,None,0,0,0,-1966000,0,0,-3305000,-3305000,None,USD,603855000,32522000,None,23198000,457547000,146308000,43308000,66887000,30932000,163812000,3019000,74484000,112282000,2897000,206866000,39186000,39186000,-1559000,263441000,228132000,None,39302000,14648000,187389000,204354000,0,167680000,0,0,30932000,0,163812000,-50561000,None,5112000,164000,375723000,None,204354000,3019000,250681000,None,None,None,3684000,603855000,17545000,None,28416777,USD,324000,29182000,-12692000,352000,-6796000,-9304000,-124000,-2518000,-3305000,1388000,23384000,8034000,11875000,-1991000,-517000,0,25242000,-7227000,13368000,-15175000,-530000,858000,20.45,23.75
12,2017-06-30,USD,305199000,298782000,262971000,305199000,6905000,2739000,0,0,4400000,0,127437000,488000,6417000,171345000,2505000,None,None,None,0,0,0,1661000,0,0,2739000,2739000,None,USD,596479000,33764000,None,30488000,445273000,151206000,50064000,52936000,30932000,169108000,2912000,74484000,114097000,2039000,178765000,36702000,250234000,-2474000,260776000,221606000,None,42958000,14117000,174962000,213532000,0,142063000,0,0,30932000,0,169108000,-50044000,None,5685000,164000,374873000,None,213532000,2912000,266508000,None,None,None,3684000,596479000,16156000,None,28442894,USD,536000,8277000,-14936000,168000,-6165000,-8156000,-124000,6744000,2739000,-1885000,21207000,-7473000,11622000,-1991000,0,0,12715000,5463000,15640000,579000,571000,-1314000,15.0,20.45
13,2017-03-31,USD,284442000,275273000,243586000,284442000,9251000,4318000,0,0,7001000,0,120030000,82000,9169000,155243000,2250000,None,None,None,0,0,0,2683000,0,0,4318000,4318000,None,USD,583073000,35382000,None,23564000,431547000,151526000,44838000,42354000,30932000,168360000,2359000,74484000,115363000,3353000,163029000,34969000,34969000,-1406000,255237000,212473000,None,41660000,14618000,170938000,221321000,0,128060000,0,0,30932000,0,168360000,-50044000,None,5334000,163000,370600000,None,221321000,2359000,268518000,None,None,None,3684000,583073000,17971000,None,28442894,USD,536000,16838000,-17475000,194000,-5084000,-7075000,None,5272000,4318000,1288000,25838000,5272000,10407000,-1991000,0,0,7130000,-2199000,17669000,-8798000,310000,1598000,14.35,15.0
14,2016-12-31,USD,264051000,258202000,228427000,264051000,6379000,2723000,0,0,4410000,0,111723000,530000,5849000,146479000,1969000,None,None,None,0,0,0,1687000,-7175000,0,2723000,2723000,None,USD,570457000,37189000,None,28674000,422725000,147732000,47819000,44016000,30919000,166033000,3486000,74484000,116729000,1755000,144516000,34555000,34455000,-2627000,246277000,207451000,None,36059000,14359000,162663000,226812000,8617000,109961000,0,0,30919000,0,166033000,-50044000,None,4892000,164000,363006000,92000,226904000,3486000,278209000,None,None,None,3451000,570457000,16114000,None,28430394,USD,504000,-4691000,-17995000,201000,12227000,10238000,-396000,-403000,2723000,-70000,7687000,-6786000,10030000,-1989000,0,0,-7510000,9019000,18700000,-2608000,281000,211000,16.35,14.35
15,2016-09-30,USD,271493000,261466000,231723000,271493000,10212000,4997000,0,0,8119000,0,107534000,185000,10027000,153932000,2093000,None,None,None,0,0,0,3122000,0,0,4997000,4997000,None,USD,558231000,39046000,None,23193000,412288000,145943000,40155000,46724000,30900000,165299000,3235000,74484000,118115000,1544000,154806000,32441000,32441000,-3408000,236499000,203617000,None,32413000,13786000,165094000,213934000,0,122365000,0,0,30900000,0,165299000,-50044000,None,4522000,63000,354614000,115000,214049000,3278000,257482000,None,None,None,3196000,558231000,15330000,None,28412746,USD,284000,3913000,-32019000,238000,33708000,14419000,None,-483000,4997000,-2749000,14851000,-483000,9150000,-1988000,-24000,0,6558000,554000,32541000,-3280000,273000,-2476000,13.42,16.35
16,2016-06-30,USD,276813000,260039000,231310000,276813000,16889000,9047000,0,0,14771000,0,106432000,115000,16774000,153607000,2118000,None,None,None,0,0,0,5724000,0,0,9047000,9047000,None,USD,536993000,40915000,None,22452000,393610000,143383000,45969000,44881000,30900000,162291000,3133000,74484000,127329000,4020000,148757000,33233000,33233000,-2984000,207707000,201957000,None,27984000,14254000,161231000,195615000,0,115524000,0,0,30900000,0,162291000,-50020000,None,4786000,7144000,335036000,136000,195751000,3133000,244853000,None,None,None,3196000,536993000,18274000,None,28414346,USD,-5000,-3814000,-8331000,1669000,-9290000,-6787000,4494000,-6171000,9047000,-7476000,7642000,-6171000,9220000,-1989000,-2000,0,2849000,2745000,9995000,-3385000,-235000,-7711000,12.9,13.42
17,2016-03-31,USD,260394000,246464000,218567000,260394000,14191000,7477000,0,0,12105000,0,104358000,261000,13930000,142106000,2086000,None,None,None,0,0,0,4628000,0,0,7477000,7477000,None,USD,534194000,42787000,None,16026000,397849000,136345000,46178000,42093000,30895000,155232000,2803000,74484000,131081000,11731000,179768000,64595000,64595000,-2880000,206497000,196616000,None,19074000,13378000,155481000,168930000,0,115173000,0,0,30895000,0,155232000,-50018000,None,5039000,8771000,337578000,170000,169100000,2803000,218081000,None,None,None,3116000,534194000,25109000,None,28408900,USD,66000,21597000,-35731000,318000,-14551000,-3756000,12783000,692000,7477000,-1038000,38449000,692000,8614000,-1988000,0,0,2785000,-2289000,36115000,2358000,-161000,-1199000,nan,12.9
18,2015-12-31,USD,285991000,267527000,234715000,285991000,18465000,9306000,0,0,15088000,0,107796000,1000,18464000,159731000,3377000,None,None,None,0,0,0,5782000,-8390000,0,9306000,9306000,None,USD,510998000,44665000,None,18122000,379917000,131081000,46840000,44308000,30885000,149743000,4483000,74484000,124278000,12930000,154104000,62404000,61224000,-2443000,177189000,209531000,None,11932000,13431000,165048000,173425000,8622000,91700000,0,0,30885000,0,149743000,-50018000,None,5129000,None,301467000,1065000,174490000,4483000,225813000,None,None,None,2914000,510998000,26361000,None,28398900,USD,110000,-15191000,-12459000,311000,-47183000,-14592000,34578000,336000,9306000,2761000,29812000,3051000,8542000,-1987000,0,0,4424000,4500000,12880000,19604000,-21000,2740000,nan,nan
19,2015-09-30,USD,284214000,267270000,233025000,284214000,17091000,9247000,0,0,15001000,0,98702000,147000,16944000,168568000,2090000,None,None,None,0,0,0,5754000,0,0,9247000,9247000,None,USD,527862000,46954000,None,20871000,404118000,123744000,43175000,51495000,30864000,142424000,3964000,74484000,126627000,10190000,118427000,9524000,None,-2139000,170894000,230341000,None,2306000,13408000,185872000,237284000,0,108903000,0,0,30864000,0,142424000,-50018000,None,5189000,None,297521000,1268000,238552000,3964000,285691000,None,None,None,2613000,527862000,23598000,None,28378179,USD,6000,-3360000,-3848000,302000,30388000,-12468000,-6428000,None,9247000,3168000,19484000,5762000,8725000,-1986000,-34442000,0,16878000,-860000,4156000,-30000,-685000,2483000,nan,nan
