,fiscalDateEnding,reportedCurrency_x,totalRevenue,totalOperatingExpense,costOfRevenue,grossProfit,ebit,netIncome_x,researchAndDevelopment,effectOfAccountingCharges,incomeBeforeTax,minorityInterest,sellingGeneralAdministrative,otherNonOperatingIncome,operatingIncome,otherOperatingExpense,interestExpense,taxProvision,interestIncome,netInterestIncome,extraordinaryItems,nonRecurring,otherItems,incomeTaxExpense,totalOtherIncomeExpense,discontinuedOperations,netIncomeFromContinuingOperations,netIncomeApplicableToCommonShares,preferredStockAndOtherAdjustments,reportedCurrency_y,totalAssets,intangibleAssets,earningAssets,otherCurrentAssets,totalLiabilities,totalShareholderEquity,deferredLongTermLiabilities,otherCurrentLiabilities,commonStock,retainedEarnings,otherLiabilities,goodwill,otherAssets,cash,totalCurrentLiabilities,shortTermDebt,currentLongTermDebt,otherShareholderEquity,propertyPlantEquipment,totalCurrentAssets,longTermInvestments,netTangibleAssets,shortTermInvestments,netReceivables,longTermDebt,inventory,accountsPayable,totalPermanentEquity,additionalPaidInCapital,commonStockTotalEquity,preferredStockTotalEquity,retainedEarningsTotalEquity,treasuryStock,accumulatedAmortization,otherNonCurrrentAssets,deferredLongTermAssetCharges,totalNonCurrentAssets,capitalLeaseObligations,totalLongTermDebt,otherNonCurrentLiabilities,totalNonCurrentLiabilities,negativeGoodwill,warrants,preferredStockRedeemable,capitalSurplus,liabilitiesAndShareholderEquity,cashAndShortTermInvestments,accumulatedDepreciation,commonStockSharesOutstanding,reportedCurrency,investments,changeInLiabilities,cashflowFromInvestment,otherCashflowFromInvestment,netBorrowings,cashflowFromFinancing,otherCashflowFromFinancing,changeInOperatingActivities,netIncome_y,changeInCash,operatingCashflow,otherOperatingCashflow,depreciation,dividendPayout,stockSaleAndPurchase,changeInInventory,changeInAccountReceivables,changeInNetIncome,capitalExpenditures,changeInReceivables,changeInExchangeRate,changeInCashAndCashEquivalents,clossingVal,nextClossingVal
0,2020-06-30,USD,240898000,181910000,None,240898000,58988000,52926000,None,None,58988000,None,181910000,None,58988000,8792000,34177000,6062000,246112000,211935000,None,None,None,6062000,None,None,52926000,52926000,None,USD,29645248000,15853000,5788630000,None,27106909000,2538339000,21439000,24844378000,3510145000,-1115414000,313344000,2715000,22926016000,2318336000,24844378000,None,None,143608000,192041000,2414692000,25788942000,2519771000,2865690000,96356000,1329495000,None,None,None,None,3510145000,None,-1115414000,None,None,1231005000,None,27230556000,119885000,1329495000,911597000,2262531000,None,None,None,None,29645248000,2318336000,None,220219107,USD,-1417725000,-11162000,-1418953000,4000000,-47831000,2050966000,2145072000,-56330000,52926000,606558000,-25455000,-48662000,19524000,-46237000,-38000,None,None,-38081000,5228000,None,None,606558000,10.64,
1,2020-03-31,USD,141095000,2080743000,None,141095000,-1939648000,-1851947000,None,None,-1821563000,None,1962658000,None,-1939648000,118085000,-218535000,30384000,267491000,217857000,None,None,None,30384000,None,None,-1851947000,-1851947000,None,USD,27540382000,17099000,5471966000,None,25032771000,2507611000,51061000,22699375000,3507680000,-1168340000,347812000,2715000,21545214000,1715778000,22699375000,None,None,168271000,195390000,1810124000,24335274000,2487797000,2890475000,94346000,1392118000,None,None,None,None,3507680000,None,-1168340000,None,None,1179780000,None,25730258000,123962000,1392118000,890217000,2333396000,None,None,None,None,27540382000,1715778000,None,220175120,USD,-58923000,-25117000,-74408000,-11542000,324937000,488089000,217973000,-244338000,-1851947000,294960000,-118721000,-199056000,13313000,-46248000,-8573000,None,None,1944086000,3943000,None,None,294960000,10.9,10.64
2,2019-12-31,USD,294311000,-1273989000,None,294311000,1568300000,83750000,None,None,110868000,None,-1254637000,None,1568300000,15163000,55216000,27118000,281451000,226235000,None,None,None,-202498000,-4319000,None,313366000,83750000,None,USD,28846809000,18346000,4923306000,815741000,24532894000,4313915000,52928000,22481504000,3514000000,770366000,341902000,1787651000,21403596000,1409219000,22481504000,510000000,510000000,29549000,201460000,1524229000,24369428000,2507918000,2814682000,115010000,1181447000,3295000,22481504000,None,None,3514000000,None,770366000,None,None,945695000,None,27322580000,119429000,1181447000,817015000,2051390000,None,None,None,None,28846809000,1409219000,None,220229282,USD,319115000,19813000,358716000,44047000,-185409000,-184800000,46894000,61100000,83750000,171312000,-2604000,27905000,17017000,-46245000,-40000,None,None,-151089000,4446000,None,None,171312000,17.7,10.9
3,2019-09-30,USD,294258000,183590000,None,294258000,110668000,84502000,None,None,110668000,None,183590000,None,110668000,13398000,56214000,26166000,284588000,228374000,None,None,None,26166000,-5180000,None,84502000,84502000,None,USD,28930855000,19750000,4596414000,440472000,24641339000,4289516000,67055000,22434734000,3511493000,733059000,329939000,1787651000,22199841000,1245907000,22434734000,None,None,44964000,203391000,1397290000,24564924000,2482115000,2842076000,151383000,1374472000,4026000,22434734000,None,None,3511493000,None,733059000,None,None,957849000,None,27533565000,116924000,1374472000,765078000,2206605000,None,None,None,None,28930855000,1245907000,None,220212134,USD,-710942000,-7871000,-720206000,-6421000,273665000,837966000,615854000,-76027000,84502000,157653000,39893000,-86635000,17780000,-46305000,-5248000,None,None,32117000,2843000,None,None,157653000,16.46,17.7
4,2019-06-30,USD,329633000,199767000,None,329633000,129866000,111810000,None,None,149218000,None,180415000,None,129866000,19352000,-227162000,37408000,281026000,226588000,None,None,None,37408000,-6920000,None,111810000,111810000,None,USD,27986075000,21155000,4323433000,418509000,23757568000,4228507000,57757000,21819013000,3514391000,695003000,321411000,1787651000,21547421000,1076854000,21819013000,None,None,19113000,210285000,1216634000,23860761000,2419701000,2698398000,139780000,277028000,8423000,21819013000,None,None,3514391000,None,695003000,None,None,889589000,None,26769441000,121742000,277028000,1603770000,1938555000,None,None,None,None,27986075000,1076854000,None,220498684,USD,-325993000,16563000,-242200000,86815000,-91562000,437334000,575255000,-41436000,111810000,130983000,-64151000,-111036000,21555000,-46297000,-62000,None,None,-103043000,3022000,None,None,130983000,16.59,16.46
5,2019-03-31,USD,269741000,171592000,0,269741000,98149000,74033000,None,None,98149000,None,171592000,None,98149000,11238000,44574000,24116000,281742000,237168000,None,None,None,24116000,-4295000,None,74033000,74033000,None,USD,27355625000,22560000,4253585000,298581000,23243299000,4112326000,45202000,21243894000,3511731000,629877000,276733000,1787651000,20943885000,950274000,21243894000,None,None,-29282000,217595000,1109220000,23399683000,2302115000,2894778000,158946000,294121000,10488000,21243894000,None,None,3511731000,None,629877000,None,None,818916000,None,26246405000,118520000,294121000,1660082000,1999405000,None,None,None,None,27355625000,950274000,None,220457208,USD,105582000,-28872000,53539000,-49678000,172463000,280249000,155937000,-85848000,74033000,280171000,-53617000,-45831000,13383000,-46254000,-1897000,None,None,-66330000,2365000,None,None,280171000,16.5,16.59
6,2018-12-31,USD,288732000,178488000,56597000,288732000,110244000,81614000,0,0,110244000,0,178488000,None,110244000,12252000,39378000,28183000,286768000,247390000,0,0,0,28630000,-11886000,0,81614000,81613000,None,USD,26939781000,23964000,3899612000,403491000,22883339000,4056442000,25846000,21137486000,3512874000,602482000,307320000,1787651000,20625853000,662905000,21137486000,125000000,125000000,-58914000,227423000,831930000,23424970000,2244827000,287218000,169025000,300870000,10958000,21137486000,None,None,3512874000,None,602482000,None,None,643843000,None,26107851000,None,300870000,1419149000,1745865000,None,None,None,None,26939781000,662905000,None,220255039,USD,-649095000,-23887000,-651979000,419000,10176000,208714000,244859000,-59233000,80311000,-256622000,186643000,-21749000,6762000,-46252000,-69000,None,None,145206000,3303000,None,None,-256622000,15.9,16.5
7,2018-09-30,USD,302045000,179292000,46585000,302045000,122753000,90981000,0,0,122753000,0,179292000,None,122753000,10543000,34874000,31772000,276242000,241368000,0,0,0,31772000,-5716000,0,90981000,90976000,None,USD,26615067000,25506000,4161287000,326499000,22611174000,4003893000,22400000,20892774000,3510949000,568619000,308034000,1800000000,20276567000,919528000,20892774000,1410366000,1410366000,-75675000,237456000,1094566000,22867610000,2178387000,0,175038000,282846000,11774000,20892774000,4003893000,0,3510949000,0,568619000,0,None,602278000,None,25532850000,None,282846000,1413141000,1718387000,None,None,None,None,26615067000,919528000,None,220238231,USD,-262113000,5889000,-296971000,-31992000,-36691000,103990000,185030000,25641000,90981000,76247000,269228000,33421000,9339000,-44012000,-337000,24116000,0,129598000,2866000,None,None,76247000,20.8,15.9
8,2018-06-30,USD,283232000,195572000,43611000,283232000,87660000,65999000,0,0,87660000,0,195572000,None,87660000,14344000,30292000,21661000,255192000,224900000,0,0,0,21661000,-6142000,0,65999000,65995000,None,USD,26480601000,27047000,4215612000,467506000,22499514000,3981087000,27300000,20744526000,3509146000,524031000,310076000,1800000000,20082382000,845332000,20744526000,1444912000,1444912000,-52090000,245954000,3865947000,19931166000,2154040000,2854398000,166217000,280669000,12101000,20744526000,3981087000,0,3509146000,0,524031000,0,None,622836000,None,22627003000,None,280669000,1447064000,1755033000,None,None,None,None,26480601000,3699730000,None,220204691,USD,-317546000,35677000,-315774000,4130000,-18457000,567464000,637847000,11976000,67302000,233823000,-17867000,-25322000,26311000,-44016000,-7910000,0,0,-121835000,2358000,None,None,233823000,22.59,20.8
9,2018-03-31,USD,288142000,186113000,37622000,288142000,102029000,77669000,0,0,102029000,0,186113000,None,102029000,13624000,23966000,24807000,248947000,224981000,0,0,0,24360000,-4983000,0,77669000,77663000,None,USD,25875643000,28589000,3949014000,329859000,21861761000,4013882000,39300000,20106856000,3515506000,546330000,293748000,1787651000,5561650000,612690000,20106856000,1461157000,1461157000,-47954000,259354000,3724864000,19476062000,2197642000,2947414000,164760000,278410000,312794000,20106856000,4013882000,0,3515506000,0,546330000,0,None,599123000,None,22150779000,None,278410000,1437218000,1754928000,None,None,None,None,25875643000,3560104000,None,220460836,USD,-234167000,1814000,-234461000,168000,-13426000,102130000,158771000,11930000,77669000,-65091000,67240000,-2574000,19850000,-39634000,-3581000,0,0,-29519000,462000,None,None,-65091000,21.41,22.59
10,2017-12-31,USD,278143000,192786000,34442000,278143000,85357000,81871000,0,0,85357000,0,192786000,None,85357000,39841000,57964000,None,None,None,0,4520000,0,3486000,-30537000,0,81871000,81855000,None,USD,25741439000,30130000,None,514862000,21726653000,4014786000,37503000,19948300000,3517258000,522520000,303933000,1787651000,5627149000,677788000,19948300000,100000000,100000000,-24992000,280916000,3896708000,19215152000,2197005000,3065769000,153151000,1180121000,271252000,19948300000,4014786000,0,3517258000,0,522520000,0,None,530882000,None,21844731000,None,None,1740893000,1778396000,None,None,None,None,25741439000,3743557000,None,220148824,USD,-220133000,-50106000,-451480000,-241200000,-77241000,-22464000,96651000,-51347000,81871000,-211286000,262658000,-22078000,21154000,-39650000,-2224000,254795000,0,231817000,9853000,None,None,-211286000,20.8,21.41
11,2017-09-30,USD,283869000,188354000,32249000,283869000,95515000,61333000,0,0,95515000,0,188354000,None,95515000,43136000,1191000,None,None,None,0,6224000,0,34182000,0,0,61333000,61319000,None,USD,25695663000,31819000,None,449836000,21710403000,3985260000,51400000,19851910000,3516558000,476226000,317080000,1787651000,5613892000,891075000,19851910000,1541413000,1541413000,-7524000,276316000,4079658000,18971553000,2165790000,3047358000,141225000,266875000,421630000,19851910000,3985260000,0,3516558000,0,476226000,0,None,548666000,None,21616005000,None,266875000,1540195000,1858470000,None,None,None,None,25695663000,3938433000,None,220225406,USD,-280348000,27567000,-282072000,1263000,-8647000,348405000,392242000,39949000,61333000,229602000,163269000,14342000,22080000,-35241000,51000,60480000,0,37947000,2987000,None,None,229602000,19.51,20.8
12,2017-06-30,USD,272540000,184021000,29718000,272540000,88519000,56812000,0,0,88519000,0,184021000,None,88519000,-40877000,1672000,None,None,None,0,-2440000,0,31707000,0,0,56812000,56798000,None,USD,25257784000,33508000,None,487783000,21298939000,3958845000,34300000,19459950000,3514094000,454802000,290388000,1800000000,5712538000,661475000,19459950000,1548601000,1548601000,-10051000,288853000,3935873000,18651109000,2125337000,3132566000,141832000,265423000,456154000,19459950000,3958845000,0,3514094000,0,454802000,0,None,560790000,None,21334260000,None,265423000,1539270000,1838993000,None,None,None,None,25257784000,3794041000,None,220204515,USD,-372078000,24942000,-372264000,4021000,25909000,279681000,292950000,14715000,56812000,-68682000,23901000,-8354000,22334000,-35264000,-3914000,0,0,-71833000,4207000,None,None,-68682000,18.36,19.51
13,2017-03-31,USD,255278000,182714000,29061000,255278000,72564000,46003000,0,0,72564000,0,182714000,None,72564000,13361000,17389000,None,None,None,0,1020000,0,26561000,0,0,46003000,45991000,None,USD,24861458000,35197000,None,400275000,20930308000,3931150000,0,19167293000,3516537000,433417000,241971000,1787651000,5811742000,730168000,19167293000,304280000,304280000,-18804000,293133000,4115920000,18080781000,2108302000,3243408000,142344000,263605000,378591000,19167293000,3931150000,0,3516537000,0,433417000,0,None,540312000,None,8464000,None,263605000,1499410000,1763015000,None,None,None,None,24861458000,3973576000,None,220349111,USD,-879806000,-54791000,-885810000,933000,-48668000,61142000,146619000,19235000,46003000,-764786000,59882000,21342000,21740000,-35243000,-1566000,36237000,0,25588000,6937000,None,None,-764786000,17.74,18.36
14,2016-12-31,USD,293245000,183468000,30078000,293245000,109777000,69275000,0,0,109777000,0,183468000,None,109777000,43046000,49524000,None,None,None,0,22570000,0,40502000,-44006000,0,69275000,69242000,None,USD,24813119000,36886000,None,632760000,20896324000,3916795000,0,19020985000,3515299000,422839000,306854000,1787651000,5291070000,1494960000,19020985000,1568485000,1568485000,-21343000,310620000,4339153000,17777177000,2092258000,2701220000,142973000,1215537000,394056000,19020985000,3916795000,0,3515299000,0,422839000,0,None,527310000,None,34322000,None,None,1875339000,1875339000,None,None,None,None,24813119000,4196180000,None,220177030,USD,-105095000,-32692000,-110460000,2375000,-6515000,58941000,102532000,-15458000,69275000,-17009000,34510000,-63045000,22073000,-35250000,-1826000,140742000,0,38899000,7740000,None,None,-17009000,18.78,17.74
15,2016-09-30,USD,277511000,181187000,29618000,277511000,96324000,61809000,0,0,96324000,0,181187000,None,96324000,7588000,272000,None,None,None,0,-2973000,0,34515000,0,0,61809000,61778000,None,USD,24744214000,38753000,None,None,20824006000,3920208000,0,18918780000,3514858000,388678000,331959000,1787651000,5139194000,1513978000,18918780000,309463000,309463000,16672000,306287000,4148461000,17839151000,2093804000,2520037000,114446000,260114000,573933000,18918780000,3920208000,0,3514858000,0,388678000,0,None,596324000,None,27587000,None,260114000,1645112000,1905226000,None,None,None,None,24744214000,4034015000,None,220207300,USD,-99125000,-13522000,-102741000,3385000,-50770000,569958000,660684000,26294000,61809000,561078000,93861000,25383000,20835000,-35296000,-4660000,191045000,0,-644000,7001000,None,None,561078000,15.05,18.78
16,2016-06-30,USD,273268000,188511000,26844000,273268000,84757000,54287000,0,0,84757000,0,188511000,None,84757000,-16615000,-107000,None,None,None,0,-7734000,0,30470000,0,0,54287000,54255000,None,USD,24132507000,40620000,None,None,20230349000,3902158000,0,18258474000,3517240000,362258000,348889000,1787651000,5121181000,952905000,18258474000,360234000,360234000,22660000,312647000,3547072000,17791449000,2073887000,2482072000,112095000,258660000,569118000,18258474000,3902158000,0,3517240000,0,362258000,0,None,590030000,None,63038000,None,258660000,1713215000,1971875000,None,None,None,None,24132507000,3434977000,None,220482147,USD,-353324000,42643000,-350238000,8559000,35016000,92249000,96172000,2886000,54287000,-7557000,250432000,8371000,20743000,-35247000,-3692000,148493000,0,124388000,5473000,None,None,-7557000,15.47,15.05
17,2016-03-31,USD,258830000,183989000,21185000,258830000,74841000,47569000,0,0,74841000,0,183989000,None,74841000,7383000,16362000,None,None,None,0,3592000,0,27272000,0,0,47569000,47540000,None,USD,23935686000,42948000,None,None,20057056000,3878630000,0,18162974000,3518792000,343421000,307407000,1787651000,5194929000,960465000,18162974000,325203000,325203000,16417000,322822000,3620172000,17498920000,2048031000,2542535000,117172000,256917000,679675000,18162974000,0,0,3518792000,0,343421000,0,None,554308000,None,108865000,None,256917000,1637165000,1894082000,None,None,None,None,23935686000,3503000000,None,220171163,USD,-347392000,15193000,-355601000,1890000,35643000,451956000,456498000,-19966000,47569000,139195000,42840000,-2472000,19430000,-35281000,-4904000,0,0,-36880000,10099000,None,None,139195000,15.86,15.47
18,2015-12-31,USD,284684000,185961000,19916000,284684000,98723000,63019000,0,0,98723000,0,185961000,None,98723000,39137000,43645000,None,None,None,0,45582000,0,35704000,-72181000,0,63019000,62923000,None,USD,23387205000,45508000,None,605410000,19537871000,3849334000,0,17707189000,3520591000,331301000,280642000,1787793000,5182126000,820674000,17707189000,1550040000,1550040000,-2558000,351041000,3475030000,17094508000,2016033000,2522539000,131817000,1245480000,385582000,17707189000,0,0,3520591000,0,331301000,0,None,495243000,None,138082000,None,None,1830682000,1830682000,None,None,None,None,23387205000,3343213000,None,220171091,USD,-530203000,-8027000,-533487000,6940000,-19161000,186501000,241208000,39982000,63019000,-183891000,163095000,-48124000,19086000,-35285000,-261000,52002000,0,137141000,10224000,None,None,-183891000,15.9,15.86
19,2015-09-30,USD,271926000,182686000,22740000,271926000,89240000,57607000,0,0,89240000,0,182686000,None,89240000,0,265000,None,None,None,0,0,0,31633000,0,0,57607000,57523000,None,USD,23162304000,48314000,None,None,19326752000,3835552000,0,17467024000,3517751000,303729000,291649000,1788640000,5194674000,1004520000,17467024000,None,None,14072000,330306000,3611812000,16670024000,1998598000,2482478000,124814000,253665000,421907000,17467024000,0,0,3517751000,0,303729000,0,None,563888000,None,149320000,None,253665000,1606063000,1859728000,None,None,None,None,23162304000,3486998000,None,220216672,USD,-330654000,18849000,-339464000,6725000,-1989000,284994000,323206000,None,57607000,77669000,132139000,14564000,17997000,-33098000,-3125000,0,0,23122000,15535000,None,None,77669000,16.3,15.9
