,fiscalDateEnding,reportedCurrency_x,totalRevenue,totalOperatingExpense,costOfRevenue,grossProfit,ebit,netIncome_x,researchAndDevelopment,effectOfAccountingCharges,incomeBeforeTax,minorityInterest,sellingGeneralAdministrative,otherNonOperatingIncome,operatingIncome,otherOperatingExpense,interestExpense,taxProvision,interestIncome,netInterestIncome,extraordinaryItems,nonRecurring,otherItems,incomeTaxExpense,totalOtherIncomeExpense,discontinuedOperations,netIncomeFromContinuingOperations,netIncomeApplicableToCommonShares,preferredStockAndOtherAdjustments,reportedCurrency_y,totalAssets,intangibleAssets,earningAssets,otherCurrentAssets,totalLiabilities,totalShareholderEquity,deferredLongTermLiabilities,otherCurrentLiabilities,commonStock,retainedEarnings,otherLiabilities,goodwill,otherAssets,cash,totalCurrentLiabilities,shortTermDebt,currentLongTermDebt,otherShareholderEquity,propertyPlantEquipment,totalCurrentAssets,longTermInvestments,netTangibleAssets,shortTermInvestments,netReceivables,longTermDebt,inventory,accountsPayable,totalPermanentEquity,additionalPaidInCapital,commonStockTotalEquity,preferredStockTotalEquity,retainedEarningsTotalEquity,treasuryStock,accumulatedAmortization,otherNonCurrrentAssets,deferredLongTermAssetCharges,totalNonCurrentAssets,capitalLeaseObligations,totalLongTermDebt,otherNonCurrentLiabilities,totalNonCurrentLiabilities,negativeGoodwill,warrants,preferredStockRedeemable,capitalSurplus,liabilitiesAndShareholderEquity,cashAndShortTermInvestments,accumulatedDepreciation,commonStockSharesOutstanding,reportedCurrency,investments,changeInLiabilities,cashflowFromInvestment,otherCashflowFromInvestment,netBorrowings,cashflowFromFinancing,otherCashflowFromFinancing,changeInOperatingActivities,netIncome_y,changeInCash,operatingCashflow,otherOperatingCashflow,depreciation,dividendPayout,stockSaleAndPurchase,changeInInventory,changeInAccountReceivables,changeInNetIncome,capitalExpenditures,changeInReceivables,changeInExchangeRate,changeInCashAndCashEquivalents,clossingVal,nextClossingVal
0,2020-06-30,USD,7976227,8360789,None,None,None,-434814,None,None,-384562,None,1251922,None,None,993935,None,50252,None,None,None,None,None,50252,122826,None,-434814,-434814,None,USD,131012050,None,None,None,76014296,54997754,None,None,3772189,48640390,None,None,3972691,4674661,None,None,None,2585175,8802782,None,87736048,53563077,86412605,20328029,None,None,None,None,None,None,None,None,None,None,None,None,None,None,None,None,None,None,None,None,None,None,None,None,None,USD,899389,-35583,899389,None,None,0,None,-906071,-434814,-601364,-1500753,None,188638,None,0,None,-468134,-297179,202935,None,None,None,5.56,
1,2020-03-31,USD,8005181,3247339,5903340,2101841,-1145498,-1043826,None,None,-1145498,None,2102914,None,-1145498,1144425,None,-101672,None,None,None,None,None,-101672,80951,None,-1043826,-1043826,None,USD,130403775,None,None,None,76673509,53730266,None,None,3772189,49075204,None,None,4575307,5276025,2081486,None,None,882873,10223162,19752264,86889038,53730266,85129966,19752264,None,None,2081486,None,None,3772189,None,49075204,None,None,5744483,None,7794828,None,None,74592023,74592023,None,None,None,None,130403775,None,None,5305742,USD,-406493,248247,-492490,-307840,None,-6240,None,564042,-1043826,-505614,-6884,1092524,181374,None,-6240,None,-427192,-58011,184652,-427192,None,-505614,5.05,5.56
2,2019-12-31,USD,8183276,3343079,7266411,916865,-2426214,-2380419,None,None,-2426214,None,1953297,None,-2426214,1389782,None,-45796,None,None,None,None,None,58737,100391,None,-2484951,-2380419,None,USD,130306525,3620000,None,15809000,75226200,55080325,None,18029000,3772669,50124790,1147044,None,4355737,5781639,2130300,None,None,1182866,10226595,25212772,86891827,55080325,85696525,19431133,None,None,2130300,None,None,3772669,None,50124790,None,None,430305,None,7545026,None,None,73095900,73095900,None,None,None,None,130306525,5781639,None,5306720,USD,5605225,-1009628,-2215956,5129530,None,-175,-15359,3038369,-2380419,-1746298,469833,-262029,138915,None,-175,None,213971,131766,354757,6095384,None,-1746298,6.3,5.05
3,2019-09-30,USD,8258966,2749320,5178920,3080046,330726,212467,None,None,330726,None,1554450,None,330726,1194870,None,118259,None,None,None,None,None,-118259,114531,None,448985,212467,None,USD,130209805,4633161,None,15673289,72732655,57477150,None,18797953,3772682,52505371,None,None,4167558,7527937,2278709,None,None,1199097,10034945,19544907,85135950,57477150,82317804,19544907,None,None,2278709,None,None,3772682,None,52505371,None,None,7820172,None,7673831,None,None,70453946,70453946,None,None,None,None,130209805,None,None,5306747,USD,2068056,1288722,1810404,6990730,None,0,None,-1302434,212467,1936852,126448,1673112,162084,None,0,None,-3328298,118361,257652,-3328298,None,1936852,6.5,6.3
4,2019-06-30,USD,7795098,3037740,5100028,2695070,-342670,-276677,None,None,-342670,None,1748259,None,-342670,1289481,None,-65993,None,None,None,None,None,65993,168928,None,-408663,-276677,None,USD,126471669,4230258,None,12004269,69566096,56905573,None,18086103,3772682,52292904,None,None,4346435,5591085,1650203,None,None,839987,9909957,16333312,86662256,56905573,81470712,16333312,None,None,1650203,None,None,3772682,None,52292904,None,None,5848479,None,7717665,None,None,67915893,67915893,None,None,None,None,126471669,None,None,5306747,USD,-1743573,1083079,1983893,4922670,None,-2121,None,-657497,-276677,1944951,-36821,-1595416,122970,None,-2121,None,728119,-98896,256216,728119,None,1944951,6.15,6.5
5,2019-03-31,USD,7135474,2742642,5204564,1930910,-811732,-671074,None,None,-811732,None,1655929,None,-811732,1086713,None,-140660,None,None,None,None,None,-140658,-249982,None,-671074,-671074,None,USD,126189589,3932618,None,13177236,69969356,56220233,None,16869329,3772857,52571527,None,None,4265530,3646130,1767156,None,None,-124151,9788819,16936472,87775695,56220233,81386798,16936472,None,None,1767156,None,None,3772857,None,52571527,None,None,3852294,None,7836309,None,None,68202200,68202200,None,None,None,None,126189589,None,None,5307103,USD,-5788457,483575,2451042,2682560,None,-2121,None,-3268312,-671074,-1271628,-3722670,54467,141907,None,None,None,-3592975,-138570,231521,-3592975,None,-1271628,6.0,6.15
6,2018-12-31,USD,8001419,3351568,5239603,2761816,-589752,-468680,0,0,-589752,0,1954940,None,-589752,1396628,0,-121070,None,None,0,0,0,116398,0,0,-706150,-468680,None,USD,125616966,3489728,None,9924065,69701544,55915422,None,16199031,3772857,53242601,1034375,None,5064432,4917762,1845358,None,None,-1100036,9560820,18381113,89120873,55915422,4690954,13463351,None,None,1845358,None,None,3772857,None,53242601,None,None,688948,None,7865212,None,None,67856186,67856186,None,None,None,None,125616966,4917762,None,5307103,USD,8755335,174334,-227760,-2221570,None,-2121,26634,1180118,-468679,505093,732853,-260183,-26802,None,-432,None,270690,647195,1187,193534,None,505093,6.38,6.0
7,2018-09-30,USD,8161034,3291174,5682001,2479033,-812141,-661925,0,0,-812141,0,1915952,None,-812141,1375222,0,-150220,None,None,0,0,0,-150216,0,0,-661925,-661925,None,USD,123591906,3603930,None,8911274,67698208,55893698,None,16525028,3772857,53711280,67698000,None,4897510,4412669,1932838,None,None,-1590439,9693555,12595937,88388305,55893698,200000,12595937,None,None,1932838,None,None,3772857,None,53711280,None,None,4925407,None,7988702,None,None,65765370,65765370,None,None,None,None,123591906,None,None,5307103,USD,-2648769,-336054,-2659926,-1995000,None,-216,None,172345,-661925,-3422531,-762389,-485646,167429,None,216,None,248602,-150111,11157,703929,None,-3422531,7.05,6.38
8,2018-06-30,USD,8643452,3386676,4969744,3673708,287032,168297,0,0,287032,0,1871200,None,287032,1515476,0,118740,None,None,0,0,0,-118735,0,0,405767,168297,None,USD,125499491,3717504,None,9218544,68732508,56766983,0,17063746,3772872,54373406,68732000,0,4790194,7835200,1602709,None,None,-1379295,9817942,13448028,85890623,56766983,200000,13448028,0,0,1602709,0,0,3772872,0,54373406,0,None,8446965,None,7895933,None,None,67129799,67129799,None,None,None,None,125499491,None,None,5307133,USD,5110218,-1497495,-498685,653770,None,-216,None,-764324,168296,-1020126,-521441,-3778103,172085,0,0,0,1092335,110086,47051,4303827,None,-1020126,7.85,7.05
9,2018-03-31,USD,8806891,3775726,7843096,963795,-2811931,-2207251,0,0,-2811931,0,2154221,None,-2811931,1621505,0,-604680,None,None,0,0,0,-604680,0,0,-2207251,-2207251,None,USD,130990312,3938616,None,12486903,74147352,56842960,0,18363528,3772872,54205110,74147000,0,4753329,262608,1869821,None,None,-1135022,9912406,17695139,94428214,56842960,6011792,17695139,0,0,1869821,0,0,3772872,0,54205110,0,None,783706,None,8170847,None,None,72277531,72277531,None,None,None,None,130990312,None,None,5307133,USD,-7752004,-1144460,1067665,-1675520,None,-216,None,1075396,-2207251,-511618,-1579283,5196975,238471,0,0,0,533963,-607318,37739,-3055700,None,-511618,7.95,7.85
10,2017-12-31,USD,9296290,3944339,6178772,3117518,-826821,-2759748,0,0,-826821,0,2424007,None,-826821,1520332,0,None,None,None,0,0,0,-307267,0,0,-519554,-2759748,None,USD,130298758,4162771,None,9010811,70353421,59945337,0,463000,3772872,56412361,69452000,0,72780000,774000,2300358,None,None,-239896,10014869,14525996,96878529,59945337,31712000,14525996,0,0,2300358,0,0,3772872,0,56412361,0,None,1335787,None,7543577,None,None,68053063,68053063,None,None,None,None,130298758,None,None,5307133,USD,-2076529,-198864,771128,0,None,-16247,-16247,3592060,-2775977,527603,-227278,-6626545,664072,0,0,0,942000,3093689,28255,3786832,None,543850,8.55,7.95
11,2017-09-30,USD,9293389,3770981,9957633,-664244,-4435225,-2927249,0,0,-4435225,0,1916769,None,-4435225,1854212,0,None,None,None,0,0,0,-1507976,0,0,-2927249,-2927249,None,USD,138078496,0,None,14018702,75124186,62954310,0,19901696,3772872,59188338,75124000,0,68223000,230000,2155975,None,None,-6900,10117563,19629871,97785116,62954310,39442000,19629871,0,0,2155975,0,0,3772872,0,59188338,0,None,5083615,None,5462331,None,None,72968211,72968211,None,None,None,None,138078496,None,None,5307133,USD,-5406288,-956496,-8408040,0,None,-89582,None,-180850,-2911020,-13355533,-4947493,1426033,15020,0,0,0,0,-1509196,125840,-996569,None,-13355533,10.1,8.55
12,2017-06-30,USD,9241306,4638464,5953668,3287638,-1350826,-890735,0,0,-1350826,0,3046961,None,-1350826,1591503,0,None,None,None,0,0,0,-460091,0,0,-890735,-890735,None,USD,140778797,0,None,26184906,74909123,65869674,0,20262085,3772872,62099358,74909000,0,58261000,13586000,2708018,None,None,-2556,10113263,18830229,89205791,65869674,39748000,18830229,0,0,2708018,0,0,3772872,0,62099358,0,None,17037213,None,5592301,None,None,72201105,72201105,None,None,None,None,140778797,None,None,5307133,USD,1492526,667578,1432837,0,None,-89582,None,-253459,-890735,-16209,-1449046,2079183,-291334,0,0,0,0,-460585,59689,-2555066,None,-16209,9.3,10.1
13,2017-03-31,USD,8960497,3660776,8567070,393427,-3267349,-2147252,0,0,-3267349,0,2163142,None,-3267349,1497634,0,None,None,None,0,0,0,1120097,0,0,-4387446,-2147252,None,USD,138960125,0,None,23628986,72200460,66759665,0,19790662,3767096,62990091,72200000,0,76852000,13602000,2519749,None,None,2478,10186014,16304354,90254892,66759665,21803000,16304354,0,0,2519749,0,0,3767096,0,62990091,0,None,16620433,None,5594432,None,None,69680711,69680711,None,None,None,None,138960125,None,None,5307133,USD,539906,-118694,504154,0,None,0,None,2818587,-2147252,105739,-398415,3390857,129441,0,0,0,0,-1112356,35752,-553763,None,105739,9.55,9.3
14,2016-12-31,USD,9017072,3218463,4884693,4132379,913916,597177,0,0,913916,0,1465564,None,913916,1752899,0,None,None,None,0,0,0,316739,0,0,597177,597177,None,USD,138222205,4601476,None,23341423,69315565,68906640,0,519000,3761320,65137345,68181000,0,35976000,13496000,2660983,None,None,7975,10282532,15789797,90774444,68906640,62491000,15789797,0,0,2660983,0,0,3761320,0,65137345,0,None,15765787,None,5609645,None,None,66654582,66654582,None,None,None,None,138222205,None,None,5307133,USD,207727,-27419,198919,0,None,-89582,-265393,-1115903,597177,4356930,4158011,114528,122090,0,0,0,-608556,5776,8808,117435,None,4356930,10.75,9.55
15,2016-09-30,USD,8998342,3886640,8078424,919918,-2966722,-1953497,0,0,-2966722,0,2145141,None,-2966722,1741499,0,None,None,None,0,0,0,-1013225,0,0,-1953497,-1953497,None,USD,140809966,0,None,None,72487076,68322890,0,None,3755544,64540169,72487000,0,104555000,1215271,2774014,None,None,27177,10395814,7357878,90998070,68322890,8175000,6142607,0,0,2774014,0,0,3755544,0,64540169,0,None,26214926,None,5843278,None,None,69713062,69713062,None,None,None,None,140809966,1215271,None,5307133,USD,2540233,137144,2526114,0,None,-89582,47869,None,-1953497,825581,-1700533,-51721,121576,0,0,0,0,5776,14119,99600,None,825581,11.03,10.75
16,2016-06-30,USD,8722632,3614645,4899393,3823239,208594,151030,0,0,208594,0,1913554,None,208594,1701091,0,None,None,None,0,0,0,57564,0,0,151030,151030,None,USD,141543423,None,None,None,71258829,70284594,None,None,3749768,66493666,71258000,None,107346000,389690,2564792,None,None,41160,10503271,6663032,93524024,70284594,6959000,6273342,None,None,2564792,None,None,3749768,None,66493666,None,None,25069174,None,5783922,None,None,68694037,68694037,None,None,None,None,141543423,389690,None,5307133,USD,-663450,845149,-834138,None,None,None,229324,None,151030,56965,891103,3537919,128915,None,None,None,None,74616,170688,322164,None,56965,11.06,11.03
17,2016-03-31,USD,8529678,3673791,5125913,3403765,-270026,-198987,0,0,-270026,0,1974131,None,-270026,1699660,0,None,None,None,0,0,0,-71039,0,0,-198987,-198987,None,USD,141497533,0,None,None,71376981,70120552,0,None,3743992,66342635,71368000,0,102292000,332725,2658208,None,None,33925,10457214,17355795,92806048,70120552,11289000,17023070,0,0,2658208,0,0,3743992,0,66342635,0,None,15236348,None,5642128,None,None,68718773,68718773,None,None,None,None,141497533,332725,None,5307133,USD,5197412,340613,4845635,0,None,-89582,None,None,-198987,-1770,-4757823,-3799629,110999,0,-89582,0,0,-63064,351777,-1147755,None,-1770,9.5,11.06
18,2015-12-31,USD,8667246,3697128,5329072,3338174,-358954,-248956,0,0,-358954,0,1983835,None,-358954,1713293,0,None,None,None,0,0,0,-109998,-1287460,0,-248956,-248956,None,USD,140170435,4401558,None,18398377,69828363,70342072,0,447000,3742547,66626873,68848000,0,79879000,334495,2443284,None,None,-27348,10220720,16228140,97888009,70342072,33756000,15893645,0,0,2443284,0,0,3742547,0,66626873,0,None,10266083,None,5567483,None,None,67385079,67385079,None,None,None,None,140170435,334495,None,5315945,USD,8578768,-218477,7729826,0,None,-124452,None,-1001863,-248956,-68405,-7673779,-2635172,-12462,0,-124452,0,-376608,-1389543,848942,-3169169,None,-68405,9.99,9.5
19,2015-09-30,USD,8451503,5035025,4384118,4067385,-967640,-649510,0,0,-967640,0,3375799,None,-967640,1659226,0,None,None,None,0,0,0,-318130,0,0,-649510,-649510,None,USD,137534478,0,None,None,66736588,70797890,0,None,3743340,66993714,66736000,0,76705000,402900,2227270,None,None,60836,9364063,13149785,106573233,70797890,38251000,12746885,0,0,2227270,0,0,3743340,0,66993714,0,None,2751538,None,5695859,None,None,64509318,64509318,None,None,None,None,137534478,402900,None,5329313,USD,-263597,-122408,-413874,0,None,-94372,None,None,-649510,36789,545035,1056894,109677,0,-94372,0,0,968511,150277,-818129,None,36789,10.5805,9.99
