,fiscalDateEnding,reportedCurrency_x,totalRevenue,totalOperatingExpense,costOfRevenue,grossProfit,ebit,netIncome_x,researchAndDevelopment,effectOfAccountingCharges,incomeBeforeTax,minorityInterest,sellingGeneralAdministrative,otherNonOperatingIncome,operatingIncome,otherOperatingExpense,interestExpense,taxProvision,interestIncome,netInterestIncome,extraordinaryItems,nonRecurring,otherItems,incomeTaxExpense,totalOtherIncomeExpense,discontinuedOperations,netIncomeFromContinuingOperations,netIncomeApplicableToCommonShares,preferredStockAndOtherAdjustments,reportedCurrency_y,totalAssets,intangibleAssets,earningAssets,otherCurrentAssets,totalLiabilities,totalShareholderEquity,deferredLongTermLiabilities,otherCurrentLiabilities,commonStock,retainedEarnings,otherLiabilities,goodwill,otherAssets,cash,totalCurrentLiabilities,shortTermDebt,currentLongTermDebt,otherShareholderEquity,propertyPlantEquipment,totalCurrentAssets,longTermInvestments,netTangibleAssets,shortTermInvestments,netReceivables,longTermDebt,inventory,accountsPayable,totalPermanentEquity,additionalPaidInCapital,commonStockTotalEquity,preferredStockTotalEquity,retainedEarningsTotalEquity,treasuryStock,accumulatedAmortization,otherNonCurrrentAssets,deferredLongTermAssetCharges,totalNonCurrentAssets,capitalLeaseObligations,totalLongTermDebt,otherNonCurrentLiabilities,totalNonCurrentLiabilities,negativeGoodwill,warrants,preferredStockRedeemable,capitalSurplus,liabilitiesAndShareholderEquity,cashAndShortTermInvestments,accumulatedDepreciation,commonStockSharesOutstanding,reportedCurrency,investments,changeInLiabilities,cashflowFromInvestment,otherCashflowFromInvestment,netBorrowings,cashflowFromFinancing,otherCashflowFromFinancing,changeInOperatingActivities,netIncome_y,changeInCash,operatingCashflow,otherOperatingCashflow,depreciation,dividendPayout,stockSaleAndPurchase,changeInInventory,changeInAccountReceivables,changeInNetIncome,capitalExpenditures,changeInReceivables,changeInExchangeRate,changeInCashAndCashEquivalents,clossingVal,nextClossingVal
0,2020-06-30,USD,15836000,9177000,None,15836000,6659000,5171000,None,None,6659000,None,9177000,None,6659000,775000,3753000,1488000,19278000,15525000,None,None,None,1488000,None,None,5171000,5171000,None,USD,1900774000,1516000,None,None,1734167000,166607000,None,1483457000,91103000,79253000,3989000,1516000,1595380000,198312000,1500857000,None,None,-758000,21462000,264239000,1572273000,165091000,54888000,11039000,10310000,None,17400000,None,None,91103000,None,79253000,-2991000,None,34010000,None,7274000,None,10310000,223000000,233310000,None,None,None,None,1900774000,253200000,None,10728000,USD,-16093000,0,-155811000,-139606000,54000000,155554000,104839000,-4460000,5171000,7688000,7945000,-67980000,530000,-828000,-2457265,None,None,70224000,112000,None,None,7688000,14.3,
1,2020-03-31,USD,16289000,9323000,None,16289000,6966000,5368000,None,None,6966000,None,9323000,None,6966000,801000,4341000,1598000,19585000,15244000,None,None,None,1598000,None,None,5368000,5368000,None,USD,1740076000,1516000,236400000,None,1575771000,164305000,None,1378618000,90370000,74939000,3927000,1516000,1444227000,188049000,1396461000,None,None,-832000,22569000,253447000,1422269000,162789000,58002000,7396000,10310000,None,17843000,None,None,90370000,None,74939000,-172000,None,33970000,None,6305000,None,10310000,169000000,179310000,None,None,None,None,1740076000,246051000,None,10883000,USD,-3809000,0,-3858000,117000,-114000000,13353000,128332000,1714000,5368000,20979000,11484000,-34989000,376000,-841000,-137735,None,None,40729000,166000,None,None,20979000,11.7,14.3
2,2019-12-31,USD,16661000,8721000,None,16661000,7940000,6167000,None,None,7940000,None,8721000,None,7940000,538000,4548000,1820000,19312000,14764000,None,None,None,-11504000,734000,None,19444000,6167000,None,USD,1718942000,1516000,231187000,46169000,1558233000,160709000,None,1250114000,90113000,70442000,4158000,1516000,1428203000,172200000,1264923000,50000000,50000000,154000,23038000,245748000,1409163000,159193000,66564000,6984000,10310000,1723000,14809000,None,None,90113000,None,70442000,None,None,33918000,None,5559000,None,10310000,283000000,293310000,None,None,None,None,1718942000,238764000,None,10881000,USD,-66538000,0,-65640000,953000,73000000,48720000,-23461000,-2313000,6167000,-8744000,8176000,-41291000,538000,-848000,29000,None,None,42809000,55000,None,None,-8744000,22.57,11.7
3,2019-09-30,USD,17025000,8729000,None,16364000,7635000,5959000,None,None,7635000,None,6607000,None,7635000,534000,4651000,1676000,19055000,14404000,None,None,None,1676000,48000,None,5959000,5959000,None,USD,1664308000,None,225277000,19911000,1509424000,154884000,None,1273362000,89753000,65199000,3578000,1516000,1370489000,29426000,1499114000,210000000,50000000,-68000,24601000,248508000,63991000,153368000,47295000,6858000,10310000,1723000,420000,None,None,89753000,None,65199000,None,None,32621000,None,5768000,None,10310000,None,10310000,None,None,None,None,1664308000,241650000,None,10869000,USD,-25620000,0,-25620000,-1056000,20000000,28232000,9009000,5014000,5959000,11920000,9308000,-33718000,349000,-838000,61000,None,None,-2014000,367000,None,None,11920000,22.15,22.57
4,2019-06-30,USD,16554000,8791000,None,16271000,7480000,5834000,None,None,7480000,None,6606000,None,7480000,547000,4571000,1646000,18781000,14210000,None,None,None,1646000,-124000,None,5834000,5834000,None,USD,1626737000,None,214473000,16227000,1477354000,149383000,None,1264353000,89327000,60109000,3299000,1516000,5605000,21606000,1467044000,190000000,50000000,-53000,23734000,234070000,62122000,147867000,45326000,7109000,10310000,921000,414000,None,None,89327000,None,60109000,None,None,33020000,None,5605000,None,10310000,None,10310000,None,None,None,None,1626737000,226961000,None,10856000,USD,-30928000,0,-30928000,-41568000,-5000000,32125000,37767000,-2040000,5834000,5703000,4506000,-26179000,674000,-839000,197000,None,None,24133000,178000,None,None,5703000,22.7,22.15
5,2019-03-31,USD,15736000,8476000,None,15736000,7260000,5740000,None,None,7260000,None,8476000,None,7260000,531000,4285000,1520000,18500000,14216000,None,None,None,1520000,-233000,None,5740000,5740000,None,USD,1590046000,1516000,209492000,14936000,1446329000,143717000,None,1226586000,88779000,55145000,3137000,1516000,5320000,159257000,1436019000,195000000,50000000,-207000,23332000,229145000,1297310000,142201000,62962000,6926000,10310000,273000,14433000,None,None,88779000,None,55145000,None,None,33423000,None,5320000,None,10310000,None,10310000,None,None,None,None,1590046000,222219000,None,10822000,USD,-10818000,0,-10927000,-10818000,-15000000,3335000,18899000,819000,5740000,3622000,11214000,-15087000,158000,-730000,166000,None,None,20403000,109000,None,None,3622000,18.88,22.7
6,2018-12-31,USD,15618000,8268000,4396000,15618000,7350000,5803000,0,0,7350000,0,8268000,None,7350000,407000,3896000,None,None,None,0,0,0,-9229000,-221000,0,16579000,5803000,None,USD,1579157000,1516000,None,40826000,1440669000,138500000,None,1207687000,88484000,50161000,3037000,1516000,1309828000,156310000,1430359000,210000000,50000000,-157000,23427000,226441000,1289078000,136972000,63732000,6399000,10310000,56000,12672000,None,None,88484000,None,50161000,None,None,33345000,None,5350000,None,10310000,None,10310000,None,None,None,None,1579157000,220042000,None,10780000,USD,-25936000,0,-26309000,-1351000,30000000,17555000,-11786000,-651000,5802000,959000,9713000,-12861000,628000,-735000,76005,None,None,16337000,373000,None,None,959000,20.76,18.88
7,2018-09-30,USD,15546000,8801000,4127000,15546000,6745000,5490000,0,0,6745000,0,8801000,None,6745000,452000,3627000,None,None,None,0,0,0,1255000,431000,0,5490000,5490000,None,USD,1553152000,3651000,None,19441000,1420085000,133067000,0,1219473000,88149000,45121000,2682000,1516000,1285141000,154001000,1409775000,180000000,190310000,-203000,23472000,223812000,1268316000,131551000,63399000,6412000,10310000,56000,10302000,0,0,88149000,0,45121000,0,None,30726000,None,5310000,None,10310000,None,10310000,None,None,None,None,1553152000,217400000,None,10756000,USD,-34792000,0,-34660000,493000,-40000000,32455000,73074000,592000,5490000,5281000,7486000,-37144000,526000,-727000,108114,12034000,0,38611000,361000,None,None,5281000,22.9,20.76
8,2018-06-30,USD,14906000,8158000,3775000,14906000,6748000,5397000,0,0,6748000,0,8158000,None,6748000,535000,3225000,None,None,None,0,0,0,1351000,-222000,0,5397000,5397000,None,USD,1514120000,3501000,None,20916000,1385979000,128141000,0,1146399000,87755000,40386000,1707000,1516000,1245999000,150520000,1375669000,220000000,230310000,None,23549000,222229000,1231877000,126625000,65682000,6027000,10310000,56000,9270000,0,0,87755000,0,40386000,0,None,30511000,None,4438000,None,10310000,None,10310000,None,None,None,None,1514120000,216202000,None,10731000,USD,-57635000,0,-58086000,13000,39000000,67290000,28885000,2075000,5398000,22988000,13784000,1074000,571000,-697000,101643,9774000,0,6750000,464000,None,None,22988000,22.75,22.9
9,2018-03-31,USD,14658000,8194000,3268000,14658000,6464000,5229000,0,0,6464000,0,8194000,None,6464000,521000,2768000,None,None,None,0,0,0,1235000,-192000,0,5229000,5229000,None,USD,1439902000,1516000,None,27477000,1316798000,123104000,0,1117514000,87361000,35713000,7974000,1516000,119240000,125595000,1306488000,181000000,191310000,30000,23461000,199014000,1180914000,121588000,67521000,5898000,10310000,21635000,7974000,0,0,87361000,0,35713000,0,None,30938000,None,4059000,None,10310000,None,10310000,None,None,None,None,1439902000,193116000,None,10709000,USD,-21715000,0,-21598000,426000,-94000000,-19976000,74377000,-952000,5229000,-33967000,7607000,-19172000,432000,-643000,290357,3171000,0,21118000,309000,None,None,-33967000,22.0,22.75
10,2017-12-31,USD,14037000,7629000,3044000,14037000,6408000,2507000,0,0,6408000,0,7629000,None,6408000,2214000,7075000,None,None,None,0,0,0,3908000,-1009000,0,2500000,2507000,None,USD,1455496000,1516000,None,51513000,1337391000,118105000,0,1043137000,86782000,31117000,8944000,1516000,124228000,163117000,1327081000,275000000,15000000,206000,23896000,238364000,1157118000,116589000,69800000,5447000,10310000,23236000,8944000,0,0,86782000,0,31117000,0,None,30585000,None,4017000,None,10310000,None,10310000,None,None,None,None,1455496000,232917000,None,10615000,USD,-77825000,0,-78337000,240000,123000000,122040000,-495000,1234000,2507000,45424000,1721000,-19517000,241000,-614000,149000,0,0,18497000,752000,None,None,45424000,19.75,22.0
11,2017-09-30,USD,13325000,7554000,2878000,13325000,5771000,3757000,0,0,5771000,0,7554000,None,5771000,123000,51000,None,None,None,0,0,0,2014000,0,0,3757000,3757000,None,USD,1329834000,1516000,None,22946000,1214020000,115814000,0,1043632000,86423000,29260000,8078000,1516000,121457000,112158000,1203710000,152000000,162310000,131000,23787000,189485000,1079760000,114298000,72105000,5222000,10310000,18431000,8078000,0,0,86423000,0,29260000,0,None,29444000,None,5842000,None,10310000,None,10310000,None,None,None,None,1329834000,184263000,None,10586000,USD,-41101000,0,-51159000,-9752000,10000000,49161000,39665000,456000,3757000,15000,2013000,-26938000,353000,-593000,89000,1183000,0,24841000,306000,None,None,15000,19.8,19.75
12,2017-06-30,USD,12771000,7421000,2727000,12771000,5350000,3444000,0,0,5350000,0,7421000,None,5350000,-518000,123000,None,None,None,0,0,0,1906000,0,0,3444000,3444000,None,USD,1275517000,1516000,None,18619000,1163070000,112447000,0,1003967000,86112000,26137000,6793000,0,112983000,111916000,1152760000,142000000,152310000,198000,23715000,191651000,1034004000,110931000,75066000,4669000,10310000,14531000,6793000,0,0,86112000,0,26137000,0,None,19014000,None,5617000,None,10310000,None,10310000,None,None,None,None,1275517000,186982000,None,10567000,USD,-47302000,0,-47018000,525000,22000000,44720000,23264000,1509000,3444000,1611000,3909000,-17673000,612000,-680000,136000,3278000,0,17526000,241000,None,None,1611000,17.2,19.8
13,2017-03-31,USD,12344000,7440000,2454000,12344000,4904000,3192000,0,0,4904000,0,7440000,None,4904000,250000,2204000,None,None,None,0,0,0,1712000,0,0,3192000,3192000,None,USD,1226168000,1516000,None,None,1116863000,109305000,0,980703000,85757000,23414000,5850000,0,110535000,109196000,1106553000,120000000,120000000,134000,24433000,186701000,987996000,107789000,73022000,4483000,10310000,13335000,5850000,0,0,85757000,0,23414000,0,None,19970000,None,5552000,None,10310000,None,10310000,None,None,None,None,1226168000,182218000,None,10535000,USD,-42930000,None,-43119000,21000,-1000000,33622000,34980000,-905000,3192000,-2691000,6806000,-23438000,322000,-493000,135000,4514000,0,26730000,210000,None,None,-2691000,16.95,17.2
14,2016-12-31,USD,12228000,7303000,2425000,12228000,4925000,3151000,0,0,4925000,0,7303000,None,4925000,2174000,6559000,None,None,None,0,0,0,1765000,897000,0,3160000,3151000,None,USD,1189906000,1516000,None,19406000,1083615000,106300000,0,945723000,85383000,20748000,6582000,1500000,98728000,111932000,1073305000,121000000,131310000,160000,24448000,177941000,960835000,104775000,61547000,4462000,10310000,15823000,6582000,0,0,85383000,0,20748000,0,None,19654000,None,5512000,None,10310000,None,10310000,None,None,None,None,1189906000,173479000,None,10477000,USD,-14264000,0,-14991000,678000,6000000,32732000,12403000,639000,3151000,21225000,3484000,-32058000,177000,-499000,14828000,0,0,32205000,1405000,None,None,21225000,15.7,16.95
15,2016-09-30,USD,11626000,6993000,2628000,11626000,4633000,3020000,0,0,4633000,0,6993000,None,4633000,20000,63000,None,None,None,0,0,0,1613000,0,0,3020000,3020000,None,USD,1152896000,1516000,None,None,1064744000,88152000,0,933320000,70450000,18117000,6114000,0,107074000,90437000,1054434000,115000000,115000000,-415000,24005000,166962000,937147000,86636000,72360000,4165000,10310000,17314000,6114000,0,0,70450000,0,18117000,0,None,17258000,None,6008000,None,10310000,None,10310000,None,None,None,None,1152896000,162797000,None,9331000,USD,-29799000,None,-31882000,106000,1000000,21757000,21122000,-528000,3020000,-11407000,-1282000,-31046000,227000,-394000,29000,0,0,26517000,2189000,None,None,-11407000,12.82,15.7
16,2016-06-30,USD,11176000,6728000,2545000,11176000,4448000,2824000,0,0,4448000,0,6728000,None,4448000,-400000,-44000,None,None,None,0,0,0,1624000,0,0,2824000,2824000,None,USD,1128370000,1516000,None,None,1043403000,84967000,0,912198000,59844000,25916000,6895000,0,107909000,101169000,1033093000,114000000,114000000,-793000,22099000,179116000,902285000,83451000,73994000,3953000,10310000,14947000,6895000,0,0,59844000,0,25916000,0,None,17131000,None,6223000,None,10310000,None,10310000,None,None,None,None,1128370000,175163000,None,8487000,USD,-36081000,None,-37245000,294000,19000000,4168000,-14621000,-484000,2824000,-30396000,2681000,-27283000,337000,-316000,105000,1172000,0,26803000,1458000,None,None,-30396000,12.71,12.82
17,2016-03-31,USD,13067000,6607000,2389000,13067000,6460000,4205000,0,0,6460000,0,6607000,None,6460000,200000,2189000,None,None,None,0,0,0,2255000,0,0,4205000,4205000,None,USD,1120955000,1516000,None,None,1038679000,82276000,0,926819000,59546000,23431000,6550000,0,99498000,131208000,1028369000,95000000,95000000,-701000,20628000,201776000,874356000,80760000,66729000,3839000,10310000,14641000,6550000,0,0,59546000,0,23431000,0,None,16650000,None,6029000,None,10310000,None,10310000,None,None,None,None,1120955000,197937000,None,8468000,USD,5610000,None,2291000,1224000,109000,32120000,32326000,1710000,4205000,38316000,3905000,-23882000,339000,-315000,0,319000,0,23243000,4543000,None,None,38316000,11.37,12.71
18,2015-12-31,USD,10800000,6846000,2115000,10800000,3954000,2639000,0,0,3954000,0,6846000,None,3954000,1719000,5728000,None,None,None,0,0,0,1315000,-1810000,0,2639000,2639000,None,USD,1084866000,1516000,None,17177000,1006396000,78470000,0,894493000,59371000,19099000,4438000,1500000,103748000,87978000,904870000,92000000,107465000,-467000,16762000,167977000,876199000,76954000,65476000,3884000,15465000,14705000,4438000,0,0,59371000,0,19566000,0,None,16444000,None,5968000,None,15465000,None,15465000,None,None,None,None,1084866000,164093000,None,9000000,USD,-36527000,0,-33968000,2674000,2000000,29925000,28246000,-325000,2639000,-700000,3343000,-16678000,142000,-321000,0,0,0,17240000,115000,None,None,-700000,12.47,11.37
19,2015-09-30,USD,10697000,6852000,2132000,10697000,3845000,2551000,0,0,3845000,0,6852000,None,3845000,0,83000,None,None,None,0,0,0,1294000,0,0,2551000,2551000,None,USD,1052711000,1516000,None,None,976646000,76065000,0,866247000,59205000,17270000,4934000,0,103659000,93367000,961181000,90000000,None,-410000,17056000,168563000,843139000,74549000,71492000,3704000,15465000,15696000,4934000,0,0,59205000,0,17270000,0,None,16330000,None,6107000,None,15465000,None,15465000,None,None,None,None,1052711000,164859000,None,8429000,USD,-27217000,None,-26823000,554000,-25000000,25506000,50820000,None,2551000,-1585000,-268000,-39373000,271000,-314000,0,0,0,36283000,160000,None,None,-1585000,9.77,12.47
