,fiscalDateEnding,reportedCurrency_x,totalRevenue,totalOperatingExpense,costOfRevenue,grossProfit,ebit,netIncome_x,researchAndDevelopment,effectOfAccountingCharges,incomeBeforeTax,minorityInterest,sellingGeneralAdministrative,otherNonOperatingIncome,operatingIncome,otherOperatingExpense,interestExpense,taxProvision,interestIncome,netInterestIncome,extraordinaryItems,nonRecurring,otherItems,incomeTaxExpense,totalOtherIncomeExpense,discontinuedOperations,netIncomeFromContinuingOperations,netIncomeApplicableToCommonShares,preferredStockAndOtherAdjustments,reportedCurrency_y,totalAssets,intangibleAssets,earningAssets,otherCurrentAssets,totalLiabilities,totalShareholderEquity,deferredLongTermLiabilities,otherCurrentLiabilities,commonStock,retainedEarnings,otherLiabilities,goodwill,otherAssets,cash,totalCurrentLiabilities,shortTermDebt,currentLongTermDebt,otherShareholderEquity,propertyPlantEquipment,totalCurrentAssets,longTermInvestments,netTangibleAssets,shortTermInvestments,netReceivables,longTermDebt,inventory,accountsPayable,totalPermanentEquity,additionalPaidInCapital,commonStockTotalEquity,preferredStockTotalEquity,retainedEarningsTotalEquity,treasuryStock,accumulatedAmortization,otherNonCurrrentAssets,deferredLongTermAssetCharges,totalNonCurrentAssets,capitalLeaseObligations,totalLongTermDebt,otherNonCurrentLiabilities,totalNonCurrentLiabilities,negativeGoodwill,warrants,preferredStockRedeemable,capitalSurplus,liabilitiesAndShareholderEquity,cashAndShortTermInvestments,accumulatedDepreciation,commonStockSharesOutstanding,reportedCurrency,investments,changeInLiabilities,cashflowFromInvestment,otherCashflowFromInvestment,netBorrowings,cashflowFromFinancing,otherCashflowFromFinancing,changeInOperatingActivities,netIncome_y,changeInCash,operatingCashflow,otherOperatingCashflow,depreciation,dividendPayout,stockSaleAndPurchase,changeInInventory,changeInAccountReceivables,changeInNetIncome,capitalExpenditures,changeInReceivables,changeInExchangeRate,changeInCashAndCashEquivalents,clossingVal,nextClossingVal
0,2020-06-30,USD,76008000,55626000,23624000,52384000,20502000,1420000,None,None,2107000,222000,29620000,120000,20382000,-50002000,18395000,465000,26000,-18369000,None,None,None,465000,94000,None,1642000,1420000,None,USD,1209045000,591102000,None,46771000,1038786000,159460000,None,942001000,46000,-818573000,40983000,233822000,44865000,70171000,120763000,49997000,49997000,None,24107000,204072000,None,-654665000,None,87130000,838384000,None,46788000,None,None,46000,None,-818573000,None,None,155942000,None,1004973000,47583000,None,26503000,928822000,None,10799000,None,977987000,1209045000,70171000,None,None,USD,-1220000,-9841000,-1220000,None,-9224000,-6235000,3600000,-17138000,1642000,3781000,11236000,4440000,3717000,0,-611000,None,10019000,1259000,1220000,10019000,None,3781000,20.25,
1,2020-03-31,USD,94875000,122162000,27870000,67005000,-25775000,-23187000,None,None,-44913000,129000,38094000,1512000,-27287000,-64457000,19138000,-21855000,8000,-19130000,None,53650000,None,-21855000,-52146000,None,-23058000,-23187000,None,USD,1223744000,592342000,None,51540000,1054784000,158668000,None,978966000,46000,-819993000,42358000,233822000,43572000,66390000,102143000,22497000,22497000,None,24719000,215079000,None,-657204000,None,97149000,870012000,None,53321000,None,None,46000,None,-819993000,None,None,157782000,None,1008665000,49016000,870012000,25198000,962933000,None,10292000,None,978615000,1223744000,66390000,None,45000000,USD,-1905000,1730000,-1905000,-475000,14728000,12714000,-1000000,-11041000,-23058000,32844000,22035000,-2196000,3855000,-1000000,-1014000,None,8999000,32705000,1430000,8999000,None,32844000,1.0632,20.25
2,2019-12-31,USD,105854000,97888000,36918000,68936000,10391000,-7921000,None,None,-5266000,133000,51636000,2425000,7966000,-286422000,15657000,2522000,19000,-15638000,None,6800000,None,2522000,-4394000,None,-7788000,-7921000,None,USD,1249919000,640909000,None,46345000,1056280000,183075000,None,954805000,47000,-796806000,64440000,239772000,43763000,33546000,101038000,25945000,25945000,None,24393000,186039000,None,-687042000,None,106148000,850308000,None,75530000,None,None,47000,None,-796806000,None,None,158806000,None,1063880000,49474000,850308000,25054000,965806000,None,10564000,None,979834000,1249919000,33546000,None,48000000,USD,-1198000,-6058000,-1198000,13500000,-4424000,-4616000,-1000000,-23850000,-14906000,1643000,7457000,-2102000,15550000,0,-192000,None,-3052000,18025000,1198000,-3052000,None,1643000,2.0209,1.0632
3,2019-09-30,USD,111055000,78588000,30412000,80643000,33811000,5359000,None,None,12222000,328000,45583000,1344000,32467000,-78050000,21589000,6535000,45000,-21544000,None,None,None,6535000,1299000,None,5687000,5359000,None,USD,1261501000,643125000,None,46674000,1062573000,189681000,None,963964000,47000,-788885000,61648000,245572000,44145000,31903000,101176000,22981000,22981000,None,24583000,181673000,None,-689769000,None,103096000,856189000,None,75628000,None,None,47000,None,-788885000,None,None,166548000,None,1079828000,52486000,856189000,25480000,970644000,None,9247000,None,978519000,1261501000,31903000,None,46000000,USD,11663000,2942000,11663000,13500000,-16917000,-17940000,-9000,-7371000,2128000,16572000,22849000,-12943000,15595000,-9000,-1014000,None,2829000,12298000,1837000,2829000,None,16572000,1.94,2.0209
4,2019-06-30,USD,121571000,87225000,30524000,91047000,47408000,6591000,None,None,10255000,11168000,53117000,1712000,34346000,34108000,22003000,3118000,63000,-21940000,None,3800000,None,3118000,-2151000,None,7137000,6591000,None,USD,1269308000,722376000,None,39413000,1088102000,181206000,None,27134000,46000,-794244000,58772000,245572000,58511000,14605000,98460000,20097000,20097000,None,73480000,169369000,None,-786742000,None,105925000,874499000,None,7230000,None,None,46000,None,-794244000,None,None,58511000,None,1099939000,53660000,874499000,26508000,989642000,None,11168000,None,975404000,1269308000,14605000,None,46000000,USD,-1403000,-331000,-1403000,None,1576000,-1655000,-1370000,-13769000,6591000,8886000,11944000,16573000,15150000,-370000,-1861000,None,-4826000,8165000,1403000,-4826000,None,8886000,2.1,1.94
5,2019-03-31,USD,98449000,82332000,31537000,98449000,17861000,-3104000,None,None,-4290000,125000,43108000,1744000,16117000,39224000,22151000,-1311000,-20807000,-22128000,None,None,None,-1311000,1721000,None,-2979000,-3104000,None,USD,1271589000,663241000,None,55788000,1083691000,177497000,None,996198000,46000,-800835000,58297000,245572000,46060000,6445000,109613000,20626000,20626000,None,25589000,163332000,None,-720915000,None,101099000,870946000,None,66867000,None,None,46000,None,-800835000,None,None,173855000,None,1108257000,52517000,870946000,26748000,984479000,None,10401000,None,978286000,1271589000,6445000,None,45000000,USD,-707000,7840000,-707000,None,-22295000,-24993000,-279000,-11905000,-2979000,-9445000,16255000,-7756000,9474000,-279000,-2419000,None,9255000,421000,707000,9255000,None,-9445000,2.48,2.1
6,2018-12-31,USD,113541000,104130000,31860000,113541000,8815000,116922000,0,0,-10429000,493000,49250000,-596000,9411000,40180000,19244000,-124285000,None,None,0,14700000,0,-127844000,-35224000,0,117415000,116922000,None,USD,1237409000,670225000,None,46955000,1048477000,178700000,9345000,24451000,47000,-799975000,63442000,245572000,45059000,15890000,111278000,57576000,38706000,None,26088000,173199000,None,-726865000,None,110354000,892138000,None,29251000,None,None,47000,None,-799975000,None,None,122325000,None,1064210000,None,892138000,35716000,937199000,None,10232000,None,978628000,1237409000,15890000,None,48000000,USD,None,-6539000,-1109000,-400000,-223799000,-35158000,1737000,-16941000,117415000,-30208000,6059000,-8804000,20640000,-1426000,-2029000,None,-6708000,-109945000,709000,-6708000,None,-30208000,2.09,2.48
7,2018-09-30,USD,110730000,78629000,30982000,110730000,34189000,23044000,0,0,15202000,331000,39314000,2088000,32101000,39315000,18987000,None,None,None,0,0,0,-8173000,-17164000,0,23375000,23044000,None,USD,1287541000,674993000,None,46528000,1213645000,62784000,137860000,27558000,48000,-916897000,196618000,260299000,47019000,46098000,92190000,33488000,15372000,None,26412000,197949000,None,-861396000,0,105323000,946035000,0,31144000,0,979633000,48000,0,-916897000,0,None,127888000,None,1089592000,None,946035000,37560000,1121455000,None,11112000,None,979633000,1287541000,46098000,None,47000000,USD,None,-5529000,6387000,8028000,-3113000,-7546000,-246000,-18144000,23375000,9179000,10338000,-14778000,19631000,0,-1562000,0,-5316000,-7045000,1641000,-5316000,None,9179000,2.4,2.09
8,2018-06-30,USD,115206000,90393000,30375000,115206000,27470000,23590000,0,0,8315000,306000,51770000,2657000,24813000,38623000,19155000,None,None,None,0,-6556000,0,-15581000,-16419000,0,23896000,23590000,None,USD,1290416000,678580000,None,44378000,1239467000,40009000,145918000,24637000,48000,-939941000,213347000,260182000,60088000,36919000,96122000,38773000,15372000,None,23718000,182280000,None,-887813000,0,100983000,952744000,0,32712000,0,979902000,48000,0,-939941000,0,None,145656000,None,1108136000,None,952744000,44683000,1143345000,None,10940000,None,979902000,1290416000,36919000,None,48000000,USD,None,-3388000,-1164000,0,-14116000,-17837000,-1388000,-14181000,23896000,-7173000,11828000,-10493000,19646000,-801000,-1532000,0,-2802000,-15031000,1164000,-2802000,None,-7173000,2.4327,2.4
9,2018-03-31,USD,99621000,92306000,32147000,99621000,9599000,-22555000,0,0,-9682000,33000,45315000,2284000,7315000,40435000,19281000,None,None,None,0,6556000,0,12840000,-25083000,0,-22522000,-22555000,None,USD,1305558000,784289000,None,1093099000,1277021000,17323000,161449000,29720000,49000,-963531000,229793000,260182000,45839000,44092000,91207000,29590000,3500000,None,24347000,190901000,None,28537000,0,144020000,979056000,0,31897000,0,980805000,49000,0,-963531000,0,None,None,None,24347000,None,979056000,45309000,1185814000,None,11214000,None,980805000,1305558000,44092000,None,47000000,USD,None,2604000,-914000,0,-11663000,-14809000,-195000,-9283000,-22522000,6281000,22004000,-12418000,20375000,0,-2951000,0,13415000,20550000,914000,13415000,None,6281000,2.0,2.4327
10,2017-12-31,USD,440041000,266019000,130417000,309624000,100343000,111887000,0,0,-10701000,22115000,193741000,None,81867000,33764000,-79420000,None,None,None,0,25512000,0,-123163000,-92568000,0,124197000,123690000,None,USD,1316755000,783098000,None,1096320000,1263320000,42655000,148592000,27236000,49000,-940976000,215324000,262894000,45847000,37811000,80830000,21391000,3500000,None,25181000,199735000,None,53435000,0,157443000,989045000,0,32203000,0,983582000,49000,0,-940976000,0,None,None,None,25181000,None,989045000,44853000,1182490000,None,10780000,None,983582000,1316755000,37811000,None,50000000,USD,25000000,572000,12555000,25000000,-36014000,-49832000,-8860000,-60222000,111887000,-8970000,28307000,None,34448000,0,0,0,-7245000,-98963000,12445000,None,None,None,1.85,2.0
11,2017-09-30,USD,112078000,108547000,0,112078000,6083000,-7886000,0,0,-13855000,68000,48459000,2552000,3531000,43696000,19938000,None,None,None,0,16392000,0,-6037000,0,0,-7818000,-7886000,None,USD,1325616000,0,None,1093247000,1395947000,-80202000,266773000,29212000,49000,-1062260000,325258000,0,0,52947000,83384000,22191000,3500000,None,23926000,218292000,None,-70331000,0,155496000,1003918000,0,31981000,0,982009000,49000,0,-1062260000,0,None,None,None,23926000,None,1003918000,41872000,1312563000,None,9871000,None,982009000,1325616000,52947000,None,47000000,USD,None,1755000,1036000,2000000,-20244000,-21607000,-195000,-16449000,-7818000,-12541000,8030000,-16628000,23036000,0,-1363000,0,0,11414000,964000,-3729000,None,-12541000,1.65,1.85
12,2017-06-30,USD,117638000,105530000,0,117638000,6644000,802000,0,0,1192000,208000,51333000,-5464000,12108000,41441000,19863000,None,None,None,0,12756000,0,182000,0,0,1010000,802000,None,USD,1361830000,0,None,1117569000,1424635000,-73408000,272716000,29452000,48000,-1054374000,42667000,0,0,65488000,83030000,21837000,21837000,None,24705000,224995000,None,-62805000,0,154068000,1026222000,0,31741000,0,980918000,48000,0,-1054374000,0,None,None,None,24705000,None,1026222000,42667000,1341605000,None,10603000,None,980918000,1361830000,65488000,None,48000000,USD,25000000,-4339000,15940000,-7000000,-3610000,-5728000,-8860000,-6011000,1010000,24621000,14409000,-20422000,20296000,0,-2118000,0,0,20136000,2060000,-2272000,None,24621000,2.25,1.65
13,2017-03-31,USD,101289000,84836000,0,101289000,17877000,-2313000,0,0,-2469000,-44000,44627000,1424000,16453000,40209000,20346000,None,None,None,0,12756000,0,-112000,0,0,-2357000,-2313000,None,USD,1352794000,0,None,1132584000,1414649000,-73476000,272577000,29824000,49000,-1055176000,33568000,0,0,40867000,87579000,25747000,25747000,None,24137000,201292000,None,-61855000,0,155206000,1020925000,0,32008000,0,981651000,49000,0,-1055176000,0,None,None,None,24137000,None,1020925000,33568000,1327070000,None,11621000,None,981651000,1352794000,40867000,None,48000000,USD,25000000,-3850000,-1459000,0,-875000,-1790000,None,-17198000,-2357000,-5914000,-2665000,-17198000,20908000,0,-915000,0,0,-23000,1459000,-145000,None,-5914000,3.2,2.25
14,2016-12-31,USD,456219000,366788000,134000000,322219000,89431000,-423000,0,0,10296000,12410000,198541000,None,89431000,34247000,-81636000,None,None,None,0,1287000,0,9580000,-79135000,0,716000,-423000,None,USD,1358786000,826871000,None,1133683000,1417502000,-71126000,272733000,26647000,49000,-1052863000,322302000,258284000,49120000,46781000,92464000,26372000,3500000,None,24851000,199660000,None,-58716000,0,153471000,1018871000,0,39445000,0,983847000,49000,0,-1052863000,0,None,None,None,24851000,None,1018871000,33434000,1325038000,None,12410000,None,981688000,1358786000,46781000,None,48000000,USD,-35000000,-909000,-42164000,25000000,-20674000,-26680000,-2422000,-55728000,-423000,-20595000,48249000,None,34389000,0,0,0,833000,12304000,5164000,None,None,None,2.95,3.2
15,2015-12-31,USD,450861000,373483000,134410000,316451000,77378000,-74022000,0,0,-51076000,11286000,203718000,None,77378000,35355000,-80038000,None,None,None,0,41211000,0,15058000,-128454000,0,-66134000,-74022000,None,USD,1346524000,784007000,None,40999000,1407062000,-71824000,266900000,26149000,50000,-1055721000,302819000,258284000,12487000,67376000,83406000,18498000,3500000,None,29278000,213559000,None,-1102829000,0,105184000,1027722000,0,38759000,0,0,50000,0,-1055721000,0,None,61396000,None,1132965000,None,1027722000,29034000,1323656000,None,11286000,None,983847000,1346524000,67376000,None,48000000,USD,-2067000,1862000,-219261000,25000000,210718000,177104000,-32191000,-46951000,-74022000,-405000,41752000,None,38000000,0,0,0,-8758000,76587000,7339000,None,None,None,1.6478,2.95
