,fiscalDateEnding,reportedCurrency_x,totalRevenue,totalOperatingExpense,costOfRevenue,grossProfit,ebit,netIncome_x,researchAndDevelopment,effectOfAccountingCharges,incomeBeforeTax,minorityInterest,sellingGeneralAdministrative,otherNonOperatingIncome,operatingIncome,otherOperatingExpense,interestExpense,taxProvision,interestIncome,netInterestIncome,extraordinaryItems,nonRecurring,otherItems,incomeTaxExpense,totalOtherIncomeExpense,discontinuedOperations,netIncomeFromContinuingOperations,netIncomeApplicableToCommonShares,preferredStockAndOtherAdjustments,reportedCurrency_y,totalAssets,intangibleAssets,earningAssets,otherCurrentAssets,totalLiabilities,totalShareholderEquity,deferredLongTermLiabilities,otherCurrentLiabilities,commonStock,retainedEarnings,otherLiabilities,goodwill,otherAssets,cash,totalCurrentLiabilities,shortTermDebt,currentLongTermDebt,otherShareholderEquity,propertyPlantEquipment,totalCurrentAssets,longTermInvestments,netTangibleAssets,shortTermInvestments,netReceivables,longTermDebt,inventory,accountsPayable,totalPermanentEquity,additionalPaidInCapital,commonStockTotalEquity,preferredStockTotalEquity,retainedEarningsTotalEquity,treasuryStock,accumulatedAmortization,otherNonCurrrentAssets,deferredLongTermAssetCharges,totalNonCurrentAssets,capitalLeaseObligations,totalLongTermDebt,otherNonCurrentLiabilities,totalNonCurrentLiabilities,negativeGoodwill,warrants,preferredStockRedeemable,capitalSurplus,liabilitiesAndShareholderEquity,cashAndShortTermInvestments,accumulatedDepreciation,commonStockSharesOutstanding,reportedCurrency,investments,changeInLiabilities,cashflowFromInvestment,otherCashflowFromInvestment,netBorrowings,cashflowFromFinancing,otherCashflowFromFinancing,changeInOperatingActivities,netIncome_y,changeInCash,operatingCashflow,otherOperatingCashflow,depreciation,dividendPayout,stockSaleAndPurchase,changeInInventory,changeInAccountReceivables,changeInNetIncome,capitalExpenditures,changeInReceivables,changeInExchangeRate,changeInCashAndCashEquivalents,clossingVal,nextClossingVal
0,2020-06-30,USD,71315000,54587000,23672000,47643000,-6959000,-14159000,10488000,None,-14832000,None,29281000,-15000,-6944000,9037000,7873000,-673000,None,-7873000,None,5781000,None,-673000,-5796000,None,-14159000,-14159000,None,USD,859383000,292316000,None,10754000,707146000,152237000,24577000,84788000,3000,-165394000,27431000,379486000,17204000,87910000,115711000,3184000,3184000,-45700000,3951000,152828000,4378000,-519565000,None,54164000,520155000,None,27739000,None,None,3000,None,-165394000,None,None,26424000,None,706555000,14973000,520155000,46703000,591435000,None,None,None,363328000,859383000,87910000,None,25365735,USD,1238000,-3978000,-400000,None,-1420000,-11400000,-9980000,-5124000,-14159000,-10995000,805000,-12297000,13578000,None,None,None,6852000,10809000,400000,6852000,None,-10995000,34.76,
1,2020-03-31,USD,68032000,61154000,22201000,45831000,-16725000,-20081000,9420000,None,-24368000,None,27305000,-1402000,-15323000,9271000,7643000,-4287000,-7643000,-7643000,None,15158000,None,-4300000,-16560000,None,-20068000,-20081000,None,USD,883533000,302948000,None,11097000,724441000,159092000,24472000,91613000,3000,-151235000,27649000,377745000,15580000,98688000,135287000,3191000,3191000,-43396000,4035000,170872000,4219000,-521601000,None,61087000,521013000,None,40483000,None,None,3000,None,-151235000,None,None,23714000,None,712661000,15343000,521013000,43669000,589154000,None,None,None,353720000,883533000,98688000,None,25305427,USD,1250000,-9381000,-68148000,-67852000,-1422000,-3204000,-1823000,-8720000,-20081000,-76661000,-5309000,7969000,11737000,None,41000,None,-1664000,6111000,296000,-1664000,None,-76661000,26.82,34.76
2,2019-12-31,USD,66066000,57504000,21073000,44993000,-14070000,-19865000,8548000,None,-20504000,None,25288000,-1559000,-12511000,8455000,6434000,-639000,-6434000,-6434000,None,15213000,None,-639000,-16772000,None,-19865000,-19865000,None,USD,896828000,282727000,None,358127000,683967000,212861000,8763000,84953000,3000,-131046000,26832000,346134000,14714000,175024000,129367000,3193000,3193000,-1223000,3917000,238880000,2400000,-69866000,None,60214000,521881000,None,73444000,None,None,3000,None,-131046000,None,None,16819000,None,303463000,8395000,521881000,496000,522377000,None,None,None,345127000,896828000,175024000,None,25250120,USD,1407000,1714000,-110829000,-110512000,182980000,165624000,-17358000,-368000,-19865000,61817000,7022000,6427000,10899000,None,2000,None,-3245000,11092000,317000,-3245000,None,61817000,35.71,26.82
3,2019-09-30,USD,55065000,42090000,16673000,38392000,-6243000,-12307000,7434000,None,-11760000,None,20772000,-2545000,-3698000,6427000,5517000,547000,-5517000,-5517000,None,7457000,None,547000,-10002000,None,-12307000,-12307000,None,USD,683412000,212645000,None,8261000,465124000,218288000,11667000,61708000,3000,-111181000,15816000,282833000,12948000,113306000,106149000,2476000,2476000,-15171000,3468000,165826000,2885000,-277190000,None,44259000,339167000,None,41965000,None,None,3000,None,-111181000,None,None,15755000,None,517586000,6030000,339167000,8141000,358975000,None,None,None,344637000,683412000,113306000,None,25261093,USD,3712000,299000,-23744000,-23385000,33356000,29527000,-3843000,-5976000,-12307000,5441000,-342000,-6032000,8570000,None,14000,None,-2005000,11133000,359000,-2005000,None,5441000,34.86,35.71
4,2019-06-30,USD,53013000,41962000,16583000,36430000,-6224000,-5369000,7008000,None,-11470000,None,19946000,-692000,-5532000,5744000,5246000,-6101000,-5246000,-5246000,None,9264000,None,-6101000,-9956000,None,-5369000,-5369000,None,USD,657580000,207232000,None,7900000,424608000,232972000,6773000,62182000,3000,-98874000,7677000,273363000,10078000,108361000,107472000,None,None,-6889000,3568000,157014000,1857000,-247623000,None,40753000,305335000,None,45290000,None,None,3000,None,-98874000,None,None,14546000,None,500566000,6711000,305335000,5028000,317136000,None,None,None,338732000,657580000,108361000,None,25247707,USD,-80016000,-5204000,-80016000,-79825000,27367000,173417000,-5389000,-1307000,-5369000,93920000,519000,2968000,7765000,None,151439000,None,2430000,-2071000,191000,2430000,None,93541000,45.53,34.86
5,2019-03-31,USD,48493000,36270000,14788000,33705000,-3326000,-7830000,6398000,None,-8442000,None,16890000,-761000,-2565000,5259000,5116000,-612000,-5116000,-5116000,None,7723000,None,-612000,-8484000,None,-7830000,-7830000,None,USD,475930000,170880000,None,7055000,390865000,85065000,10157000,59523000,2000,-93505000,11135000,229319000,7439000,14022000,105037000,6012000,6012000,-5132000,2495000,59439000,1714000,-315134000,None,38362000,272098000,None,39502000,None,None,2000,None,-93505000,None,None,12083000,None,416491000,5097000,272098000,3573000,285828000,None,None,None,183700000,475930000,14022000,None,21443226,USD,-3172000,-1035000,-3172000,-2999000,-2134000,-4800000,-2762000,-2034000,-7830000,-3095000,4877000,-1554000,7387000,None,96000,None,5980000,1929000,173000,5980000,379000,-2716000,42.36,45.53
6,2018-12-31,USD,45180000,34959000,15012000,30168000,-18880000,1802000,5743000,0,-10125000,0,14544000,-14089000,-4791000,4683000,4518000,None,None,None,0,9989000,0,-11927000,-15323000,0,1802000,1802000,None,USD,483198000,179572000,None,6015000,395891000,87307000,13311000,57626000,2000,-85675000,14517000,225322000,8189000,16738000,107649000,6015000,6015000,-7501000,2827000,67288000,1573000,-317587000,None,44535000,273713000,None,44008000,None,None,2000,None,-85675000,None,None,6616000,None,415910000,None,273713000,1218000,288242000,None,None,None,180481000,483198000,16738000,None,21489112,USD,None,-10559000,-113193000,-112901000,120997000,112426000,-8520000,-10201000,1802000,1783000,2550000,8894000,6743000,None,-51000,None,-8385000,4055000,292000,-8385000,-1134000,649000,27.18,42.36
7,2018-09-30,USD,37144000,24714000,12083000,25061000,-397000,-4250000,5400000,0,-3515000,0,13211000,-744000,347000,3606000,3118000,None,None,None,0,2497000,0,735000,-6359000,0,-4250000,-4250000,None,USD,327493000,112156000,None,6264000,238258000,89235000,6808000,43575000,2000,-87477000,8445000,157078000,7260000,16089000,75915000,4330000,4330000,-4830000,2206000,48793000,1637000,-179999000,0,26440000,153898000,0,28010000,0,0,2000,0,-87477000,0,None,5623000,None,278700000,None,153898000,1637000,162343000,None,None,None,181540000,327493000,16089000,None,21589400,USD,None,-4289000,-2616000,-2488000,-1419000,-1723000,-780000,-3769000,-4250000,-3282000,1057000,24000,5387000,0,476000,0,210000,3975000,128000,210000,334000,-2948000,32.31,27.18
8,2018-06-30,USD,35946000,25788000,10849000,25097000,-1215000,-5230000,5286000,0,-4358000,0,13509000,-524000,-691000,3853000,3143000,None,None,None,0,3140000,0,872000,-6707000,0,-5230000,-5230000,None,USD,332897000,114777000,None,5554000,243143000,89754000,6358000,44388000,2000,-83227000,8213000,157389000,6668000,19037000,79173000,3290000,3290000,-5083000,2641000,51422000,1478000,-182412000,0,26831000,155757000,0,31495000,0,0,2000,0,-83227000,0,None,5190000,None,281475000,None,155757000,1855000,163970000,None,None,None,178062000,332897000,19037000,None,21516738,USD,None,-2356000,-11131000,-11042000,-1239000,-6454000,-5510000,-1063000,-5230000,-13370000,4215000,-158000,5045000,0,295000,0,2408000,4506000,89000,2408000,-98000,-13468000,34.37,32.31
9,2018-03-31,USD,31615000,21429000,10645000,20970000,-156000,-3161000,4891000,0,-2650000,0,11306000,303000,-459000,2130000,2494000,None,None,None,0,3102000,0,511000,-5293000,0,-3161000,-3161000,None,USD,338633000,115199000,None,5954000,242545000,96088000,4654000,45370000,2000,-77997000,5519000,148051000,6265000,32505000,80442000,3282000,3282000,-2856000,3081000,66037000,1388000,-167162000,0,27578000,156584000,0,31790000,0,0,2000,0,-77997000,0,None,201000,None,4676000,None,156584000,865000,162103000,None,None,None,176939000,338633000,32505000,None,21526426,USD,None,-3810000,-34746000,-34320000,48233000,45674000,-2646000,-5380000,-3161000,10453000,-475000,-1272000,4172000,0,87000,0,555000,3041000,426000,555000,-274000,10179000,28.79,34.37
10,2017-12-31,USD,27847000,20734000,9503000,18344000,-1841000,-3794000,4223000,0,-4051000,0,9400000,549000,-2390000,2387000,2210000,None,None,None,0,4724000,0,-257000,-20612000,0,-3794000,-3794000,None,USD,281259000,70043000,None,2856000,189844000,91415000,4832000,43807000,2000,-81128000,2076000,154607000,226646000,22326000,75139000,2301000,2301000,-2403000,2927000,51686000,1196000,-133235000,0,26504000,108843000,0,29031000,91415000,174944000,2000,0,-81128000,0,None,800000,None,229573000,None,108843000,1030000,114705000,None,None,None,174944000,281259000,22326000,None,20768401,USD,None,6044000,-49169000,-49216000,18863000,16644000,-3387000,5270000,-3794000,-30617000,1908000,-109000,3802000,0,1168000,0,-4710000,1428000,47000,-5463000,-33000,-30650000,21.66,28.79
11,2017-09-30,USD,26072000,19286000,9113000,16959000,-823000,-3506000,4092000,0,-3100000,0,9147000,1504000,-2327000,1648000,2277000,None,None,None,0,4399000,0,406000,2039000,0,-3506000,-3506000,None,USD,250847000,47512000,None,2970000,155500000,95347000,5538000,31842000,2000,-77334000,2665000,122904000,172310000,52976000,58590000,1701000,1701000,-2311000,3462000,75075000,1715000,-75069000,0,19129000,90006000,0,25047000,0,0,2000,0,-77334000,0,None,179000,None,175772000,None,90006000,1366000,96910000,None,None,None,174990000,250847000,52976000,None,20761399,USD,None,2361000,-24135000,-24067000,20428000,19333000,-1023000,2069000,-3506000,-4736000,66000,818000,3066000,0,-72000,0,753000,612000,68000,-3285000,292000,-4444000,21.16,21.66
12,2017-06-30,USD,23281000,18081000,8003000,15278000,-4455000,-5811000,4003000,0,-5615000,0,10501000,-1652000,-2803000,1299000,1160000,None,None,None,0,2278000,0,196000,-1765000,0,-5811000,-5811000,None,USD,224862000,41172000,None,2766000,128328000,96534000,5225000,29870000,2000,-73828000,2996000,103778000,146522000,57420000,52886000,3666000,72259000,-2819000,3876000,74464000,1242000,-48416000,0,14278000,68593000,0,19350000,0,0,2000,0,-73828000,0,None,330000,None,150398000,None,68593000,1624000,75442000,None,None,None,173179000,224862000,57420000,None,20599395,USD,None,-2333000,-17812000,-17785000,12997000,54847000,-753000,-833000,-5811000,37850000,815000,840000,2648000,0,42603000,0,4038000,5368000,27000,103000,153000,38003000,21.99,21.16
13,2017-03-31,USD,20752000,17340000,7028000,13724000,-3728000,-5614000,3477000,0,-4663000,0,9008000,-112000,-3616000,1164000,935000,None,None,None,0,3691000,0,951000,-1047000,0,-5614000,-5614000,None,USD,158710000,34933000,None,3589000,102831000,55879000,3827000,26328000,2000,-68017000,2183000,82803000,119192000,19417000,42557000,2685000,2685000,-3074000,4355000,35163000,1101000,-61857000,0,12157000,54491000,0,13544000,0,0,2000,0,-68017000,0,None,355000,None,123547000,None,54491000,1956000,60274000,None,None,None,126968000,158710000,19417000,None,18391917,USD,None,1704000,-19659000,-19311000,8841000,5354000,-3585000,6000,-5614000,-9378000,4927000,6000,2398000,0,98000,0,3935000,2498000,348000,3935000,37000,-9341000,15.89,21.99
14,2016-12-31,USD,19374000,12781000,7183000,12191000,-163000,-1973000,3218000,0,-1012000,0,7814000,427000,-590000,1021000,849000,None,None,None,0,728000,0,961000,-8294000,0,-1973000,-1973000,None,USD,150588000,28512000,None,3287000,91575000,59013000,3651000,23552000,2000,-62403000,1197000,69097000,98933000,28758000,39698000,2190000,2190000,-3152000,4356000,47299000,978000,-38596000,0,15254000,45739000,0,13956000,59013000,124566000,2000,0,-62403000,0,None,346000,None,103289000,None,45739000,2487000,51877000,None,None,None,124566000,150588000,28758000,None,17785288,USD,None,689000,-89000,-305000,10074000,8767000,-595000,1061000,-1973000,11418000,2740000,104000,2295000,0,-712000,0,-361000,2296000,216000,-671000,-140000,11278000,8.95,15.89
15,2016-09-30,USD,19241000,13758000,6792000,12449000,-1373000,-2390000,3737000,0,-2082000,0,7652000,-64000,-1309000,1322000,709000,None,None,None,0,1047000,0,308000,182000,0,-2390000,-2390000,None,USD,141878000,31217000,None,2282000,81772000,60106000,3328000,23134000,2000,-60430000,2960000,68441000,101849000,17480000,39686000,1490000,1490000,-2875000,5588000,34441000,1751000,-39552000,0,14679000,35937000,0,15062000,0,0,2000,0,-60430000,0,None,440000,None,107437000,None,35937000,2821000,42086000,None,None,None,123409000,141878000,17480000,None,17839507,USD,None,-373000,-37000,-2000,-912000,-828000,-595000,271000,-2390000,-677000,188000,271000,2424000,0,84000,0,310000,1310000,35000,-1054000,-30000,-707000,8.81,8.95
16,2016-06-30,USD,18570000,14294000,6740000,11830000,-2757000,-3577000,4054000,0,-3419000,0,7384000,-293000,-2464000,1476000,662000,None,None,None,0,1380000,0,158000,354000,0,-3577000,-3577000,None,USD,144563000,34407000,None,2621000,85584000,58979000,3068000,23985000,2000,-58040000,3157000,67830000,104364000,18187000,43022000,1504000,1504000,-2808000,5745000,34454000,1661000,-43258000,0,13646000,36355000,0,17533000,0,0,2000,0,-58040000,0,None,466000,None,110109000,None,36355000,3139000,42562000,None,None,None,119825000,144563000,18187000,None,17268246,USD,None,218000,-3913000,-3742000,8798000,7409000,-1484000,399000,-3577000,4561000,1065000,399000,2560000,0,95000,0,1364000,1171000,171000,294000,41000,4602000,7.62,8.81
17,2016-03-31,USD,17582000,14893000,6850000,10732000,-4909000,-5573000,3910000,0,-5470000,0,7083000,-748000,-4161000,1472000,561000,None,None,None,0,2428000,0,103000,-1309000,0,-5573000,-5573000,None,USD,136524000,33913000,None,2996000,74939000,61585000,2934000,21510000,2000,-54463000,3438000,64848000,100764000,13585000,41485000,1497000,1497000,-2813000,6018000,29742000,1587000,-37176000,0,13161000,27108000,0,18478000,0,0,2000,0,-54463000,0,None,416000,None,106782000,None,27108000,3412000,33454000,None,None,None,118859000,136524000,13585000,None,17198049,USD,None,626000,-9190000,-8510000,4159000,4177000,-1484000,150000,-5573000,-5131000,-118000,150000,2515000,0,18000,0,1070000,1094000,680000,1070000,243000,-4888000,6.87,7.62
18,2015-12-31,USD,17600000,13369000,7010000,10590000,-2936000,-4263000,3848000,0,-3409000,0,6820000,-157000,-2779000,1327000,473000,None,None,None,0,1374000,0,854000,-4938000,0,-4263000,-4263000,None,USD,122414000,31526000,None,2603000,62144000,60270000,2826000,19931000,2000,-48890000,379000,47422000,81365000,18473000,34002000,1500000,1500000,-3289000,6001000,35048000,2018000,-18678000,0,13972000,22366000,0,12571000,0,0,2000,0,-48890000,0,None,399000,None,87366000,None,22366000,2950000,28142000,None,None,None,112447000,122414000,18473000,None,15000000,USD,None,113000,-5864000,-5369000,-573000,-1003000,-377000,-923000,-4263000,-10041000,-3174000,776000,2374000,0,-80000,0,741000,774000,495000,-2948000,-180000,-10221000,7.05,6.87
19,2015-09-30,USD,17105000,12466000,6448000,10657000,-1672000,-2324000,3852000,0,-2134000,0,7308000,137000,-1809000,1130000,462000,None,None,None,0,176000,0,190000,263000,0,-2324000,-2324000,None,USD,121017000,29972000,None,1778000,58214000,62803000,2733000,18749000,2000,-44627000,2320000,43098000,75605000,28694000,30558000,1495000,None,-2961000,4507000,40905000,2167000,-10267000,0,10433000,22624000,0,10314000,0,0,2000,0,-44627000,0,None,368000,None,80112000,None,22624000,2299000,27656000,None,None,None,110389000,121017000,28694000,None,15554588,USD,None,-3542000,-30000,106000,-781000,-826000,-9000,None,-2324000,-57000,799000,1133000,2037000,0,-36000,0,3689000,1323000,136000,2172000,-301000,-358000,7.9,7.05
