,fiscalDateEnding,reportedCurrency_x,totalRevenue,totalOperatingExpense,costOfRevenue,grossProfit,ebit,netIncome_x,researchAndDevelopment,effectOfAccountingCharges,incomeBeforeTax,minorityInterest,sellingGeneralAdministrative,otherNonOperatingIncome,operatingIncome,otherOperatingExpense,interestExpense,taxProvision,interestIncome,netInterestIncome,extraordinaryItems,nonRecurring,otherItems,incomeTaxExpense,totalOtherIncomeExpense,discontinuedOperations,netIncomeFromContinuingOperations,netIncomeApplicableToCommonShares,preferredStockAndOtherAdjustments,reportedCurrency_y,totalAssets,intangibleAssets,earningAssets,otherCurrentAssets,totalLiabilities,totalShareholderEquity,deferredLongTermLiabilities,otherCurrentLiabilities,commonStock,retainedEarnings,otherLiabilities,goodwill,otherAssets,cash,totalCurrentLiabilities,shortTermDebt,currentLongTermDebt,otherShareholderEquity,propertyPlantEquipment,totalCurrentAssets,longTermInvestments,netTangibleAssets,shortTermInvestments,netReceivables,longTermDebt,inventory,accountsPayable,totalPermanentEquity,additionalPaidInCapital,commonStockTotalEquity,preferredStockTotalEquity,retainedEarningsTotalEquity,treasuryStock,accumulatedAmortization,otherNonCurrrentAssets,deferredLongTermAssetCharges,totalNonCurrentAssets,capitalLeaseObligations,totalLongTermDebt,otherNonCurrentLiabilities,totalNonCurrentLiabilities,negativeGoodwill,warrants,preferredStockRedeemable,capitalSurplus,liabilitiesAndShareholderEquity,cashAndShortTermInvestments,accumulatedDepreciation,commonStockSharesOutstanding,reportedCurrency,investments,changeInLiabilities,cashflowFromInvestment,otherCashflowFromInvestment,netBorrowings,cashflowFromFinancing,otherCashflowFromFinancing,changeInOperatingActivities,netIncome_y,changeInCash,operatingCashflow,otherOperatingCashflow,depreciation,dividendPayout,stockSaleAndPurchase,changeInInventory,changeInAccountReceivables,changeInNetIncome,capitalExpenditures,changeInReceivables,changeInExchangeRate,changeInCashAndCashEquivalents,clossingVal,nextClossingVal
0,2020-06-30,USD,372000,32172000,48000,324000,-31325000,-31349000,8106000,None,-31349000,None,24018000,None,-31800000,None,None,None,451000,451000,None,None,None,None,None,None,-31349000,-31349000,None,USD,161077000,None,None,None,18417000,142660000,None,None,60000,-297159000,None,None,223000,36350000,16423000,None,None,760000,4412000,129943000,26499000,142660000,88773000,402000,None,1125000,4598000,None,None,None,None,None,None,None,223000,None,31134000,3470000,None,None,1994000,None,None,None,None,None,None,None,None,USD,17514000,452000,17514000,None,None,16298000,203000,1152000,-31349000,9883000,-23929000,None,475000,None,None,None,None,6868000,287000,None,None,None,26.12,
1,2020-03-31,USD,0,38561000,0,0,-38105000,-37793000,16588000,None,-37793000,None,21973000,None,-38561000,None,None,None,811000,768000,None,None,None,None,None,None,-37793000,-37793000,None,USD,166929000,None,None,1223000,16475000,150454000,None,None,58000,-265810000,None,None,502000,26468000,14207000,None,None,311000,4424000,121866000,40137000,150454000,92623000,None,None,None,4152000,None,None,None,None,None,None,None,502000,None,45063000,3900000,None,None,2268000,None,None,None,415895000,None,119091000,None,21000000,USD,13025000,-2498000,13025000,13121000,None,90000,-203000,-3154000,-37793000,-22520000,-35635000,None,456000,None,293000,None,None,7354000,96000,None,None,None,17.84,26.12
2,2019-12-31,USD,0,39839000,0,0,-38703000,-38973000,20094000,None,-38973000,None,19745000,None,-39839000,None,None,None,1006000,1150000,None,None,None,None,866000,None,-38973000,-38973000,None,USD,202388000,None,None,523000,22086000,180302000,None,1585000,57000,-228017000,None,None,487000,49688000,19482000,None,None,276000,4712000,148634000,48555000,180302000,97389000,None,None,None,4694000,None,None,None,None,None,None,None,487000,None,53754000,2604000,None,None,2604000,None,None,None,407986000,None,147077000,None,21000000,USD,9296000,3118000,9296000,-168000,None,245000,-76000,1755000,-38973000,-16459000,-26000000,None,1136000,None,165326000,0,0,6964000,192000,None,None,None,33.37,17.84
3,2019-09-30,USD,0,23453000,0,0,-23388000,-22252000,9481000,None,-22252000,None,13972000,None,-23453000,None,None,None,1257000,1201000,None,None,None,None,1201000,None,-22252000,-22252000,None,USD,226753000,None,None,523000,15837000,210916000,None,1126000,57000,-189044000,None,None,55000,66147000,14088000,None,None,303000,3316000,159876000,63506000,210916000,92046000,None,None,None,2638000,None,None,None,None,None,None,None,55000,None,66877000,2875000,None,None,1749000,None,None,None,399600000,None,158193000,None,21000000,USD,-12659000,809000,-12659000,-168000,None,1126000,-76000,1938000,-22252000,-24061000,-12528000,None,65000,None,165005000,0,0,7403000,49000,None,None,None,23.83,33.37
4,2019-06-30,USD,18000,23771000,0,18000,-23693000,-22477000,9996000,None,-22477000,None,13775000,None,-23753000,None,None,None,1343000,1276000,None,None,None,None,2552000,None,-22477000,-22477000,None,USD,238566000,None,None,307000,13787000,224779000,None,1067000,57000,-166792000,None,None,55000,90424000,11844000,None,None,281000,3466000,191194000,43851000,224779000,98739000,None,None,None,2101000,None,None,None,None,None,None,None,55000,None,47372000,3010000,None,None,1943000,None,None,None,391233000,None,189163000,None,21000000,USD,-142186000,1441000,-142186000,-4000,None,373000,-76000,-669000,-22477000,-156368000,-14555000,None,60000,None,163879000,0,0,7335000,40000,None,None,None,35.94,23.83
5,2019-03-31,USD,0,22433000,0,0,-22370000,-21444000,9726000,None,-21444000,None,12707000,None,-22433000,None,None,None,1010000,989000,None,None,None,None,989000,None,-21444000,-21444000,None,USD,252052000,None,None,407000,12461000,239591000,None,1001000,56000,-144315000,2184000,None,51000,246692000,10277000,1001000,1001000,None,3706000,248295000,None,239591000,None,None,2184000,None,1700000,None,None,None,None,None,None,None,51000,None,3757000,3185000,None,None,2184000,None,None,None,383850000,None,246692000,None,19000000,USD,-44000,-2440000,-44000,-4000,None,163506000,-76000,-1632000,-21444000,145528000,-17934000,None,63000,None,163506000,0,0,7519000,44000,None,None,None,36.94,35.94
6,2018-12-31,USD,845000,21174000,748000,97000,-21174000,-23717000,10722000,0,-23592000,0,10452000,None,-21174000,0,-124000,None,None,None,0,0,0,125000,-1993000,0,-23717000,-23717000,None,USD,103559000,None,None,253000,13465000,90094000,None,None,44000,-122871000,None,None,368000,101318000,13465000,None,None,None,948000,102243000,None,90094000,None,None,None,None,4272000,None,None,None,None,None,None,None,None,None,None,None,None,None,None,None,None,None,212921000,None,101318000,None,16000000,USD,-142142000,2147000,-26000,-2000,None,2200000,-215000,2230000,-23717000,-8110000,-10284000,None,251000,None,66636000,316000,112000,8693000,24000,None,None,None,43.06,36.94
7,2018-09-30,USD,283000,16715000,1055000,-772000,-16432000,-20533000,7917000,0,-20533000,0,7743000,None,-16432000,0,-124000,None,None,None,0,0,0,0,-4101000,0,-20533000,-20533000,None,USD,112558000,None,None,1247000,8975000,103583000,None,2684000,44000,-99154000,None,None,95000,109483000,8975000,None,None,None,992000,111471000,None,103583000,197000,112000,None,None,6291000,None,None,None,None,None,None,None,None,None,None,None,None,None,None,None,None,None,None,None,None,None,16000000,USD,-142142000,550000,-333000,-1000,None,-14000,-215000,868000,-20533000,-9626000,-9279000,None,58000,None,None,142000,120000,9515000,332000,None,None,None,47.23,43.06
8,2018-06-30,USD,364000,18798000,318000,46000,-18434000,-18026000,8273000,0,-18026000,0,10207000,None,-18434000,0,-124000,None,None,None,0,0,0,0,408000,0,-18026000,-18026000,None,USD,121502000,None,None,197000,7952000,113550000,None,86000,43000,-78622000,None,None,80000,119109000,7952000,None,None,None,718000,120704000,None,113550000,197000,232000,None,142000,5655000,None,None,None,None,None,None,None,None,None,None,None,None,None,None,None,None,None,None,None,None,None,16000000,USD,None,1518000,-183000,-51000,None,-21000,-215000,622000,-18026000,-8351000,-8147000,None,51000,None,None,207000,-228000,7709000,132000,None,None,None,49.76,47.23
9,2018-03-31,USD,481000,14121000,430000,51000,-13640000,-13382000,7622000,0,-13382000,0,6069000,None,-13640000,0,-124000,None,None,None,0,0,0,0,258000,0,-13382000,-13382000,None,USD,129402000,None,None,197000,5535000,123867000,None,196000,42000,-60596000,None,None,29000,127460000,5535000,None,None,None,637000,128736000,None,123867000,197000,4000,None,349000,4048000,None,None,None,None,None,None,None,None,None,None,None,None,None,None,None,None,None,None,None,None,None,15000000,USD,35901000,-660000,35829000,-51000,None,64256000,-215000,-427000,-13382000,90461000,-9624000,None,57000,None,64256000,-33000,-4000,4825000,72000,None,None,None,49.69,49.76
10,2017-12-31,USD,327000,27141000,10427000,40500,-26804500,-27292000,6761000,0,-27273000,0,9624500,None,-26804500,0,-556500,None,None,None,0,0,0,0,-468500,0,-27292000,-28137000,None,USD,75550000,None,None,958000,7035000,68515000,None,2600000,37000,-47214000,None,None,273000,36999000,7035000,None,None,None,805000,74472000,None,68515000,36199000,None,None,316000,4435000,None,None,None,None,None,None,None,None,None,None,None,None,None,None,None,None,None,None,None,None,None,10000000,USD,-36001000,3797000,-36277000,-5000,None,61585000,-42000,701000,-20000000,15740000,-9568000,None,207000,None,61245000,-211000,83000,6468000,271000,None,None,None,37.21,49.69
11,2017-09-30,USD,7812000,4524000,8098000,7518500,3316500,3875000,5621000,0,3875000,0,61500,None,3316500,0,553500,None,None,None,0,0,0,19000,558500,0,3875000,3287000,None,USD,81188000,None,None,910000,4927000,76261000,None,1439000,35000,-37128000,None,None,29000,79171000,4927000,None,None,None,710000,80449000,None,76261000,197000,34000,None,137000,3488000,None,None,None,None,None,None,None,None,None,None,None,None,None,None,None,None,None,None,None,None,None,13000000,USD,-36001000,2156000,-120000,-100000,None,61641000,-728000,-179000,-298000,2078000,2597000,None,17000,None,329000,261000,49000,2158000,118000,None,None,None,31.52,37.21
12,2017-06-30,USD,38000,-8311000,5864000,-1500,8282500,8225000,3651000,0,8225000,0,-2462500,None,8282500,0,-57500,None,None,None,0,0,0,0,-57500,0,8225000,9245000,None,USD,79038000,None,None,704000,4966000,74072000,None,1423000,35000,-36830000,None,None,29000,77093000,4966000,None,None,None,707000,78302000,None,74072000,97000,10000,None,398000,3543000,None,None,None,None,None,None,None,None,None,None,None,None,None,None,None,None,None,None,None,None,None,9000000,USD,-36001000,1456000,-21000,-1000,None,62040000,-728000,307000,-6199000,58666000,-3461000,None,87000,None,61766000,-167000,73000,1852000,98000,None,None,None,18.06,31.52
13,2017-03-31,USD,19000,4754000,3512000,500,-4744500,-4808000,2664000,0,-4808000,0,1587500,None,-4744500,0,-63500,None,None,None,0,0,0,0,-63500,0,-4808000,-5220000,None,USD,None,None,None,None,None,16303000,None,None,None,None,None,None,None,None,None,None,None,None,None,None,None,16303000,None,None,None,None,None,None,None,None,None,None,None,None,None,None,None,None,None,None,None,None,None,None,None,None,None,None,2000000,USD,-36001000,671000,-51500,-2500,None,31020000,-728000,58500,-4808000,27865500,-3103000,None,66000,None,30829000,-146500,36500,1019500,49000,None,None,None,nan,18.06
14,2016-12-31,USD,17530000,16732000,1848000,17502000,798000,12923000,2372000,0,12923000,0,6417000,None,15601000,0,-124000,None,None,None,0,0,0,0,-2739000,0,-1941000,12923000,None,USD,23056000,None,None,396000,6749000,16307000,None,1257000,6000,-27214000,None,None,274000,21362000,3137000,None,None,None,741000,22041000,None,16294000,95000,83000,3612000,105000,1880000,None,None,None,13000,None,None,None,None,None,None,None,None,None,None,None,None,None,None,None,None,None,None,USD,-36001000,481000,-719000,-24000,None,-9000,-579000,917000,12923000,3461000,4189000,None,213000,None,61245000,-105000,-83000,4707000,695000,None,None,None,nan,nan
15,2016-09-30,USD,0,0,6053000,0,0,0,2873000,0,0,0,0,None,0,0,0,None,None,None,0,0,0,0,0,0,0,0,None,USD,None,None,None,None,None,None,None,None,None,None,None,None,None,None,None,None,None,None,None,None,None,None,None,None,None,None,None,None,None,None,None,None,None,None,None,None,None,None,None,None,None,None,None,None,None,None,None,None,2000000,USD,None,None,None,None,None,None,None,None,None,None,None,None,None,None,None,None,None,None,0,None,None,None,nan,nan
16,2016-06-30,USD,0,0,3357000,0,0,0,2351000,0,0,0,0,None,0,0,0,None,None,None,0,0,0,0,0,0,0,0,None,USD,None,None,None,None,None,None,None,None,None,None,None,None,None,None,None,None,None,None,None,None,None,None,None,None,None,None,None,None,None,None,None,None,None,None,None,None,None,None,None,None,None,None,None,None,None,None,None,None,2000000,USD,None,None,None,None,None,None,None,None,None,None,None,None,None,None,None,None,None,None,0,None,None,None,nan,nan
17,2016-03-31,USD,0,0,3561000,0,0,0,2691000,0,0,0,0,None,0,0,0,None,None,None,0,0,0,0,0,0,0,0,None,USD,None,None,None,None,None,None,None,None,None,None,None,None,None,None,None,None,None,None,None,None,None,None,None,None,None,None,None,None,None,None,None,None,None,None,None,None,None,None,None,None,None,None,None,None,None,None,None,None,None,USD,None,None,None,None,None,None,None,None,None,None,None,None,None,None,None,None,None,None,0,None,None,None,nan,nan
18,2015-12-31,USD,0,12410000,0,0,-12410000,-12689000,10515000,0,-12689000,0,12297000,None,-12410000,0,279000,None,None,None,0,0,0,0,-279000,0,-12689000,-13541000,None,USD,19390000,None,None,1135000,3109000,16281000,None,509000,6000,-25273000,None,None,None,17975000,2237000,None,None,None,259000,19131000,None,16277000,21000,None,872000,None,1728000,None,None,None,13000,None,None,None,None,None,None,None,None,None,None,None,None,None,None,None,None,None,None,USD,-36001000,1155000,-301000,-24000,None,21581000,-579000,-546000,-12689000,14105000,-7175000,None,113000,None,61245000,-105000,-83000,4792000,301000,None,None,None,nan,nan
19,2015-09-30,USD,0,0,0,0,0,0,0,0,0,0,0,None,0,0,0,None,None,None,0,0,0,0,0,0,0,0,None,USD,None,None,None,None,None,None,None,None,None,None,None,None,None,None,None,None,None,None,None,None,None,None,None,None,None,None,None,None,None,None,None,None,None,None,None,None,None,None,None,None,None,None,None,None,None,None,None,None,None,USD,None,None,None,None,None,None,None,None,None,None,None,None,None,None,None,None,None,None,0,None,None,None,nan,nan
