,fiscalDateEnding,reportedCurrency_x,totalRevenue,totalOperatingExpense,costOfRevenue,grossProfit,ebit,netIncome_x,researchAndDevelopment,effectOfAccountingCharges,incomeBeforeTax,minorityInterest,sellingGeneralAdministrative,otherNonOperatingIncome,operatingIncome,otherOperatingExpense,interestExpense,taxProvision,interestIncome,netInterestIncome,extraordinaryItems,nonRecurring,otherItems,incomeTaxExpense,totalOtherIncomeExpense,discontinuedOperations,netIncomeFromContinuingOperations,netIncomeApplicableToCommonShares,preferredStockAndOtherAdjustments,reportedCurrency_y,totalAssets,intangibleAssets,earningAssets,otherCurrentAssets,totalLiabilities,totalShareholderEquity,deferredLongTermLiabilities,otherCurrentLiabilities,commonStock,retainedEarnings,otherLiabilities,goodwill,otherAssets,cash,totalCurrentLiabilities,shortTermDebt,currentLongTermDebt,otherShareholderEquity,propertyPlantEquipment,totalCurrentAssets,longTermInvestments,netTangibleAssets,shortTermInvestments,netReceivables,longTermDebt,inventory,accountsPayable,totalPermanentEquity,additionalPaidInCapital,commonStockTotalEquity,preferredStockTotalEquity,retainedEarningsTotalEquity,treasuryStock,accumulatedAmortization,otherNonCurrrentAssets,deferredLongTermAssetCharges,totalNonCurrentAssets,capitalLeaseObligations,totalLongTermDebt,otherNonCurrentLiabilities,totalNonCurrentLiabilities,negativeGoodwill,warrants,preferredStockRedeemable,capitalSurplus,liabilitiesAndShareholderEquity,cashAndShortTermInvestments,accumulatedDepreciation,commonStockSharesOutstanding,reportedCurrency,investments,changeInLiabilities,cashflowFromInvestment,otherCashflowFromInvestment,netBorrowings,cashflowFromFinancing,otherCashflowFromFinancing,changeInOperatingActivities,netIncome_y,changeInCash,operatingCashflow,otherOperatingCashflow,depreciation,dividendPayout,stockSaleAndPurchase,changeInInventory,changeInAccountReceivables,changeInNetIncome,capitalExpenditures,changeInReceivables,changeInExchangeRate,changeInCashAndCashEquivalents,clossingVal,nextClossingVal
0,2020-06-30,USD,123737000,110114000,11324000,112413000,936000,-931000,None,None,-299000,None,37617000,-64000,1000000,71909000,1235000,632000,None,-1235000,None,588000,None,632000,-636000,None,-931000,-931000,None,USD,342774000,15773000,None,7748000,267268000,75506000,24824000,38027000,120000,70287000,35524000,5231000,1209000,92000,74257000,3064000,3064000,None,242760000,69935000,None,54502000,None,61309000,92158000,786000,42237000,None,None,120000,None,70287000,-54466000,None,9075000,None,272839000,94285000,92158000,66958000,183940000,None,None,None,59565000,342774000,92000,None,None,USD,1751000,1485000,1751000,423000,-5549000,-13817000,-8268000,-1882000,-931000,7000,12073000,207000,10034000,None,None,2089000,None,475000,1328000,803000,None,7000,7.75,
1,2020-03-31,USD,126773000,112387000,14968000,111805000,-2358000,-2551000,None,None,-4042000,None,39771000,-46000,-2312000,72616000,1684000,-1491000,-1684000,-1684000,None,None,None,-1491000,-84000,None,-2551000,-2551000,None,USD,353551000,16113000,None,9067000,277477000,76074000,25769000,43456000,120000,71218000,35260000,5231000,1478000,85000,84522000,4613000,4613000,None,247909000,72990000,None,54730000,None,63119000,95501000,719000,45944000,None,None,120000,None,71218000,-54589000,None,11308000,None,280561000,96159000,95501000,62194000,183464000,None,None,None,59325000,353551000,85000,None,9000000,USD,-10101000,109000,-10101000,1036000,11963000,7756000,-4207000,-13000,-2551000,-12000,2333000,-930000,10011000,None,-57000,-917000,None,2294000,11137000,-6600000,None,-12000,3.17,7.75
2,2019-12-31,USD,124111000,122110000,3791000,120320000,-3845000,-4827000,None,None,-5320000,None,37706000,-290000,-3555000,83986000,3241000,-493000,-1646000,-1646000,None,418000,None,-493000,-742000,None,-4827000,-4827000,None,USD,350710000,16453000,None,10397000,272499000,78211000,24017000,46354000,120000,73769000,33542000,5231000,2058000,97000,91399000,6165000,6165000,None,248669000,66524000,None,56527000,None,55261000,83349000,769000,48405000,None,None,120000,None,73769000,-58916000,None,13833000,None,284186000,101038000,83349000,64209000,171575000,None,None,None,63238000,350710000,97000,None,9000000,USD,-8107000,4571000,-8107000,-33263000,-4706000,-9109000,-4403000,-2023000,-4827000,-187000,17029000,-606000,9598000,None,-78000,1417000,6836000,1457000,28175000,6836000,None,-187000,7.45,3.17
3,2019-09-30,USD,130924000,107890000,21308000,109616000,-179000,-1373000,None,None,-1794000,None,36396000,-145000,-34000,71493000,1615000,-421000,-1615000,-1615000,None,1000,None,-421000,550000,None,-1373000,-1373000,None,USD,349930000,16793000,None,9173000,267419000,82511000,23564000,37353000,120000,78596000,33892000,5231000,1662000,284000,73256000,1647000,1647000,None,242040000,72127000,None,60487000,None,61952000,87093000,718000,44584000,None,None,120000,None,78596000,-58790000,None,13739000,None,277803000,100203000,87093000,73178000,183835000,None,None,None,62585000,349930000,284000,None,9000000,USD,1181000,-3576000,1181000,8466000,-11770000,-11775000,2383000,-269000,-1373000,86000,10680000,-1018000,9652000,None,-78000,471000,7348000,-1573000,25156000,7348000,None,86000,8.03,7.45
4,2019-06-30,USD,133622000,107892000,21981000,111641000,1983000,1000,None,None,217000,None,38138000,-171000,1983000,69387000,1595000,216000,-1595000,-1595000,None,367000,None,216000,-679000,None,1000,1000,None,USD,357433000,17133000,None,7309000,273437000,83996000,24292000,39623000,120000,79969000,34672000,5231000,1730000,198000,77503000,2225000,2225000,None,242184000,77581000,None,61632000,None,69300000,96213000,774000,46035000,None,None,120000,None,79969000,-58811000,None,15304000,None,279852000,94292000,96213000,65049000,185554000,None,None,None,62718000,357433000,198000,None,9000000,USD,-6383000,-1563000,-17871000,7338000,-1254000,-1793000,-538000,-2655000,1000,-386000,7790000,3316000,9125000,None,-73000,3333000,-1481000,1030000,8168000,-1481000,None,-386000,10.11,8.03
5,2019-03-31,USD,133974000,130198000,61912000,72062000,12602000,1501000,None,None,2043000,None,54928000,-137000,3921000,66947000,1741000,542000,-1741000,-1741000,None,None,None,542000,8000,None,1501000,1501000,None,USD,354449000,17474000,None,9398000,271158000,83291000,None,36183000,120000,79968000,34649000,5231000,1713000,584000,82653000,2144000,2144000,None,251488000,78543000,None,60586000,None,63345000,92450000,742000,29934000,None,None,120000,None,79968000,-59189000,None,1713000,None,275906000,87403000,92450000,61406000,188505000,None,None,None,62392000,354449000,584000,None,8000000,USD,-11488000,2172000,-11488000,5553000,3191000,3119000,-72000,708000,1501000,-405000,7964000,-1113000,8818000,None,-72000,-403000,-4942000,1528000,17041000,-4942000,None,-405000,14.44,10.11
6,2018-12-31,USD,534060000,299087000,232140000,301920000,9133000,5325000,0,0,7187000,0,79625000,None,8713000,220101000,-1187000,1862000,None,None,0,-639000,0,1862000,-631000,0,5325000,5325000,None,USD,321804000,17837000,None,9835000,241334000,80470000,None,95347000,120000,77664000,33565000,4926000,1003000,989000,69009000,75187000,None,None,225385000,72653000,None,57707000,None,62110000,85300000,722000,70800000,None,None,120000,None,77664000,-63747000,None,None,None,248148000,None,138760000,None,None,None,None,None,66433000,321804000,989000,None,8000000,USD,None,-7214000,-52099000,-49867000,40751000,40749000,-2000,340000,5325000,983000,12333000,-1630000,6932000,None,-136000,-2543000,6207000,2713000,2232000,6207000,None,983000,14.97,14.44
7,2018-09-30,USD,132583000,-27477000,20443000,-20443000,5383000,3300000,0,0,4572000,0,35479000,-420000,5803000,-62956000,811000,1272000,None,None,0,0,0,1272000,-330000,0,3300000,3300000,None,USD,253322000,0,None,5815000,179484000,73838000,0,9012000,120000,72339000,28827000,0,1277000,6000,64693000,10299000,None,None,184430000,67615000,None,73838000,0,62638000,46000000,433000,74209000,0,0,120000,0,72339000,-64976000,None,None,None,184430000,39964000,85964000,None,85964000,None,None,None,66355000,253322000,6000,None,8000000,USD,5323000,-6544000,2834000,6010000,-13335000,-13359000,-24000,-850000,3300000,-23000,10502000,1359000,6735000,0,-134000,1304000,3962000,1690000,8499000,3962000,None,-23000,20.23,14.97
8,2018-06-30,USD,135381000,-25259000,20002000,-20002000,4311000,2544000,0,0,3365000,0,36159000,None,4311000,-61418000,-833000,821000,None,None,0,639000,0,821000,-551000,0,2544000,2544000,None,USD,250150000,0,None,7707000,180025000,70125000,0,9730000,120000,69039000,28004000,0,1332000,29000,71077000,9344000,90288000,None,170020000,78798000,None,70125000,0,71979000,54950000,415000,80007000,0,0,120000,0,69039000,-64772000,None,None,None,170020000,25994000,80944000,None,80944000,None,None,None,65738000,250150000,29000,None,8000000,USD,None,-221000,-2523000,1458000,-205000,-275000,-70000,96000,2544000,23000,2821000,1466000,7477000,0,-110000,1411000,-6168000,-2277000,3981000,-6168000,None,23000,23.47,20.23
9,2018-03-31,USD,125013000,-21248000,19794000,-19794000,2392000,1035000,0,0,1454000,0,37676000,None,2392000,-58924000,818000,419000,None,None,0,-639000,0,419000,-841000,0,1035000,1035000,None,USD,247484000,0,None,6806000,180137000,67347000,20616000,20857000,121000,66495000,11703000,0,1386000,6000,66897000,9502000,90852000,None,179703000,66395000,None,67347000,0,59155000,53750000,428000,57395000,0,0,121000,0,66495000,-65666000,None,1386000,None,181089000,27600000,81350000,11274000,113240000,None,None,None,66397000,247484000,6000,None,8000000,USD,None,11103000,1001000,1308000,-16633000,-16673000,-40000,1430000,1035000,-65000,15607000,-1176000,7180000,0,-40000,-598000,-1230000,-1305000,307000,-1230000,None,-65000,25.49,23.47
10,2017-12-31,USD,123270000,56664000,64185000,59085000,5493000,14824000,0,0,4533000,0,47012000,None,5493000,9652000,886000,None,None,None,0,-1917000,0,-10291000,-4352000,0,14824000,14824000,None,USD,253855000,0,None,6137000,187367000,66488000,480000,11274000,121000,65460000,11754000,0,1448000,71000,64036000,46260000,107485000,None,187816000,64591000,None,66488000,0,59373000,61225000,458000,68128000,0,0,121000,0,65460000,-67760000,None,None,None,187816000,None,61225000,None,61705000,None,None,None,68667000,253855000,71000,None,8000000,USD,10980000,2721000,-1762000,4569000,-13567000,-13569000,-2000,5344000,14822000,-122000,15209000,-3028000,7150000,0,0,117000,2323000,-10545000,6331000,4089000,None,-122000,18.13,25.49
11,2017-09-30,USD,114235000,50078000,61297000,52938000,1804000,409000,0,0,748000,0,40800000,None,1804000,9278000,969000,None,None,None,0,2556000,0,339000,0,0,409000,409000,None,USD,263045000,0,None,4073000,211548000,51497000,32421000,9424000,121000,50638000,9955000,0,1024000,193000,63821000,15021000,120903000,None,195005000,67016000,None,51497000,0,63347000,77500000,427000,48800000,0,0,121000,0,50638000,-67760000,None,None,None,195005000,28382000,105882000,None,138303000,None,None,None,68498000,263045000,193000,None,8000000,USD,None,5005000,-4727000,-550000,-6020000,-6032000,-11000,-1093000,411000,27000,10786000,1107000,6790000,0,-1000,0,1766000,183000,4177000,-2710000,None,27000,14.05,18.13
12,2017-06-30,USD,107358000,52735000,58667000,48691000,-2966000,-2846000,0,0,-4044000,0,43300000,None,-2966000,9435000,950000,None,None,None,0,-639000,0,-1198000,0,0,-2846000,-2846000,None,USD,260734000,0,None,5561000,209772000,50962000,582000,9424000,122000,50227000,10006000,0,1070000,166000,56451000,47635000,127810000,None,193909000,65755000,None,50962000,0,59615000,80175000,413000,71956000,0,0,122000,0,50227000,-67760000,None,1070000,None,194979000,None,80175000,None,80757000,None,None,None,68373000,260734000,166000,None,8000000,USD,None,-2263000,3961000,5117000,-5567000,-5609000,15000,-574000,-2846000,46000,1694000,2023000,6879000,0,-57000,0,944000,-2470000,1156000,371000,None,46000,8.66,14.05
13,2017-03-31,USD,101670000,51045000,58125000,43545000,-6399000,-4890000,0,0,-7500000,0,41547000,None,-6399000,9498000,1003000,None,None,None,0,0,0,-2610000,0,0,-4890000,-4890000,None,USD,273241000,0,None,8192000,219522000,53719000,632000,9424000,121000,53073000,10056000,0,1158000,120000,61957000,51734000,15824000,None,201822000,70261000,None,53719000,0,62698000,80175000,409000,77557000,0,0,121000,0,53073000,-67872000,None,None,None,201822000,None,80175000,None,80807000,None,None,None,68397000,273241000,120000,-110481000,8000000,USD,10980000,8666000,13407000,4739000,-21177000,-21177000,15000,31000,-4890000,-2000,7768000,-244000,7644000,0,0,0,573000,-3981000,2312000,573000,None,-2000,7.35,8.66
14,2016-12-31,USD,103135000,63910000,55461000,47674000,-4638000,-3812000,0,0,-5708000,0,41367000,None,-4638000,9176000,969000,None,None,None,0,13367000,0,-1896000,-11528000,0,-3812000,-3812000,None,USD,294968000,0,None,10848000,236505000,58463000,37900000,97252000,122000,58172000,9210000,0,1189000,122000,57662000,20685000,152418000,None,220283000,73496000,None,58463000,0,63302000,131733000,413000,36977000,0,0,122000,0,58172000,-67872000,None,None,None,220283000,35133000,35133000,8558000,81591000,None,None,None,68041000,294968000,122000,-106465000,9000000,USD,10980000,-8854000,5969000,3285000,-2951000,-3014000,-80000,725000,-3812000,-20000,-2975000,-1016000,7672000,0,17000,-2554000,1949000,1698000,2684000,5206000,None,-20000,8.71,7.35
15,2016-09-30,USD,105458000,50970000,55446000,50012000,42000,-734000,0,0,-958000,0,41879000,None,42000,9091000,914000,None,None,None,0,0,0,-224000,0,0,-734000,-734000,None,USD,310990000,0,None,12734000,248933000,62057000,0,108909000,121000,61984000,9209000,0,1243000,142000,65585000,51428000,None,None,229113000,80634000,None,62057000,0,67376000,134057000,382000,88596000,0,0,121000,0,61984000,-67955000,None,1243000,None,230356000,None,None,None,None,None,None,None,67907000,310990000,142000,-105539000,8000000,USD,None,2489000,-25502000,9868000,22287000,14756000,-63000,None,-734000,-980000,9766000,59000,7411000,0,-7468000,1224000,3257000,-132000,35370000,-1866000,None,-980000,10.24,8.71
16,2016-06-30,USD,109888000,54339000,56970000,52918000,-557000,-1346000,0,0,-1421000,0,45061000,None,-557000,9278000,730000,None,None,None,0,0,0,-75000,0,0,-1346000,-1346000,None,USD,301162000,0,None,10320000,231142000,70020000,0,9177000,121000,62718000,9177000,0,1301000,1122000,65937000,16901000,None,None,222414000,77447000,None,70020000,0,66829000,97000000,477000,89422000,0,0,121000,0,62718000,-60447000,None,None,None,222414000,18642000,115642000,None,115642000,None,None,None,67628000,301162000,1122000,None,9000000,USD,None,1305000,-15062000,9783000,19261000,5815000,-37000,None,-1346000,-281000,8966000,1117000,7599000,0,-13409000,932000,1391000,1583000,29285000,2773000,None,-281000,17.51,10.24
17,2016-03-31,USD,110618000,49859000,53362000,57256000,-2363000,-1807000,0,0,-3131000,0,46387000,None,-2363000,8736000,565000,None,None,None,0,-5264000,0,-1324000,0,0,-1807000,-1807000,None,USD,287841000,0,None,10974000,203291000,84550000,0,76560000,121000,64064000,9245000,0,1350000,1403000,66181000,29378000,None,None,205234000,81257000,None,84550000,0,68423000,88903000,457000,88768000,0,0,121000,0,64064000,-47078000,None,1350000,None,206584000,None,None,8585000,8585000,None,None,None,67443000,287841000,1403000,-136894000,9000000,USD,None,-376000,693000,2913000,1744000,-5807000,-56000,None,-1807000,1316000,6430000,56000,7272000,0,-7495000,-581000,0,1033000,2220000,-4164000,None,1316000,18.84,17.51
18,2015-12-31,USD,117984000,53201000,56704000,61280000,8737000,4766000,0,0,8079000,0,42879000,None,8737000,9970000,565000,None,None,None,0,352000,0,3313000,1075000,0,4766000,4766000,None,USD,286456000,0,None,12855000,192679000,93777000,701000,8585000,119000,65871000,9286000,0,1405000,87000,56205000,12190000,101435000,None,206784000,78267000,None,93777000,0,64577000,89245000,748000,81958000,0,0,119000,0,65871000,-39583000,None,1405000,None,208189000,None,89245000,None,89946000,None,None,None,67370000,286456000,87000,None,10000000,USD,7975000,-16916000,-13624000,7562000,23586000,10240000,-116000,940000,3937000,-2045000,1339000,727000,7529000,0,-13230000,-723000,11540000,9322000,21186000,-2537000,None,-2045000,17.45,18.84
19,2015-09-30,USD,123490000,57196000,61406000,62084000,5459000,2727000,0,0,4888000,0,48609000,None,5459000,5694000,493000,None,None,None,0,2893000,0,2161000,0,0,2727000,2727000,None,USD,286104000,0,None,15226000,183209000,102895000,0,7346000,119000,61934000,7346000,0,1470000,2132000,75086000,7231000,None,None,196952000,87682000,None,102895000,0,68898000,66764000,1426000,101868000,0,0,119000,0,61934000,-26353000,None,1470000,None,198422000,None,66764000,None,66764000,None,None,None,67195000,286104000,2132000,-138897000,10000000,USD,7975000,6123000,-1116000,15266000,-12136000,-16663000,175000,None,3556000,1428000,19207000,-642000,9003000,0,-4702000,1630000,14077000,-6950000,24357000,6487000,None,1428000,17.23,17.45
