,fiscalDateEnding,reportedCurrency_x,totalRevenue,totalOperatingExpense,costOfRevenue,grossProfit,ebit,netIncome_x,researchAndDevelopment,effectOfAccountingCharges,incomeBeforeTax,minorityInterest,sellingGeneralAdministrative,otherNonOperatingIncome,operatingIncome,otherOperatingExpense,interestExpense,taxProvision,interestIncome,netInterestIncome,extraordinaryItems,nonRecurring,otherItems,incomeTaxExpense,totalOtherIncomeExpense,discontinuedOperations,netIncomeFromContinuingOperations,netIncomeApplicableToCommonShares,preferredStockAndOtherAdjustments,reportedCurrency_y,totalAssets,intangibleAssets,earningAssets,otherCurrentAssets,totalLiabilities,totalShareholderEquity,deferredLongTermLiabilities,otherCurrentLiabilities,commonStock,retainedEarnings,otherLiabilities,goodwill,otherAssets,cash,totalCurrentLiabilities,shortTermDebt,currentLongTermDebt,otherShareholderEquity,propertyPlantEquipment,totalCurrentAssets,longTermInvestments,netTangibleAssets,shortTermInvestments,netReceivables,longTermDebt,inventory,accountsPayable,totalPermanentEquity,additionalPaidInCapital,commonStockTotalEquity,preferredStockTotalEquity,retainedEarningsTotalEquity,treasuryStock,accumulatedAmortization,otherNonCurrrentAssets,deferredLongTermAssetCharges,totalNonCurrentAssets,capitalLeaseObligations,totalLongTermDebt,otherNonCurrentLiabilities,totalNonCurrentLiabilities,negativeGoodwill,warrants,preferredStockRedeemable,capitalSurplus,liabilitiesAndShareholderEquity,cashAndShortTermInvestments,accumulatedDepreciation,commonStockSharesOutstanding,reportedCurrency,investments,changeInLiabilities,cashflowFromInvestment,otherCashflowFromInvestment,netBorrowings,cashflowFromFinancing,otherCashflowFromFinancing,changeInOperatingActivities,netIncome_y,changeInCash,operatingCashflow,otherOperatingCashflow,depreciation,dividendPayout,stockSaleAndPurchase,changeInInventory,changeInAccountReceivables,changeInNetIncome,capitalExpenditures,changeInReceivables,changeInExchangeRate,changeInCashAndCashEquivalents,clossingVal,nextClossingVal
0,2020-06-30,USD,52479000,5397000,50542000,1937000,-3463000,-3331000,None,None,-4270000,None,5397000,-3000,-3460000,None,807000,-939000,None,-807000,None,None,None,-939000,-3000,None,-3331000,-3331000,None,USD,347781000,None,None,6446000,108372000,239409000,9546000,752000,9000,145745000,12796000,None,152000,263000,39414000,16689000,16689000,64000,172059000,174970000,None,239409000,None,33189000,55794000,135072000,21973000,None,None,9000,None,145745000,-2311000,None,752000,None,172811000,None,55794000,3618000,68958000,None,None,None,95902000,347781000,263000,None,None,USD,-3182000,-10492000,-3182000,None,-14229000,-4143000,10000000,3824000,-3331000,30000,7355000,2117000,4964000,None,86000,11267000,3425000,-595000,3182000,3425000,None,30000,8.6,
1,2020-03-31,USD,58494000,5908000,53585000,4909000,-982000,-1411000,None,None,-1934000,None,5908000,17000,-999000,None,952000,-523000,-952000,-952000,None,None,None,-523000,17000,None,-1411000,-1411000,None,USD,367255000,None,None,8877000,124899000,242356000,10472000,799000,9000,149076000,13763000,None,158000,233000,51671000,17203000,17203000,89000,173994000,192503000,None,242356000,None,36614000,59075000,146779000,33669000,None,None,9000,None,149076000,-2311000,None,758000,None,174752000,None,59075000,3681000,73228000,None,None,None,95493000,367255000,233000,None,9000000,USD,-4042000,-9841000,-4042000,None,11877000,11877000,None,-1211000,-1411000,63000,-7772000,-524000,5025000,None,None,12000,-1019000,-14000,4042000,-1019000,None,63000,7.71,8.6
2,2019-12-31,USD,55171000,5252000,49317000,5854000,655000,200000,None,None,-357000,None,5252000,53000,602000,None,1012000,-557000,-1012000,-1012000,None,None,None,-557000,53000,None,200000,200000,None,USD,368399000,None,None,8300000,125263000,243136000,10962000,830000,9000,150487000,14293000,None,271000,170000,50125000,3934000,3427000,-31000,176061000,191467000,None,243136000,None,35595000,59892000,147402000,45361000,None,None,9000,None,150487000,-2311000,None,871000,None,176932000,1026000,60411000,3765000,75138000,None,None,None,94982000,368399000,170000,None,9000000,USD,-4046000,9075000,-4046000,None,-1796000,-1652000,None,-1576000,200000,-1034000,4664000,-2195000,4898000,None,144000,-7337000,827000,-804000,30662000,827000,None,-1034000,14.9,7.71
3,2019-09-30,USD,56568000,4525000,51260000,5308000,1235000,767000,None,None,190000,None,4525000,452000,783000,None,1045000,-577000,-1045000,-1045000,None,None,None,-577000,452000,None,767000,767000,None,USD,361018000,None,None,5756000,118360000,242658000,12097000,912000,9000,150287000,14933000,None,302000,1204000,40825000,3929000,3929000,125000,175962000,184054000,None,242658000,None,36422000,62155000,140672000,35984000,None,None,9000,None,150287000,-2311000,None,1002000,None,176964000,None,62155000,3283000,77535000,None,None,None,94548000,361018000,1204000,None,9000000,USD,-3912000,-2550000,-3912000,None,-2134000,-2134000,None,-1082000,767000,546000,6592000,-200000,4813000,None,327000,-1134000,4595000,301000,3912000,4595000,None,546000,15.6,14.9
4,2019-06-30,USD,70997000,5604000,61891000,9106000,3492000,2086000,None,None,2470000,None,5604000,-10000,3502000,None,1022000,384000,-1022000,-1022000,None,None,None,384000,-10000,None,2086000,2086000,None,USD,364043000,None,None,5351000,122531000,241512000,12112000,927000,9000,149520000,14947000,None,706000,228000,42856000,3924000,3924000,67000,175938000,186699000,None,241512000,None,41017000,64237000,140103000,38005000,None,None,9000,None,149520000,-2311000,None,1406000,None,177344000,None,64237000,3326000,79675000,None,None,None,94227000,364043000,228000,None,9000000,USD,-3839000,-5651000,-3839000,None,1386000,1672000,None,1347000,2086000,9000,2176000,184000,4776000,None,286000,6468000,-6396000,709000,14953000,-6396000,None,9000,16.0,15.6
5,2019-03-31,USD,60271000,4966000,52901000,7370000,2383000,1222000,None,None,1470000,None,4966000,-21000,2404000,None,913000,248000,-913000,-913000,None,None,None,248000,-21000,None,1222000,1222000,None,USD,365630000,None,None,5646000,126863000,238767000,11697000,996000,9000,147434000,14532000,None,430000,237000,50259000,3916000,3916000,-87000,176768000,187632000,None,238767000,None,34621000,60628000,147128000,45347000,None,None,9000,None,147434000,-2290000,None,1230000,None,177998000,None,61527000,3380000,76604000,None,None,None,93701000,365630000,237000,None,9000000,USD,-5557000,-5692000,-5557000,None,19915000,19956000,None,-8109000,1222000,-3442000,-17841000,-3719000,4646000,None,41000,-12962000,-2003000,667000,5557000,-2003000,None,-3442000,16.57,16.0
6,2018-12-31,USD,57063000,5559000,50639000,6424000,1004000,583000,0,0,142000,0,5559000,139000,865000,0,862000,None,None,None,0,0,0,-441000,-723000,0,583000,583000,None,USD,353320000,None,None,3756000,116309000,237011000,11481000,2929000,9000,146191000,14316000,None,668000,3696000,59154000,3907000,3429000,1000,177844000,174808000,None,237011000,None,32618000,41815000,134738000,52318000,None,None,9000,None,146191000,-2290000,None,668000,None,178512000,None,42839000,2835000,57155000,None,None,None,93100000,353320000,3696000,None,8000000,USD,None,10317000,-2167000,10000,-15842000,-15811000,-4000,2796000,583000,-2100000,15878000,1526000,4458000,None,31000,-12483000,11567000,-90000,2177000,11567000,None,-2100000,16.21,16.57
7,2018-09-30,USD,69056000,5131000,58631000,10425000,5342000,3916000,0,0,4376000,0,5131000,48000,5294000,0,966000,None,None,None,0,0,0,460000,-918000,0,3916000,3916000,None,USD,351252000,0,None,3068000,115158000,236094000,11964000,1171000,9000,145608000,12004000,0,6681000,33000,41791000,3896000,3429000,20000,174446000,170125000,None,236094000,0,44185000,60212000,122839000,36724000,0,0,9000,0,145608000,-2290000,None,6681000,None,181127000,None,58563000,2840000,73367000,None,None,None,92747000,351252000,33000,None,9000000,USD,None,-3910000,-6564000,0,5270000,5835000,-269000,1744000,3916000,-205000,524000,1040000,4847000,0,834000,2194000,-8373000,810000,6564000,-8373000,None,-205000,25.51,16.21
8,2018-06-30,USD,66071000,5849000,54376000,11695000,6445000,4038000,0,0,5177000,0,5849000,599000,5846000,0,1268000,None,None,None,0,0,0,1139000,-669000,0,4038000,4038000,None,USD,345738000,0,None,4165000,114498000,231240000,11520000,1233000,9000,141692000,11520000,0,6656000,263000,49751000,6742000,6285000,15000,173227000,165855000,None,231240000,0,35812000,51954000,125615000,41776000,0,0,9000,0,141692000,-2290000,None,6656000,None,179883000,None,50386000,2841000,64747000,None,None,None,91814000,345738000,263000,None,8000000,USD,None,10698000,-4162000,0,-42845000,-10559000,32286000,2361000,4038000,-2162000,12559000,-29000,4857000,0,0,-6252000,-2218000,1465000,4162000,-2218000,None,-2162000,23.67,25.51
9,2018-03-31,USD,63737000,5207000,54465000,9272000,4108000,2125000,0,0,2902000,0,5207000,43000,4065000,0,1206000,None,None,None,0,0,0,777000,-1163000,0,2125000,2125000,None,USD,340553000,0,None,4047000,146330000,194223000,10361000,1177000,8000,137655000,15000,0,8854000,228000,39767000,6718000,6286000,-151000,173870000,157829000,None,194223000,0,33593000,96187000,119961000,31872000,0,0,8000,0,137655000,-2290000,None,8854000,None,182724000,None,93187000,3015000,106563000,None,None,None,59001000,340553000,228000,None,7000000,USD,None,-8193000,-2485000,0,20126000,23190000,3064000,-203000,2125000,8351000,-12354000,296000,4756000,0,0,-3832000,-8604000,1098000,2485000,-8604000,None,8351000,27.5,23.67
10,2017-12-31,USD,50274000,5121000,44115000,6159000,1044000,7860000,0,0,-24000,0,5121000,6000,1038000,0,1068000,None,None,None,0,0,0,-7884000,-4228000,0,7860000,7860000,None,USD,321231000,0,None,4404000,129563000,191668000,9605000,1268000,8000,135529000,4000,0,523000,207000,44948000,4707000,4285000,-93000,174444000,146264000,None,191668000,0,24990000,75006000,116663000,38973000,0,0,8000,0,135529000,-2290000,None,523000,None,174967000,None,75006000,4000,84615000,None,None,None,58514000,321231000,207000,None,7000000,USD,None,4914000,-3227000,70000,2467000,2916000,-1109000,-539000,7860000,-72000,239000,-412000,4791000,0,449000,-10685000,-5567000,-7784000,3297000,1555000,None,-72000,21.42,27.5
11,2017-09-30,USD,50887000,4448000,45423000,5464000,1039000,-259000,0,0,-83000,0,4448000,23000,1016000,0,1122000,None,None,None,0,0,0,176000,0,0,-259000,-259000,None,USD,312975000,0,None,4160000,129798000,183177000,17065000,1162000,8000,127671000,12000,0,64000,279000,40319000,4684000,4286000,-78000,175405000,137506000,None,183177000,0,26538000,72402000,106529000,34473000,0,0,8000,0,127671000,-2290000,None,64000,None,175469000,None,72402000,12000,89479000,None,None,None,57866000,312975000,279000,None,7000000,USD,None,1391000,-1631000,0,-666000,-666000,-351000,-19000,-259000,182000,2479000,353000,4667000,0,104000,-6895000,7122000,730000,1631000,2492000,None,182000,20.85,21.42
12,2017-06-30,USD,52607000,4499000,45441000,7166000,2681000,1228000,0,0,1597000,0,4499000,14000,2667000,0,1084000,None,None,None,0,0,0,369000,0,0,1228000,1228000,None,USD,310976000,0,None,4237000,127890000,183086000,16757000,1051000,8000,127930000,12000,0,64000,97000,38108000,4675000,77688000,-32000,177408000,133504000,None,183086000,0,29030000,73013000,100140000,32382000,0,0,8000,0,127930000,-2290000,None,64000,None,177472000,None,73013000,12000,89782000,None,None,None,57470000,310976000,97000,None,7000000,USD,None,138000,-1655000,0,3055000,3159000,-351000,859000,1228000,-117000,-1621000,38000,4648000,0,104000,-5299000,9614000,717000,1655000,-3091000,None,-117000,19.5,20.85
13,2017-03-31,USD,48875000,4729000,44630000,4245000,-478000,-1219000,0,0,-1481000,0,4729000,6000,-484000,0,1003000,None,None,None,0,0,0,-262000,0,0,-1219000,-1219000,None,USD,305049000,0,None,3709000,123707000,181342000,16495000,1151000,8000,126702000,12000,0,64000,214000,37355000,4654000,4654000,-10000,179754000,125231000,None,181342000,0,25960000,69845000,95348000,31550000,0,0,8000,0,126702000,-2290000,None,64000,None,179818000,None,69845000,12000,86352000,None,None,None,56932000,305049000,214000,None,7000000,USD,None,8084000,-1413000,0,1544000,1544000,None,-790000,-1219000,139000,8000,-790000,4717000,0,0,-4499000,6523000,238000,1413000,-6523000,None,139000,17.0,19.5
14,2016-12-31,USD,34159000,4549000,31060000,3099000,-1470000,-1585000,0,0,-2462000,0,4549000,-20000,-1450000,0,992000,None,None,None,0,0,0,-877000,-4904000,0,-1585000,-1585000,None,USD,296045000,0,None,2729000,114825000,181220000,17629000,898000,8000,127084000,12000,0,64000,75000,29186000,4579000,4579000,21000,182398000,113583000,None,181220000,0,19437000,67998000,91342000,23709000,0,0,8000,0,127084000,-2290000,None,64000,None,182462000,None,67998000,12000,85639000,None,None,None,56397000,296045000,75000,None,7000000,USD,None,1494000,-1257000,0,970000,1050000,-750000,525000,-1585000,-302000,-95000,-664000,4699000,0,80000,-5713000,-1754000,-406000,1257000,2080000,None,-302000,13.51,17.0
15,2016-09-30,USD,39651000,4504000,34917000,4734000,112000,-520000,0,0,-812000,0,4504000,-118000,230000,0,924000,None,None,None,0,0,0,-292000,0,0,-520000,-520000,None,USD,295271000,0,None,2220000,112512000,182759000,17980000,1150000,7000,128669000,30000,0,64000,377000,27529000,4571000,4571000,21000,185416000,109791000,None,182759000,0,21517000,66973000,85677000,21808000,0,0,7000,0,128669000,-2290000,None,64000,None,185480000,None,66973000,30000,84983000,None,None,None,56373000,295271000,377000,None,7000000,USD,None,-242000,-1383000,0,-118000,-47000,None,623000,-520000,309000,1739000,623000,4687000,0,71000,-1301000,3834000,-24000,1383000,-1484000,None,309000,10.5,13.51
16,2016-06-30,USD,41030000,4591000,36691000,4339000,-291000,-802000,0,0,-1239000,0,4591000,-39000,-252000,0,948000,None,None,None,0,0,0,-437000,0,0,-802000,-802000,None,USD,295765000,0,None,2585000,112846000,182919000,18301000,934000,7000,129189000,30000,0,84000,68000,27479000,4564000,4564000,21000,188246000,107435000,None,182919000,0,20033000,67036000,84749000,21981000,0,0,7000,0,129189000,-2290000,None,84000,None,188330000,None,67036000,30000,85367000,None,None,None,56013000,295765000,68000,None,7000000,USD,None,1889000,-918000,0,-5144000,-5144000,None,514000,-802000,-843000,5219000,514000,4641000,0,500000,-2793000,2350000,-118000,918000,1888000,None,-843000,10.9,10.5
17,2016-03-31,USD,39594000,3838000,38253000,1341000,-2550000,-2440000,0,0,-4360000,0,3838000,-53000,-2497000,0,1810000,None,None,None,0,0,0,-1920000,0,0,-2440000,-2440000,None,USD,299343000,0,None,3028000,115901000,183442000,18738000,914000,7000,129991000,29000,0,84000,911000,25009000,4556000,None,None,191057000,108202000,None,183442000,0,21921000,72125000,82342000,19539000,0,0,7000,0,129991000,-2290000,None,84000,None,191141000,None,72125000,29000,90892000,None,None,None,55734000,299343000,911000,None,7000000,USD,None,4702000,753000,1571000,-1997000,-1497000,None,None,-2440000,799000,1543000,-495000,4506000,0,500000,652000,4238000,-1144000,818000,-4238000,None,799000,10.19,10.9
18,2015-12-31,USD,31696000,4533000,32587000,-891000,-5183000,-3396000,0,0,-5893000,0,4533000,241000,-5424000,0,710000,None,None,None,0,20268000,0,-2497000,-23005000,0,-3396000,-3396000,None,USD,298555000,0,None,2584000,113578000,184977000,20666000,640000,7000,132431000,29000,0,1298000,112000,18746000,3000000,3000000,21000,193505000,103752000,None,184977000,0,17683000,74137000,83373000,15106000,0,0,7000,0,132431000,-2290000,None,1298000,None,194803000,None,74137000,29000,94832000,None,None,None,54829000,298555000,112000,None,7000000,USD,None,-2178000,-936000,218000,-6047000,-5980000,-584000,-2885000,-3396000,-294000,6622000,-343000,4499000,0,67000,4641000,11374000,-2097000,1154000,5496000,None,-294000,9.29,10.19
19,2015-09-30,USD,43371000,25486000,43781000,-410000,-25951000,-17045000,0,0,-26584000,0,5218000,-55000,-25896000,0,633000,None,None,None,0,20268000,0,-9539000,0,0,-17045000,-17045000,None,USD,317350000,0,None,2825000,129122000,188228000,28053000,1001000,7000,135827000,56000,0,912000,406000,21413000,3000000,None,None,196474000,119964000,None,188228000,0,28392000,79600000,88341000,17412000,0,0,7000,0,135827000,-2290000,None,912000,None,197386000,None,79600000,56000,107709000,None,None,None,54684000,317350000,406000,None,7000000,USD,None,-4949000,-2578000,0,-10111000,-10111000,None,None,-17045000,-14000,12675000,1252000,4928000,0,0,10277000,5878000,11211000,2578000,7001000,None,-14000,10.58,9.29
