,fiscalDateEnding,reportedCurrency_x,totalRevenue,totalOperatingExpense,costOfRevenue,grossProfit,ebit,netIncome_x,researchAndDevelopment,effectOfAccountingCharges,incomeBeforeTax,minorityInterest,sellingGeneralAdministrative,otherNonOperatingIncome,operatingIncome,otherOperatingExpense,interestExpense,taxProvision,interestIncome,netInterestIncome,extraordinaryItems,nonRecurring,otherItems,incomeTaxExpense,totalOtherIncomeExpense,discontinuedOperations,netIncomeFromContinuingOperations,netIncomeApplicableToCommonShares,preferredStockAndOtherAdjustments,reportedCurrency_y,totalAssets,intangibleAssets,earningAssets,otherCurrentAssets,totalLiabilities,totalShareholderEquity,deferredLongTermLiabilities,otherCurrentLiabilities,commonStock,retainedEarnings,otherLiabilities,goodwill,otherAssets,cash,totalCurrentLiabilities,shortTermDebt,currentLongTermDebt,otherShareholderEquity,propertyPlantEquipment,totalCurrentAssets,longTermInvestments,netTangibleAssets,shortTermInvestments,netReceivables,longTermDebt,inventory,accountsPayable,totalPermanentEquity,additionalPaidInCapital,commonStockTotalEquity,preferredStockTotalEquity,retainedEarningsTotalEquity,treasuryStock,accumulatedAmortization,otherNonCurrrentAssets,deferredLongTermAssetCharges,totalNonCurrentAssets,capitalLeaseObligations,totalLongTermDebt,otherNonCurrentLiabilities,totalNonCurrentLiabilities,negativeGoodwill,warrants,preferredStockRedeemable,capitalSurplus,liabilitiesAndShareholderEquity,cashAndShortTermInvestments,accumulatedDepreciation,commonStockSharesOutstanding,reportedCurrency,investments,changeInLiabilities,cashflowFromInvestment,otherCashflowFromInvestment,netBorrowings,cashflowFromFinancing,otherCashflowFromFinancing,changeInOperatingActivities,netIncome_y,changeInCash,operatingCashflow,otherOperatingCashflow,depreciation,dividendPayout,stockSaleAndPurchase,changeInInventory,changeInAccountReceivables,changeInNetIncome,capitalExpenditures,changeInReceivables,changeInExchangeRate,changeInCashAndCashEquivalents,clossingVal,nextClossingVal
0,2020-06-30,USD,7759000,None,None,None,None,2335000,None,None,3000000,None,2818000,None,None,4459000,1249000,665000,6193000,4944000,None,None,None,665000,None,None,2335000,2335000,None,USD,722646000,None,None,None,676029000,46617000,None,None,46617000,-14059000,5738000,None,667100000,11361000,None,None,None,483000,11823000,None,37785000,46617000,37785000,3508000,90496000,None,221000,None,None,None,None,None,None,None,None,None,None,None,None,None,None,None,None,None,None,None,None,None,None,USD,-165910000,0,-165910000,213000,40120000,151072000,110952000,-84000,2335000,-13024000,1814000,None,151000,None,None,None,-930000,334000,45000,None,None,None,30.88,
1,2020-03-31,USD,6087000,4950000,None,6087000,1137000,898000,None,None,1137000,None,4950000,None,1137000,510000,1257000,239000,5684000,4427000,None,None,None,239000,None,None,898000,898000,None,USD,570205000,None,80665000,None,526043000,44162000,None,468843000,5779000,-16394000,4490000,None,448737000,47978000,505057000,36000000,None,438000,11929000,50556000,488775000,44162000,39081000,2578000,14368000,None,214000,None,None,5779000,None,-16394000,None,None,18926000,None,519630000,None,14368000,6618000,20986000,None,None,None,54339000,570205000,47978000,None,1453759,USD,2150000,1317000,1788000,-320000,-5317000,27318000,32635000,1624000,898000,28011000,-1095000,-1789000,225000,None,None,None,19000,-1765000,42000,19000,None,28011000,25.2762,30.88
2,2019-12-31,USD,659000,4719000,None,659000,-4060000,1304000,None,None,1649000,None,4719000,None,-4060000,522000,1370000,345000,5897000,4527000,None,None,None,345000,-4000,None,1304000,1304000,None,USD,540313000,None,59659000,15833000,497399000,42914000,None,443208000,5779000,-17292000,4267000,None,443999000,19967000,472429000,29000000,13000000,142000,12036000,22564000,486532000,42914000,46937000,2597000,14359000,526000,221000,None,None,5779000,None,-17292000,None,None,19181000,None,517749000,None,14359000,10611000,24970000,None,None,None,54285000,540313000,19967000,None,1453009,USD,-7501000,-108000,-7933000,-340000,5317000,-20914000,-26231000,-1529000,1304000,-26491000,2356000,-1421000,242000,0,0,None,33000,2306000,92000,33000,None,-26491000,37.1129,25.2762
3,2019-09-30,USD,7078000,4888000,None,7078000,2190000,1727000,None,None,2190000,None,4888000,None,2190000,605000,1398000,463000,6010000,4612000,None,None,None,463000,-6000,None,1727000,1727000,None,USD,559929000,None,83729000,17669000,518413000,41516000,None,477439000,5779000,-18596000,4277000,None,436035000,46458000,498662000,21000000,None,65000,12097000,49088000,480934000,41516000,46031000,2630000,14351000,526000,223000,None,None,5779000,None,-18596000,None,None,17810000,None,510841000,None,14351000,5400000,19751000,None,None,None,54268000,559929000,46458000,None,1453009,USD,-5424000,337000,-4847000,425000,-10000000,21213000,21213000,493000,1727000,17706000,1340000,55000,32000,0,0,None,92000,-903000,152000,92000,None,17706000,34.39,37.1129
4,2019-06-30,USD,6500000,5683000,0,6500000,817000,637000,0,0,817000,0,5683000,0,817000,516000,1319000,180000,5871000,4552000,0,0,0,180000,-73000,0,637000,637000,0,USD,536534000,0,69644000,16318000,496855000,39679000,0,446226000,5779000,-20323000,3837000,0,434095000,28752000,477457000,31000000,0,-23000,12217000,74889000,430599000,39679000,43415000,2722000,14343000,526000,231000,0,0,5779000,0,-20323000,0,0,18829000,0,461645000,0,14343000,5055000,19398000,0,0,0,54246000,536534000,72167000,0,1444854,USD,-3144000,60000,-3670000,-425000,10000000,12826000,12826000,111000,637000,2846000,-6310000,51000,313000,0,0,0,7000,-7378000,101000,7000,0,2846000,32.95,34.39
5,2019-03-31,USD,11693000,4999000,0,11693000,6694000,809000,0,0,985000,0,4999000,0,6694000,489000,-1243000,176000,5709000,4466000,0,0,0,176000,-91000,0,809000,809000,0,USD,522274000,0,57781000,8484000,483961000,38313000,0,443400000,5720000,-20960000,3673000,0,537000,25906000,464641000,21000000,0,-424000,12371000,70470000,420738000,38313000,41835000,2729000,14335000,526000,241000,0,0,5720000,0,-20960000,0,0,18695000,0,451804000,0,14335000,4985000,19320000,0,732000,0,53245000,522274000,67741000,0,1438430,USD,-531000,1867000,-749000,-34000,10000000,4353000,4353000,715000,809000,6363000,2759000,-1152000,307000,0,0,0,-67000,995000,184000,-67000,0,6363000,32.6,32.95
6,2018-12-31,USD,22175000,4840000,0,22175000,17335000,856000,0,0,1044000,0,4840000,0,17335000,444000,-3142000,None,None,None,0,0,0,188000,-90000,0,856000,856000,0,USD,514866000,0,None,9344000,477733000,37133000,0,439047000,5707000,-21769000,3138000,0,428745000,19543000,460268000,21000000,0,-749000,12455000,66458000,418220000,37133000,44253000,2662000,14327000,526000,221000,0,0,5707000,0,-21769000,0,0,17733000,0,448408000,0,14327000,3138000,17465000,0,732000,0,53212000,514866000,63796000,0,1435283,USD,3207000,544000,2824000,-376000,8000,689000,681000,858000,856000,4143000,630000,314000,205000,-113000,-5027000,0,0,-1284000,7000,-5000,0,4143000,30.45,32.6
7,2018-09-30,USD,6228000,4820000,0,6228000,1408000,1128000,0,0,1408000,0,4820000,0,1408000,475000,0,None,None,None,0,0,0,280000,-103000,0,1128000,1128000,0,USD,512319000,0,None,7763000,476500000,35819000,0,436866000,5697000,-22625000,2619000,0,428614800,15400000,459562000,22500000,0,-1144000,12624000,64042000,417684000,35819000,45985000,2657000,14319000,548000,196000,0,0,5697000,0,-22625000,0,0,17969000,0,448277000,0,14319000,2619000,16938000,0,732000,0,53159000,512319000,61385000,0,1434123,USD,-11293000,-281000,-11155000,170000,-660000,5223000,5883000,-394000,1128000,-328000,5604000,-113000,208000,0,0,0,0,4875000,32000,-213000,0,-328000,33.4,30.45
8,2018-06-30,USD,5895000,5101000,0,5895000,794000,641000,0,0,794000,0,5101000,None,794000,580000,0,None,None,None,0,0,0,153000,-74000,0,641000,641000,None,USD,506352000,0,None,12160000,471558000,34794000,0,432983000,5683000,-23753000,2947000,0,416523800,15728000,453632000,20500000,0.02,-1022000,12772000,65309000,410034000,34794000,47137000,2444000,14311000,732000,149000,0,0,5683000,0,-23753000,0,None,18237000,None,441043000,None,14311000,3615000,17926000,None,732000,None,53154000,506352000,62865000,None,1433947,USD,-14944000,-31000,-14704000,290000,-2685000,17000000,19685000,-177000,641000,-548000,-2844000,-185000,211000,0,0,0,0,-3558000,50000,78000,None,-548000,33.75,33.4
9,2018-03-31,USD,10121000,4860000,766000,10121000,5261000,412000,0,0,484000,0,4860000,None,5261000,508000,-766000,None,None,None,0,0,0,72000,-8000,0,412000,299000,113000,USD,488819000,0,None,8504000,454589000,34230000,0,421498000,5682000,-24394000,2984000,0,400864300,16276000,433974000,12300000,12300000,-874000,12905000,67100000,390408000,34230000,48302000,2522000,14303000,1017000,176000,0,0,5682000,0,-24394000,0,None,18406000,None,421719000,None,14303000,6312000,20615000,None,732000,None,53084000,488819000,64578000,None,1434136,USD,-18024000,-241000,-17283000,849000,7316000,12050000,9874000,280000,412000,-1534000,3699000,560000,214000,-113000,-5027000,3704000,78000,2676000,108000,78000,None,-1534000,32.25,33.75
10,2017-12-31,USD,10329000,5523000,724000,10329000,4806000,-4021000,0,0,212000,0,5523000,None,4806000,2055000,-724000,None,None,None,0,231000,0,4233000,120000,0,-4021000,-4134000,113000,USD,476974000,0,None,11257000,437640000,39334000,0,411624000,5672000,-24693000,3368000,0,69568000,17810000,424017000,12300000,12300000,-452000,12982000,70121000,374216000,39314000,49711000,2600000,8764000,10445000,93000,0,0,5672000,20000,-24693000,0,None,19655000,None,406853000,None,8764000,4859000,13623000,None,732000,None,58055000,476974000,67521000,None,1430751,USD,-27022000,292000,-27117000,1621000,1584000,16163000,14920000,-344000,-4022000,-12900000,-1946000,4411000,219000,-341000,0,12152000,0,-2762000,95000,-84000,None,-12900000,30.65,32.25
11,2017-09-30,USD,10150000,5391000,688000,10150000,4759000,273000,0,0,379000,0,5391000,None,4759000,717000,-688000,None,None,None,0,231000,0,106000,0,0,273000,160000,113000,USD,464706000,0,None,8998000,421072000,43634000,0,407404000,5661000,-20631000,3304000,0,68214000,30710000,409146000,1600000,10364000,-176000,13077000,78060000,350076000,43614000,44834000,2516000,8764000,8270000,142000,0,0,5661000,20000,-20631000,0,None,23493000,None,386646000,None,8764000,3162000,11926000,None,732000,None,58028000,464706000,75544000,None,1430854,USD,-9078000,159000,-9537000,1621000,12284000,2013000,2013000,340000,273000,-1583000,5941000,-104000,207000,-2916000,0,13338000,0,5760000,459000,-354000,None,-1583000,33.95,30.65
12,2017-06-30,USD,9861000,5338000,670000,9861000,4523000,237000,0,0,331000,0,5338000,None,4523000,-1564000,-670000,None,None,None,0,-462000,0,94000,0,0,237000,123000,114000,USD,462255000,0,None,14031000,418787000,43468000,0,405391000,5643000,-20791000,3032000,0,66374000,32293000,407055000,1600000,10364000,-200000,12802000,77507000,348157000,43448000,43052000,2162000,8764000,13657000,64000,0,0,5643000,20000,-20791000,0,None,23789000,None,384748000,None,8764000,2968000,11732000,None,732000,None,58064000,462255000,75345000,None,1429346,USD,299000,-384000,0,1621000,-78000,10905000,10983000,-458000,238000,7424000,-3481000,-30000,205000,-2916000,0,6556000,112000,-3540000,299000,30000,None,7424000,31.7,33.95
13,2017-03-31,USD,9641000,4960000,639000,9641000,4681000,415000,0,0,549000,0,4960000,None,4681000,818000,-639000,None,None,None,0,231000,0,134000,0,0,415000,257000,158000,USD,451329000,0,None,10367000,408152000,43177000,0,388608000,5642000,-20915000,3302000,0,66888000,24869000,396081000,7400000,7478000,-268000,12686000,70545000,344537000,43157000,43484000,2192000,8764000,9683000,73000,0,0,5642000,20000,-20915000,0,None,23561000,None,380784000,None,8764000,3307000,12071000,None,732000,None,57966000,451329000,68353000,None,1429827,USD,-2479000,-606000,-971000,1621000,-3000,6724000,10331000,-186000,415000,13073000,7320000,-147000,206000,-2916000,-688000,8826000,82000,7370000,113000,82000,None,13073000,27.3,31.7
14,2016-12-31,USD,10371000,5571000,651000,10371000,4800000,520000,0,0,700000,0,5571000,None,4800000,3586000,-652000,None,None,None,0,220000,0,180000,-167000,0,520000,330000,190000,USD,444802000,0,None,17899000,401188000,43614000,0,383277000,5629000,-21172000,6666000,0,67310000,11796000,385747000,2400000,1600000,-241000,12758000,57964000,349171000,43591000,43894000,2274000,8764000,18551000,70000,0,0,5629000,23000,-21172000,0,None,24909000,None,386838000,None,8764000,6677000,15441000,None,732000,None,58643000,444802000,55690000,None,1428261,USD,-21179000,39000,-20364000,1027000,-134000,-1877000,-1743000,-1284000,520000,-19962000,2279000,49000,185000,-3257000,0,6019000,0,1406000,212000,80000,None,-19962000,26.7,27.3
15,2016-09-30,USD,10393000,5709000,660000,10393000,4684000,11932000,0,0,580000,0,5709000,None,4684000,0,-660000,None,None,None,0,0,0,-11352000,0,0,11932000,11746000,186000,USD,446291000,0,None,None,402836000,43455000,0,379220000,5618000,-21502000,6437000,0,50539000,31758000,387484000,8200000,None,-13000,12705000,60884000,346827000,43432000,26772000,2354000,8764000,20555000,64000,0,0,5618000,23000,-21502000,0,None,25875000,None,385407000,None,8764000,6588000,15352000,None,732000,None,58597000,446291000,58530000,None,1428996,USD,-16054000,-1672000,-16081000,282000,-101000,16495000,16596000,None,11932000,2797000,2383000,-8049000,222000,0,0,2910000,0,342000,309000,-392000,None,2797000,23.331,26.7
16,2016-06-30,USD,10102000,5556000,659000,10102000,4546000,659000,0,0,659000,0,5556000,None,4546000,0,-658000,None,None,None,0,0,0,0,0,0,659000,476000,183000,USD,419541000,0,None,None,387827000,31714000,0,367624000,5603000,-33248000,7923000,0,36746000,28961000,370904000,3200000,None,-19000,12590000,52082000,336462000,31691000,21159000,1962000,8764000,20946000,80000,0,0,5603000,23000,-33248000,0,None,18407000,None,367459000,None,8764000,8159000,16923000,None,732000,None,58623000,419541000,50120000,None,1425288,USD,378000,-577000,10206000,10101000,758000,-3502000,-4260000,None,659000,-1761000,-8465000,-1676000,240000,0,0,796000,98000,-7187000,273000,76000,None,-1761000,22.64,23.331
17,2016-03-31,USD,9353000,5053000,639000,9353000,4300000,402000,0,0,402000,0,5053000,None,4300000,0,-639000,None,None,None,0,0,0,0,0,0,402000,224000,178000,USD,422990000,0,None,None,391723000,31267000,0,369084000,5562000,-33724000,8317000,0,41275000,30722000,374175000,5000000,None,10000,13586000,59946000,319473000,31244000,27186000,2038000,8764000,27084000,91000,0,0,5562000,23000,-33724000,0,None,29985000,None,363044000,None,8764000,8784000,17548000,None,732000,None,58664000,422990000,57908000,None,1417775,USD,5121000,-1323000,5059000,56000,-950000,3286000,4236000,None,402000,13460000,5115000,339000,260000,0,0,6369000,22000,5415000,118000,22000,None,13460000,18.9101,22.64
18,2015-12-31,USD,15192000,7401000,-703000,15192000,7791000,96000,0,0,96000,0,7401000,None,7791000,3457000,-1441000,None,None,None,0,2649000,0,0,-1069000,0,96000,-78000,174000,USD,419941000,0,None,29064000,389582000,30359000,0,364848000,5562000,-33948000,9462000,0,51876000,17262000,372194000,6000000,3600000,-507000,13671000,57241000,318252000,30336000,37919000,2060000,8764000,33253000,1346000,0,0,5562000,23000,-33948000,0,None,30777000,None,362700000,None,8764000,8624000,17388000,None,732000,None,58497000,419941000,55181000,None,1417775,USD,-5162000,-461000,-3765000,1697000,170000,-4100000,-4191000,311000,96000,-8813000,-948000,569000,265000,-3257000,-79000,1617000,0,-1442000,300000,25000,None,-8813000,19.0,18.9101
19,2015-09-30,USD,10057000,5641000,703000,10057000,4416000,471000,0,0,471000,0,5641000,None,4416000,0,-703000,None,None,None,0,0,0,0,0,0,471000,301000,170000,USD,423650000,0,None,None,392994000,30656000,0,369039000,5561000,-33870000,8853000,0,53690000,26075000,376341000,6000000,None,-291000,13733000,67755000,308313000,30633000,39595000,2085000,8764000,34609000,1302000,0,0,5561000,23000,-33870000,0,None,33849000,None,355895000,None,8764000,7889000,16653000,None,732000,None,58501000,423650000,65670000,None,1417920,USD,1518000,924000,2033000,734000,-4319000,-5691000,-1372000,None,471000,6105000,9763000,-162000,278000,0,0,1941000,0,8296000,219000,-44000,None,6105000,20.19,19.0
